3050 4900
231 454 235 465 Ι
320 352 391 427 tea
469 360 681 427 massam
710 359 906 440 ussronrs
929 356 1238 425 acessslssucs

215 531 457 611 nonobstante
474 530 532 593 sibi
551 540 720 608 statuerat,
749 540 815 593 um
835 528 953 593 scilieet
970 549 1024 593 cos
1045 530 1101 627 spui
1124 526 1163 591 ad
1183 550 1278 591 eoa·
1298 524 1333 591 et
1351 550 1407 591 oe-

316 637 418 679 casum
438 637 532 699 quam
553 615 622 675 illos
644 616 699 699 qui
721 614 761 677 sd
782 623 906 677 aretum
931 622 964 676 ct
983 611 1148 677 meridiem
1166 612 1408 677 commoraban-

315 710 378 771 tur,
402 698 441 759 ab
467 700 522 759 ista
545 697 718 760 detestabili
737 704 829 779 gente
844 696 941 759 bresit
959 706 1134 779 superatus.
1178 716 1289 761 verum
1309 696 1408 778 impe-

315 794 406 845 rator
438 782 482 842 ite
503 782 635 864 quidem*
661 790 692 844 et
718 780 920 861 providentia
951 780 1001 843 dei
1022 780 1084 843 hoc
1104 779 1286 843 Christianis
1306 782 1408 841 couti.

312 868 389 949 gissa
411 866 556 943 credens,
582 866 757 948 evangelice
784 873 921 929 tractans
947 884 1055 946 pacem
1078 864 1160 939 lecit,
1181 871 1215 927 ct
1232 864 1294 925 fuit
1314 884 1409 946 nsque

314 950 353 1011 ad
376 950 498 1012 obitum
525 969 615 1009 sumn
648 949 770 1031 quietus
791 970 810 1011 e
831 948 949 1010 cunctis
969 946 1121 1023 hostibus,
1137 944 1276 1013 studium
1294 944 1409 1007 hebens

312 1033 520 1115 praecipuum
545 1032 671 1093 uniendi
703 1034 859 1093 universas
886 1028 1096 1095 ecclesiastici
1117 1052 1199 1113 qnae
1221 1030 1338 1113 ubique
1359 1028 1409 1091 di.

313 1118 396 1179 visae
415 1116 540 1179 suerent
570 1137 588 1177 a
617 1115 814 1197 temporibus
838 1114 975 1177 Heraclii
1001 1113 1152 1196 principis
1175 1114 1287 1195 proavi
1307 1113 1355 1175 sni
1378 1121 1412 1175 et

207 1224 213 1239 ‘
314 1201 415 1283 Sergii
435 1199 538 1260 vesani
560 1220 598 1261 ao
617 1196 750 1283 Pyrrhi,
771 1198 826 1281 qni
854 1196 980 1282 indigne
1000 1198 1118 1259 tbrono
1140 1195 1410 1279 Constantinopo-

315 1286 379 1345 leos
397 1285 611 1365 praefuerunt,
630 1304 724 1343 unam
747 1282 941 1344 voluntatem
960 1292 994 1345 et
1021 1302 1115 1343 uuam
1139 1280 1356 1361 operationem
1378 1280 1410 1343 iu

313 1368 442 1429 domino
475 1366 535 1429 deo
563 1388 600 1427 ec
627 1365 781 1427 salvatore
804 1372 915 1427 nostro
935 1364 1220 1447 dogmatizantium.
1273 1384 1411 1447 quorum

312 1473 448 1533 nequam
470 1449 652 1532 opinionon
674 1450 857 1513 subvertere
871 1456 1011 1532 satagens
1032 1448 1114 1511 idem
1138 1446 1410 1509 christianissimus

313 1534 488 1616 imperator
503 1534 640 1595 concilio
657 1531 1138 1614 universaliConstaatinopolim
1158 1540 1333 1593 convocato
1349 1528 1410 1593 289

315 1620 555 1701 cpiscoporum,
581 1626 642 1677 tam
663 1616 808 1698 dogmata
837 1636 918 1712 quse
941 1618 973 1677 iu
994 1612 1250 1678 antecedentibus
1271 1612 1412 1698 quinque

313 1702 426 1764 salictis
457 1710 490 1762 et
510 1699 734 1761 universalibus
764 1698 902 1761 oeucaliis
920 1699 1046 1761 mereat
1068 1698 1253 1761 confirmata
1274 1698 1411 1759 roboru-

313 1786 368 1860 vit,
391 1804 546 1867 quamque
566 1784 654 1865 pium
670 1782 805 1845 duarum
825 1782 1024 1846 voluntatum
1037 1790 1070 1845 et
1088 1781 1311 1864 operationum
1331 1799 1409 1861 pro-

312 1866 446 1949 mulgari
467 1866 580 1949 dogma
601 1864 740 1927 decrevit
757 1886 817 1947 per
836 1866 966 1931 eandem
978 1874 1116 1929 ancum
1135 1872 1169 1929 et
1185 1864 1412 1927 subtilissimam

312 1949 494 2012 universalis
524 1949 650 2012 concilii
677 1950 854 2032 synodum
876 1950 927 2011 cui
955 1956 1124 2033 praeerant
1142 1958 1207 2011 um
1228 1948 1295 2028 ipae
1313 1946 1412 2029 piissi-

314 2055 382 2095 mus
404 2033 576 2115 imperator
596 2033 817 2096 Constantinus
846 2054 940 2117 qnam
957 2034 1003 2115 pii
1029 2032 1187 2115 principes
1203 2029 1412 2093 sacerdotum.
1437 2096 1445 2109 ,

314 2138 417 2200 porro
437 2135 497 2261 per
528 2115 609 2181 idem
642 2124 762 2199 tempus
784 2114 861 2178 said
888 2118 995 2199 coepit
1014 2137 1078 2179 essa
1098 2115 1237 2179 Arabum
1256 2114 1413 2199 princeps,

285 2274 287 2281 Ι
315 2201 371 2284 qui
394 2200 435 2261 tri
460 2220 494 2259 us
512 2198 559 2263 bis
583 2201 721 2283 praefuit
746 2198 843 2265 aunis.

221 2350 249 2405 p·
258 2334 309 2390 551
401 2320 490 2378 Anno
512 2316 635 2399 imperii
662 2314 858 2379 Constantini
887 2314 1074 2378 duodecimo
1096 2314 1225 2377 collecta
1246 2320 1292 2376 est
1308 2321 1414 2375 sancta

319 2410 350 2463 et
384 2400 562 2464 universalis
594 2408 677 2464 sexta
713 2399 850 2484 synodus
888 2400 1161 2481 Constantinopoli
1204 2396 1415 2460 ducentorum

318 2483 497 2568 octuaginta
519 2505 631 2547 novem
650 2493 830 2548 sanctorum
849 2497 986 2570 patrum,
1014 2483 1237 2568 praeceptione
1256 2482 1302 2566 pii
1321 2482 1440 2572 prin-x

318 2569 393 2652 cipis
417 2568 621 2632 Constantini.

402 2692 511 2756 Mundi
533 2711 615 2756 enno
627 2690 720 2772 6173,
741 2693 865 2756 divinae
888 2691 1113 2756 incarnationis
1132 2711 1215 2754 auno
1237 2687 1311 2769 673,
1331 2712 1415 2756 anno

319 2798 396 2838 vero
422 2776 546 2858 imperii
572 2777 623 2874 sui·
643 2775 698 2854 13,
727 2776 1086 2873 repulit‘Constantious
1115 2775 1156 2838 ab
1186 2775 1321 2873 imperio
1351 2776 1418 2871 fra-

319 2858 680 3004 iiiiowsiioiiiidchm
699 2867 732 2922 et
751 2859 926 2938 Tiberium,
946 2869 980 2926 et
999 2861 1080 2928 solus
1101 2869 1245 2944 rfflnavst
1264 2881 1339 2922 cuns
1357 2859 1418 2922 '11-

405 3068 493 3129 Anno
519 3066 644 3148 imperii
666 3067 861 3130 Constantini
886 3067 926 3130 ll
944 3068 1091 3130 Mncbtar
1111 3066 1243 3129 mendax
1265 3064 1341 3127 dum
1362 3073 1417 3150 ty.

322 3150 484 3212 rannidem
506 3151 708 3230 exercuisset,
737 3152 876 3214 obtinuit
894 3151 1062 3214 Persidem.
1108 3153 1240 3215 vocabat
1261 3156 1365 3212 autem
1383 3171 1418 3214 se

320 3233 419 3318 ipsum
441 3233 639 3318 prophetam,
664 3243 697 3298 et
714 3235 895 3298 conturbati
911 3245 983 3298 sunt
1004 3232 1133 3298 Arabes.

403 3361 492 3422 Anno
517 3359 641 3442 imperii
661 3360 858 3424 Constantini
873 3361 911 3424 15
935 3361 1073 3424 Δῑὼιιω
1096 3361 1240 3442 princeps
1261 3355 1415 3420 maruhan

320 3463 404 3504 anuo
432 3459 495 3504 nno
526 3445 700 3522 praelectus
726 3454 794 3523 est,
822 3445 978 3529 siqnidem
1013 3445 1162 3507 defuncto
1191 3440 1267 3505 said
1294 3439 1417 3502 turbati

321 3527 437 3588 Arabes
458 3525 600 3590 Aethribi
621 3529 871 3606 insurrexerunt,
893 3529 1117 3592 constituentes
1138 3525 1248 3589 ducem
1268 3523 1326 3586 sibi
1347 3525 1417 3585 Ab·

320 3607 421 3672 delam
443 3607 596 3691 quendam
617 3611 714 3674 lilium
727 3614 844 3688 Zebor,
869 3623 901 3676 et
920 3605 1104 3697 congregati
1124 3609 1294 3675 Phoenices
1314 3615 1347 3669 et
1356 3608 1419 3668 Pa-

320 3691 441 3754 laestini
461 3693 646 3756 Damascum
666 3696 813 3778 veniunt,
841 3695 895 3758 sed
917 3706 951 3759 et
974 3714 1072 3778 nsque
1097 3692 1262 3758 Gabitham
1284 3701 1317 3754 et
1336 3692 1418 3752 Asan

321 3775 461 3840 Amisum
481 3775 690 3855 Palaestinae,
722 3779 863 3863 dentque
893 3801 1002 3840 manus
1033 3777 1174 3843 dexteras
1196 3775 1363 3840 Marsubau
1385 3781 1421 3836 et

321 3859 434 3922 sbtnnt
451 3881 523 3922 eum
536 3859 659 3937 ducem,
678 3862 732 3946 qui
754 3863 870 3925 amirae
891 3861 1158 3924 administratione
1172 3860 1313 3942 fungitur
1325 3879 1420 3920 meo·-

321 3943 404 4004 sibus
427 3963 551 4006 novem.
611 3965 675 4028 qno
709 3955 838 4008 mortuo
861 3945 1040 4010 Abimelecb
1071 3945 1151 4006 iilius
1174 3945 1267 4026 ipsius
1288 3941 1421 4024 suscipit

226 4026 544 4109 panoprincipstum,
568 4047 640 4090 cum
660 4029 772 4092 amiras
792 4031 896 4094 suiset
916 4030 1002 4092 annis
1021 4029 1060 4092 91
1083 4039 1178 4112 atque
1199 4025 1341 4103 dimidio,
1358 4046 1420 4108 ag-

322 4109 720 4258 ⁸i⁰di¹⁰¹qif0iffr⁸⁰n⁰⁵'
746 4121 780 4180 et
807 4113 964 4180 interiecit
989 4104 1152 4178 Abdellsm
1179 4111 1278 4176 filium
1299 4110 1419 4187 zuber,

324 4213 383 4255 11θῦ
402 4215 465 4256 non
580 4217 661 4260 cums
