3050 4900
561 307 613 371 Ex
642 307 900 372 renormat.
1235 304 1284 377 93

196 483 378 546 renuntiare
398 479 554 562 imperio,
577 489 609 542 et
640 491 673 542 to
695 500 901 562 promovere,
932 485 969 542 ut
985 479 1102 564 uhlqno
1121 482 1285 544 ooutlrmes

195 569 310 650 dogma
340 564 604 626 Manichaeorum.
664 565 718 647 qui
743 563 923 645 repromisit
950 562 1013 624 hoo
1046 567 1159 642 t'acerc,
1180 565 1205 626 si
1224 567 1285 626 im.

195 659 344 734 parasset.
398 669 469 708 cum
491 657 594 708 nutem
615 645 692 708 haec
713 649 850 709 Cahades
879 649 1081 728 cognovisset,
1102 649 1188 710 iussit
1209 671 1285 710 con-

194 743 323 796 ventum
345 731 413 796 fieri
435 732 521 814 quasi
546 733 683 791 secturus
701 730 800 792 lilium
818 751 907 792 suum
923 730 1131 795 Pthasuarsan
1149 735 1285 816 imera-

193 826 308 889 torem,
332 827 364 878 et
385 835 490 876 omues
512 815 619 876 iubens
634 813 830 876 Manichaeos
846 837 908 875 una
925 835 997 873 cum
1010 816 1157 898 episcopo
1172 838 1283 880 eorum

192 909 226 963 et
247 900 428 962 mulieribus
448 909 480 959 et
501 897 605 958 liberis
627 897 729 958 adesse
742 899 921 974 couventui,
945 898 1086 960 similiter
1109 910 1142 961 et
1161 901 1283 984 princi.

192 1005 267 1066 pem
290 1003 452 1064 magorum
475 980 632 1042 Glonaueu
653 989 685 1042 et
704 1002 819 1062 magos,
840 990 873 1044 et
892 980 1140 1044 Christianorum
1161 985 1301 1066 episco-v

193 1089 270 1150 pum
290 1063 627 1142 Boaaanen‚·dilectum
644 1063 798 1126 aCabade
813 1074 926 1147 utpote
946 1066 1100 1126 medicum
1119 1067 1282 1150 optimum.

192 1159 226 1213 et
247 1151 426 1212 convocatis
449 1147 634 1209 Manichaeis
658 1148 702 1208 ait
725 1147 865 1230 “gaudeo
884 1168 979 1230 super
1000 1149 1145 1232 dogmate
1164 1161 1283 1228 vestro,

193 1242 228 1295 et
247 1233 321 1294 volo
336 1234 422 1311 dare,
445 1229 519 1292 dum
540 1231 622 1306 vivo,
640 1230 738 1291 lilium
754 1253 859 1292 meum
872 1233 1076 1294 Pthasuarsau
1099 1243 1131 1295 ct
1150 1254 1284 1296 conscu-

192 1325 320 1378 tnneum
339 1325 487 1379 vestrum.
518 1313 570 1376 sed
590 1321 745 1396 segregate
767 1323 887 1376 vosmet
906 1316 989 1398 ips'os
1009 1314 1049 1376 ad
1070 1317 1283 1400 recipiendum

193 1404 297 1462 eum.''
341 1399 394 1484 qui
425 1398 499 1460 freti
528 1396 642 1458 fiducia
661 1409 757 1460 semet
786 1399 869 1481 ipsos
885 1410 1137 1480 segregaverunt.
1180 1401 1283 1462 Caba-

192 1483 244 1546 des
265 1493 369 1546 autem
389 1481 584 1566 praecipiens
618 1481 773 1544 exercitus
801 1498 873 1542 suos
894 1480 1027 1563 ingredi,
1048 1503 1153 1545 omnes
1173 1485 1283 1546 conci.

192 1566 239 1627 dit
258 1566 366 1649 gladiis
385 1587 457 1628 cum
472 1565 621 1647 episeopo
639 1586 759 1643 eorum,
780 1565 838 1628 sub
853 1573 1024 1650 conspectu
1042 1565 1195 1651 principis
1214 1589 1284 1630 ma-

192 1669 305 1733 gorum
326 1661 358 1712 et
380 1649 631 1712 Christianorum
651 1647 804 1710 antistitis.

274 1755 384 1819 Mundi
405 1778 488 1818 auno
511 1751 603 1833 6019,
626 1754 749 1818 divinae
769 1754 991 1817 incarnationis
1014 1773 1096 1819 auno
1118 1755 1190 1837 519,
1210 1759 1380 1828 cumr-265
1401 1761 1442 1832 st·

191 1847 416 1904 terraemotus
439 1837 523 1922 apud
546 1837 746 1904 Antiochiam
768 1839 872 1901 adhue
892 1849 1071 1920 teneretur,
1093 1841 1283 1925 Euphrasius

190 1924 355 2007 episcopus
376 1923 508 1985 obrutus
520 1931 565 1984 est
585 1931 721 1985 eterrae
738 1929 827 1982 motu
848 1931 879 1985 et
899 1933 1042 1986 mortuus
1064 1935 1119 2008 est,
1131 1938 1164 1989 et
1183 1928 1282 1990 omnis

189 2005 298 2070 domus
321 2015 353 2070 et
372 2007 500 2070 ecclesia
520 2005 645 2086 cecidit,
668 2015 701 2068 et
722 2005 905 2089 pulcritudo
926 2007 1059 2070 civitatis
1080 2011 1282 2076 exterminata

190 2099 256 2152 ests
284 2091 454 2154 nonenim
483 2091 564 2151 facta
588 2099 634 2152 est
663 2089 730 2152 talis
752 2088 898 2151 divinitus
918 2092 998 2153 ultio
1019 2091 1051 2154 in
1073 2093 1133 2155 alia
1152 2093 1282 2158 civitate

188 2193 247 2255 per
267 2193 371 2236 omnes
393 2176 615 2257 generationes.
658 2181 705 2234 ast
718 2172 870 2256 piissimus
886 2175 1062 2258 imperator
1081 2177 1213 2240 lustinus
1232 2178 1280 2240 his

189 2257 318 2340 cognitis
348 2258 519 2341 plurimum
538 2258 641 2318 auimo
663 2255 783 2333 doluit,
812 2255 859 2319 ita
879 2267 917 2320 ut
938 2258 1041 2320 ablato
1063 2259 1238 2324 diademate
1258 2283 1278 2324 a

188 2342 289 2423 eapite
308 2361 365 2402 suo
388 2351 420 2404 ct
438 2361 582 2423 purpura
604 2341 725 2424 lugeret
746 2341 779 2401 iu
797 2359 888 2402 saeco
905 2339 1012 2402 sedens
1034 2361 1094 2424 per
1107 2342 1173 2405 dies
1191 2345 1276 2406 mul..
1325 2335 1332 2348 ”

188 2433 245 2503 toa,
266 2424 345 2487 adeo
367 2423 455 2488 utin
478 2423 529 2487 die
548 2424 626 2485 ‘festo
649 2423 822 2507 procedens
851 2421 891 2485 ad
913 2423 1071 2486 ecelesiam
1091 2446 1154 2488 non
1172 2443 1277 2508 passus

186 2509 225 2571 sit
240 2518 371 2591 portare
402 2527 555 2569 coronam
586 2510 635 2569 vel
657 2505 859 2591 chlamydem.
910 2526 1013 2587 porro
1033 2529 1138 2571 meme
1159 2510 1276 2592 Aprilis

187 2590 321 2654 eiusdem
344 2590 471 2675 quintae
490 2590 667 2653 indictionis
683 2598 826 2673 aegrotus
848 2589 1022 2671 imperator
1043 2592 1175 2655 lustinus
1199 2594 1276 2656 effe-

186 2684 251 2735 ctus
274 2678 427 2757 provexit,
452 2672 526 2735 dum
545 2672 649 2737 adhuc
668 2675 798 2755 viveret,
821 2672 852 2734 iu
884 2672 1107 2755 imperatorem
1130 2675 1275 2739 Iustinia-

186 2780 259 2819 num
292 2767 440 2842 nepotem
458 2760 484 2835 *l
512 2778 619 2839 suum,
649 2757 757 2841 quiet
781 2756 990 2839 coimperavit
1016 2757 1046 2821 ei
1066 2759 1222 2823 mensibus
1240 2760 1272 2821 4.

184 2862 286 2903 mense
317 2851 420 2903 autem
448 2842 585 2923 Augusto
616 2840 752 2903 eiusdem
807 2839 914 2902 uintae
943 2840 1121 2905 indictionis
1141 2842 1273 2907 lustinus
1348 2884 1352 2892 ·

185 2926 272 2986 obiit.
323 2924 433 2987 eodem
461 2934 572 2985 autem·
595 2945 677 2985 anno
708 2864 864 3007 singtilarc
892 2923 1059 3007 imperium
1086 2926 1271 2989 Iustiniauus
1280 2952 1307 3006 p.
1319 2938 1408 2998 2677

183 3007 328 3069 obtinuit.
372 3028 426 3071 rex
446 3016 549 3069 autem
563 3006 764 3083 Helurorum,
784 3012 913 3069 Graetes
935 3010 1070 3087 nominc,
1093 3010 1133 3071 ad
1156 3011 1408 3098 Roma-p.253⁶

183 3112 236 3153 nos
258 3091 423 3168 confluxit,
443 3101 475 3154 et
495 3091 582 3154 renit
594 3090 897 3173 Constantinopolim
918 3110 990 3151 cum
1009 3091 1130 3174 populo
1150 3112 1218 3169 suo,
1238 3102 1272 3156 et

181 3174 272 3255 petiit
294 3176 518 3257 imperatorem
548 3194 612 3258 quo
645 3175 735 3235 lieret
759 3174 968 3247 Christianus;
997 3175 1052 3257 qui
1078 3175 1271 3257 baptizatum

181 3258 211 3316 in
235 3258 444 3341 'theophaniis
464 3258 599 3341 suscepit
619 3277 689 3321 cum
711 3278 746 3319 es
767 3258 973 3340 baptismate,
995 3260 1271 3340 repromittentem

181 3340 321 3402 auxiliari
343 3341 372 3403 ei
393 3342 424 3403 in
447 3342 684 3425 quibuscunque
703 3339 857 3419 voluisset.
900 3340 1011 3403 eodem
1031 3361 1113 3403 auno
1132 3340 1400 3429 adhaesitpwpa

179 3423 326 3485 Romanis
356 3424 469 3486 mulier
498 3424 651 3505 quaedam
683 3444 719 3485 ex
745 3424 883 3500 fluonia,
905 3424 959 3508 qui
989 3423 1140 3489 dicuntur
1158 3426 1268 3501 Sabor,

178 3504 333 3587 barbara,
354 3507 482 3569 nomine
500 3508 636 3585 Boaaer,
664 3505 778 3585 vidua,
808 3505 923 3570 hahens
948 3528 1053 3570 secum
1078 3508 1268 3571 Hunnorum

178 3591 263 3650 milia
285 3596 417 3653 centum.
459 3600 526 3651 tum
555 3602 587 3653 et
611 3611 665 3653 rex
686 3590 875 3652 Hunnorum
903 3591 959 3673 qui
990 3600 1064 3654 snat
1083 3592 1166 3653 iuxta
1187 3592 1267 3653 Bos-

177 3672 333 3755 phorum,
360 3675 487 3739 uomiae
507 3674 626 3755 Gorda,
647 3674 774 3737 accessit
796 3674 837 3738 ad
856 3674 1091 3758 imperatorem,
1113 3683 1147 3739 et
1164 3674 1265 3738 factus

211 3888 236 3961 ‘)
256 3890 392 3975 nepotem}
409 3888 539 3961 ἀνεψιόν,
557 3898 664 3945 uttuuc
679 3889 869 3975 loquebantur,
886 3889 905 3941 i.
922 3907 945 3941 e.
965 3888 1062 3974 sqroris
1085 3905 1149 3942 sisae
1168 3890 1263 3942 filium.

246 3958 390 4027 Gregorius
418 3962 521 4015 Turou.
549 3962 613 4013 hist.
644 3969 656 4017 t
681 3966 724 4017 ¹8:
756 3962 919 4043 Octaviapus
943 3960 1004 4011 Iulii
1031 3959 1152 4045 Caesada
1169 3978 1263 4046 nepos.

244 4027 1263 4231 {tsstnttjttthtttittig,‘,ttlti¹²lit:..t.thii‘cttt:

268 4187 368 4226 ossium
408 4174 513 4227 avitiis
532 4174 663 4226 senaouir
751 4206 759 4223 .
802 4189 860 4226 ssa.
