3050 4900
471 367 523 430 EX
550 367 807 435 uteorum.
922 462 927 472 .
1131 365 1177 434 lii

122 540 260 622 episeopus
280 537 639 621 constantinopolitanus
673 539 820 602 iudaeum
850 540 1004 626 quendam
1032 541 1182 629 paralyti-

121 645 178 686 unn
197 643 318 684 mouens
338 620 468 684 suadens
489 631 584 705 atque
603 623 762 705 baptisans
774 644 881 685 sanum
902 646 938 687 er
959 625 1083 687 lavacro
1103 624 1182 687 edu-

120 708 169 767 xits
183 705 344 768 seeundum
365 705 457 768 deum
477 707 559 768 enim
578 704 695 788 dieitur
716 706 807 769 fuisse
825 719 1006 789 provectus.
1049 731 1081 771 se
1105 711 1182 771 timo
1190 732 1217 787 p.
1230 717 1280 770 129
1299 718 1317 771 6

118 789 224 871 imperii
252 787 423 851 Theodosii
445 809 555 868 anno,
591 790 728 852 obeunte
755 790 932 874 'l'heopbilo
966 731 1183 872 Alexandrino,

119 873 231 956 Cyn'llm
261 873 466 935 consobrinus
495 873 560 934 eius
578 893 639 955 pro
663 875 729 956 ipso
756 874 921 958 episcopus
942 877 1104 939 ordinatus
1125 885 1182 938 est.

117 964 180 1099 linc
199 965 229 1018 et
248 954 415 1042 Hesychius
444 955 610 1040 presbyter
630 956 930 1042 Hierosolymitanns
962 959 1114 1024 doctrinis
1135 960 1185 1022 ot·

136 1040 218 1105 cruit.

184 1145 291 1208 Mundi
311 1167 392 1207 anno
408 1143 502 1226 5919,
523 1143 646 1208 divinae
664 1146 886 1210 incarnationis
899 1170 980 1210 anno
995 1143 1187 1224 tltt'Theo-

118 1227 204 1292 dusius
223 1231 375 1313 imperat;
397 1230 482 1292 cuius
505 1229 625 1292 decimo
648 1230 758 1314 quinto
783 1232 906 1314 imperii
928 1253 1010 1293 anno
1025 1231 1185 1293 Honorius
1193 1253 1223 1306 p·
1236 1234 1286 1287 13⁰
1307 1235 1342 1287 ¹⁹

117 1314 255 1392 moritur,
275 1323 306 1376 et
328 1315 455 1374 loannes
484 1314 611 1396 quidam
632 1333 668 1375 ex
694 1313 905 1398 imperialibus
923 1315 1186 1398 subscriptoribus

119 1397 218 1459 Romae
233 1398 402 1480 imperium
416 1395 548 1480 arrIpit,
562 1395 810 1482 legationemque
831 1397 869 1458 ad
880 1397 1090 1460 Theodosium
1111 1401 1188 1458 mit-

118 1481 156 1552 tit,
174 1480 202 1542 in
225 1482 451 1564 imperatorem
480 1479 592 1562 suscipi
617 1480 796 1562 deprecans.
844 1489 877 1542 at
897 1502 973 1544 reru
995 1479 1188 1544 Theodosius

119 1563 209 1645 legatis
231 1566 265 1626 in
302 1585 459 1625 carcerem
480 1563 571 1624 trusis
592 1561 804 1627 Ardahurium
828 1566 982 1649 stratigon
1012 1565 1110 1628 mittit
1130 1565 1188 1627 ad-

118 1667 203 1708 sersus
223 1670 313 1718 eum3
338 1667 430 1730 quem
450 1653 599 1729 tyrannus
623 1646 707 1729 apud
720 1649 897 1709 Ravennam
920 1669 1075 1732 aggressus
1091 1646 1189 1710 inclu-

116 1730 153 1791 sit
202 1753 268 1814 quo
297 1729 488 1792 Theodosius
521 1730 648 1811 cognito
674 1731 824 1812 Asparem
853 1731 946 1793 huius
970 1733 1068 1794 filium
1094 1732 1191 1796 mittit

118 1813 250 1876 adsersus
272 1835 353 1877 eum.
395 1821 461 1874 tum
484 1811 542 1875 deo
561 1812 698 1874 amabilis
719 1813 918 1897 imperatoris
929 1817 1075 1878 oratione
1095 1835 1191 1898 ange-

116 1895 153 1960 lus
171 1898 312 1976 domini,
342 1897 374 1957 in
404 1895 514 1958 habitu
542 1896 675 1978 pasturis
699 1910 872 1980 apparens,
893 1898 1020 1961 deduxit
1041 1904 1190 1982 Asparem

117 1989 203 2043 eleos
227 1981 285 2065 qui
307 2003 378 2041 cnm
419 1980 473 2042 illo
497 1989 601 2057 erant,
624 1987 656 2041 ct
678 1978 766 2041 ducit
787 2001 839 2043 eos
859 2001 918 2065 per
938 1983 1085 2066 paludem
1108 1980 1191 2043 invi..

115 2086 162 2139 aur,
183 2087 266 2148 quac
287 2065 452 2126 Ravennae
466 2061 594 2140 adiacet,
611 2083 704 2147 quam
726 2063 801 2127 deus
816 2065 956 2148 perviam
977 2062 1123 2149 operatus
1146 2071 1192 2126 est

115 2146 365 2228 quemadmodum
396 2147 607 2208 Israelitarum
635 2157 798 2230 tempore;
825 2159 858 2212 et
885 2157 1106 2212 transmeantes
1157 2169 1211 2216 er.

114 2229 237 2308 aridam,
272 2231 389 2312 apertis
417 2231 518 2312 portis
539 2228 671 2291 civitatis
705 2231 856 2310 inventis,
878 2241 1047 2315 tyrannum
1068 2169 1193 2317 quidism

115 2314 298 2392 occiderunt,
311 2313 521 2375 Ardahurium
536 2319 638 2374 autem
654 2313 812 2376 avinculis
826 2315 1035 2378 absolverunt.
1047 2313 1190 2400 sequenti
1200 2336 1227 2392 p.
1238 2319 1292 2371 132
1308 2321 1326 2372 5

114 2405 203 2461 autem
227 2419 314 2459 auno
345 2395 503 2459 Marathus
533 2417 550 2457 e
575 2395 696 2477 iscopus
719 2399 962 2481 Mesopotamiae
989 2397 1189 2482 filiumregis

112 2480 269 2542 Persarum
294 2478 479 2563 Hisdigerdis
502 2502 520 2541 a
540 2416 704 2539 disemonio
726 2488 871 2542 vexatum
891 2482 1018 2543 sanavit.
1069 2482 1285 2561 interceptas
1312 2488 1346 2541 13

111 2563 297 2626 Theodosius
315 2564 491 2647 imperator
519 2563 618 2622 multa
630 2561 828 2645 benignitate
848 2572 968 2641 motus,
989 2564 1062 2625 licet
1082 2564 1190 2626 Persas

110 2648 447 2727 potentissimevicerit‚
469 2662 599 2728 parcens
621 2650 724 2706 tamen
745 2644 925 2714 Christianis
942 2647 995 2729 qui
1008 2646 1192 2709 habitabant

110 2731 136 2789 in
157 2732 295 2807 Perside,
317 2751 425 2811 pacem
446 2728 666 2810 amplectitur3
690 2728 775 2791 cuius
797 2730 843 2791 rei
864 2728 964 2813 gratia
986 2730 1083 2792 mittit
1105 2729 1134 2791 le
1156 2752 1192 2791 a.

110 2814 194 2877 tarius
215 2820 242 2893 *)
266 2814 433 2877 Heleonem
453 2810 630 2895 patricium,
659 2830 754 2896 quem
782 2812 871 2874 valde
891 2812 1110 2875 honorandum
1133 2752 1192 2875 du·-

110 2897 210 2973 cebat,
247 2906 281 2959 ct
314 2896 493 2959 Anatolium
521 2892 658 2955 Orientis
689 2895 852 2977 stratigon.
893 2897 1066 2958 Vararanes
1088 2906 1193 2959 autem

107 2978 195 3043 sciens
215 2983 451 3063 superationem
475 2998 561 3040 suam
582 2977 710 3059 suscipit
725 2978 928 3062 legationem,
953 2989 985 3041 et
1006 2982 1062 3043 ista
1081 3001 1192 3062 perse-

108 3063 186 3126 cutio
204 3066 336 3127 cessavit
358 3084 437 3147 quae
456 3062 487 3122 in
501 3060 692 3122 Christianos
707 3062 892 3144 agitabatur.
937 3072 1076 3125 ceterum
1087 3064 1193 3125 Theo·

107 3144 201 3208 dusius
215 3148 393 3229 imperator
412 3144 700 3207 communicatrices
712 3142 827 3208 babens
840 3147 860 3206 b
884 3146 1027 3207 mnodiae
1046 3146 1193 3227 proprias

107 3250 251 3305 sorores,
277 3251 357 3313 quae
376 3229 585 3311 virginitatem
606 3234 675 3291 tota
697 3229 759 3289 vita
780 3168 995 3305 sectabantur,
1016 3249 1111 3310 super
1132 3228 1192 3287 lru-

106 3310 274 3375 iuscemodi
301 3312 458 3375 beneficiis
481 3311 538 3375 deo
560 3310 673 3393 gratias
703 3332 794 3395 agens
816 3312 937 3455 bgmnis
957 3312 1043 3373 huuc
1064 3310 1193 3391 laudare

103 3396 225 3475 penitus
248 3418 313 3459 non
333 3396 480 3457 cessabat.
534 3394 683 3456 Sisinnins
706 3403 809 3456 autem
856 3395 1193 3477 onstautinopolitauus

104 3480 266 3563 episcopus
285 3480 434 3541 Proclum
454 3484 616 3541 consecrat
639 3476 821 3561 episcopum
842 3478 962 3561 Cyzici;
984 3501 1078 3562 quem
1100 3476 1193 3562 Cyzi·

103 3562 166 3622 ceni
189 3586 259 3625 nou
290 3562 504 3644 suscipientes,
533 3559 721 3623 monachum
751 3560 906 3645 quendam
932 3571 1060 3644 praeter
1083 3569 1194 3623 votum

102 3644 227 3708 Sisinnii
259 3646 450 3721 Dalmatiam
477 3642 596 3705 dictum
616 3653 790 3706 consecrat.
841 3644 970 3707 Proclus
990 3652 1093 3705 autem
1113 3664 1194 3741 pro.

100 3728 200 3807 priam
225 3729 386 3801 eeclesiam
408 3748 471 3787 non
495 3726 609 3789 habens
625 3727 897 3811 Constantinopoli
916 3728 1048 3789 hortatu
1068 3726 1194 3787 Sismnii

101 3809 256 3873 doctrinis
278 3811 434 3894 pollebat3
458 3810 512 3895 qui
537 3810 673 3883 eiusdem
697 3810 783 3873 urbis
806 3830 869 3872 non
891 3812 991 3873 multo
1012 3819 1084 3891 post
1103 3806 1194 3870 ordi·-

100 3904 200 3957 natur
216 3896 354 3957 antistes.
401 3892 542 3977 sequenti
571 3914 648 3956 vero
670 3912 752 3954 anno
774 3894 937 3976 Philippus
956 3893 1121 3979 presbyter
1141 3892 1194 3955 Si-

101 3976 153 4042 dae
175 3979 391 4042 Christianam
412 3977 626 4041 historiumdn
649 3976 779 4061 triginta
798 4000 848 4041 sex
863 3978 960 4040 libros
982 3975 1152 4059 descripsit.

131 4162 154 4229 'l
175 4158 340 4234 legatarios}
366 4158 536 4214 Flodoardus
564 4156 626 4213 hist
648 4158 715 4213 eccl.
741 4160 815 4213 bem.
838 4157 925 4212 1'25:
945 4158 1094 4229 legatarius
1110 4158 1195 4212 animi
1271 4227 1273 4236 .

168 4232 244 4285 lello
264 4240 420 4285 commotus.
457 4232 548 4285 Fusa.⁴
