3050 4900
538 276 590 341 ex
614 274 874 353 maurusius
1172 267 1246 347 sto
1322 352 1328 365 ,

152 438 359 525 opllmatlbus
381 463 474 528 quam
496 444 630 543 populo,
654 454 686 511 et
706 446 787 507 risus
811 454 857 509 est
877 439 916 506 ad
927 442 1025 509 trare
1039 452 1162 529 tempus
1178 447 1249 530 pius

95 527 102 541 '
151 548 227 601 esse,
250 536 439 611 sanctaeque
460 526 509 589 des
533 528 690 613 genitricis
713 551 750 591 ac
771 528 1001 591 monachorum
1021 532 1145 593 amicus.
1166 531 1250 595 unde

148 618 187 673 et
206 610 470 692 metropolitanos
491 632 525 674 es
547 612 706 674 monacbis
736 614 768 673 in
798 613 907 694 primis
927 611 1049 674 sedibus
1073 614 1250 693 collocavit,

150 692 344 775 militiasque
354 710 413 775 per
426 695 562 757 themata
574 697 649 757 fecit
657 696 778 773 multas,
796 704 828 759 et
840 695 966 757 ordines
980 696 1012 757 in
1025 697 1104 759 urbe
1116 699 1249 781 amplifi-

137 776 247 837 cavit.
261 778 468 859 quamobrem
480 776 650 841 thematum
661 779 820 863 principes
831 781 910 841 moti
921 780 1049 863 ingressi
1062 790 1134 842 sunt
1143 802 1249 845 omncs

150 880 225 921 cum
240 860 439 922 multitudine
454 863 565 943 populi
584 864 723 945 copiosa,
743 870 883 945 petentes
894 863 1132 925 Constantinum
1153 864 1251 925 filium

148 942 216 1005 eins
232 944 265 1004 in
281 943 517 1026 imperatorem.
540 957 572 1007 at
587 946 646 1023 ille,
669 957 706 1009 ut
726 945 822 1008 moris
844 954 890 1008 est
903 946 1110 1031 principibus,
1133 970 1250 1010 renun-

148 1027 243 1089 tiavit
264 1028 316 1093 eis.
339 1028 459 1090 “lilius''
474 1030 576 1113 inquit
593 1034 700 1091 “meus
716 1030 824 1091 unicus
840 1040 884 1091 est
895 1029 980 1092 mibi.
1001 1028 1121 1093 idcirco
1136 1051 1251 1093 vereor

147 1107 215 1173 boo
232 1111 346 1190 facere,
360 1132 400 1193 ne
416 1113 499 1175 forte
514 1114 676 1195 contingat
691 1113 766 1173 mibi
783 1111 871 1196 quod
883 1111 1052 1174 humanum
1062 1124 1118 1191 est,
1132 1125 1163 1177 et
1178 1137 1251 1177 cum

147 1192 254 1254 adbuc
275 1195 317 1256 sit
338 1196 483 1274 parvulus
506 1196 602 1257 morti
625 1216 697 1257 eum
719 1196 868 1275 tradatis,
890 1204 922 1258 et
941 1195 1036 1258 alium
1058 1219 1250 1281 promovea-

148 1276 219 1340 tis.'’
269 1285 303 1337 at
334 1277 379 1339 illi
405 1300 477 1339 cum
500 1280 679 1341 iuramentis
701 1280 935 1361 profitebantur
955 1301 988 1343 sa
1008 1280 1106 1344 ullum
1127 1281 1251 1344 satisfa-

149 1368 258 1421 cturos
281 1360 407 1423 minime
435 1374 638 1446 regnaturum
660 1371 789 1445 praeter
817 1361 914 1423 liliam
935 1364 1019 1440 eius,
1041 1366 1156 1427 etiamsi
1179 1385 1251 1426 eum

148 1444 235 1507 mori
256 1442 330 1507 deus
353 1444 507 1508 voluisset.
549 1446 611 1507 boc
633 1456 737 1507 autem
760 1469 777 1507 a
798 1444 953 1508 dominica
973 1447 1023 1509 dic
1046 1470 1109 1531 qua
1130 1448 1251 1529 palma.

150 1548 224 1590 rum
244 1528 420 1591 solemnitas
442 1528 561 1612 agitur,
583 1550 616 1591 us
641 1551 680 1591 ue
701 1529 739 1591 ad
772 1529 884 1592 feriam
905 1531 1046 1613 quintam
1076 1530 1250 1593 hebdomas.

149 1608 210 1673 dae
233 1612 379 1689 maioris,
414 1611 534 1697 populo
566 1612 597 1672 in
618 1552 857 1695 (llippodromio
889 1623 1078 1675 coacervato
1109 1622 1248 1695 patente,

148 1703 255 1757 sancta
276 1716 446 1777 parasceue
478 1696 564 1757 iussit
593 1695 697 1759 iurare
717 1695 804 1771 illos,
828 1704 860 1757 et
886 1696 1001 1758 iuravit
1023 1698 1123 1759 omnis
1144 1718 1249 1779 popu·

149 1776 197 1839 lus
218 1778 249 1838 in
275 1778 466 1844 honorandis
489 1790 520 1841 et
540 1778 669 1840 vivificis
695 1780 800 1861 lignis,
820 1788 885 1840 tam
903 1780 1020 1841 scilicet
1043 1802 1079 1841 ex
1099 1778 1285 1849 dramati-1³·
1295 1774 1351 1831 ⁶96

147 1860 207 1923 bus
218 1869 251 1923 et
265 1870 373 1923 senatu
393 1884 488 1945 quam
504 1883 539 1925 ex
555 1862 759 1924 interioribus
776 1861 940 1925 ordinibus
959 1871 992 1925 et
1005 1864 1122 1926 civibus
1145 1864 1248 1925 omni.

148 1944 206 2006 bus
229 1954 276 2007 et'
291 1942 349 2007 her
370 1946 544 2024 asteriscis,
569 1946 792 2029 imperatorem
814 1967 878 2007 non
902 1946 1087 2009 admittendi
1114 1948 1249 2030 exceptis

145 2029 255 2091 Leone
274 2048 328 2091 seu
348 1968 552 2091 danstantino
575 2052 611 2091 ac
625 2030 741 2091 semine
762 2030 912 2112 ipsorum.
954 2042 986 2093 et
1007 2032 1151 2093 fecerunt
1169 2032 1249 2094 scri·

147 2122 222 2194 pta,
246 2110 508 2197 quemadmodum
533 2114 727 2192 iuraverunt,
747 2113 900 2195 propriae
921 2135 1039 2176 manus.
1061 2123 1093 2177 et
1117 2115 1149 2175 in
1172 2136 1249 2177 era-

147 2196 278 2275 stinum,
298 2196 429 2259 sabbato
451 2196 567 2259 scilicet
588 2208 706 2273 sancto,
736 2198 830 2259 exivit
852 2198 1026 2280 imperator
1046 2199 1077 2259 in
1101 2199 1248 2260 tribuua-

149 2278 229 2341 lium
246 2278 351 2341 decem
371 2288 402 2342 et
424 2300 535 2341 novem
560 2281 770 2358 accubituum,
802 2290 834 2341 et
852 2281 999 2362 provexit
1022 2281 1248 2343 nobilissimum

147 2360 357 2425 Eudccimum
379 2364 513 2425 fratrem
534 2386 623 2423 sumn
645 2370 727 2441 (nam
745 2361 923 2423 Anthimum
942 2364 1045 2425 vivens
1065 2372 1159 2445 pater
1181 2364 1246 2426 eius

144 2449 366 2530 provexerat),
390 2455 421 2508 et
441 2448 594 2532 processit
623 2449 798 2528 imperator
820 2468 890 2507 cum
913 2447 1041 2529 reliquis
1065 2446 1246 2510 Caesaribus

145 2539 179 2592 et
202 2531 305 2593 tribus
325 2529 520 2592 nobilissimis
540 2551 575 2592 ac
597 2550 680 2592 novo
694 2529 902 2592 Constantino
923 2529 963 2593 ad
978 2551 1121 2612 magnam
1142 2532 1255 2610 eccle-⁸

142 2613 231 2690 siam,
251 2625 284 2676 et
308 2623 429 2676 arctato
461 2613 663 2690 indumento,
686 2614 767 2674 sicut
802 2614 1045 2696 imperatoribus
1066 2615 1162 2674 moris
1184 2623 1241 2688 cst,

143 2699 311 2760 ambonem
331 2699 470 2759 ascendit
491 2719 561 2760 cum
587 2696 651 2758 filio
676 2717 732 2756 suo
756 2697 847 2758 simul
870 2705 902 2758 et
923 2697 1114 2779 patriarcha,
1137 2707 1170 2758 et
1190 2699 1241 2759 in.

143 2801 262 2865 gressus
284 2781 382 2842 omnis
403 2780 539 2864 populus
560 2788 736 2864 posuerunt
759 2782 875 2862 scripta
896 2803 950 2842 sua
973 2783 1004 2842 in
1025 2790 1128 2843 sancta
1151 2792 1242 2842 men.'

141 2885 185 2941 sa,
211 2874 244 2926 et
277 2865 453 2947 imperator
482 2866 605 2926 locutus
636 2874 681 2926 est
703 2864 756 2924 sic.
807 2867 885 2940 “en,
910 2865 1033 2942 fratres,
1055 2865 1242 2946 petitionem

141 2957 278 3010 vestram
301 2949 469 3032 adimpleo,
491 2958 522 3011 et
544 2948 628 3009 dono
648 2947 737 3009 vobis
769 2947 867 3008 lilium
886 2969 990 3009 meum
1013 2949 1044 3009 in
1065 2950 1241 3030 imperato-

139 3053 222 3094 rem.
264 3051 337 3093 ecce
367 3034 406 3093 ab
437 3032 563 3094 ecclesia
585 3039 618 3094 et
649 3029 687 3093 de
708 3052 802 3092 manu
831 3030 945 3094 Christi
966 3053 1037 3094 eum
1058 3033 1240 3114 suscipitis.”

135 3125 174 3177 at
197 3113 242 3175 illi
270 3135 381 3198 magna
412 3137 491 3178 voce
521 3115 735 3177 clamaverunt
766 3112 902 3177 dieentes
927 3115 1109 3176 “fideiussor
1131 3127 1241 3177 noster

136 3208 221 3275 esto,
242 3197 285 3260 fili
307 3198 376 3275 dei,
401 3199 474 3282 quis
509 3198 549 3260 de
581 3220 675 3259 manu
698 3209 751 3259 tua
773 3198 952 3280 suscipimus
975 3197 1136 3261 dominum
1155 3200 1240 3261 Con-

111 3309 114 3314 ·
134 3281 316 3344 turstinum
337 3282 560 3364 imperatorem
583 3283 621 3344 ad
643 3280 882 3343 custodiendum
896 3304 967 3342 eum
987 3291 1020 3343 et
1039 3283 1239 3346 moriendum

133 3385 204 3450 pro
226 3369 295 3428 eo.'’
337 3366 421 3427 etin
446 3367 626 3443 crastinum,
657 3365 785 3448 quando
807 3364 954 3426 videlicet
977 3387 1103 3448 magnus
1125 3379 1157 3430 et
1180 3366 1239 3427 do·

134 3449 274 3512 minicus
285 3449 417 3532 paschae
440 3450 502 3510 dies
522 3449 694 3511 celebratus
712 3457 767 3522 est,
791 3449 912 3510 decimo
936 3457 1048 3509 octavo
1070 3450 1129 3511 kal.
1142 3451 1238 3513 Maias

136 3532 281 3596 decimae
304 3542 435 3616 quartae
458 3533 655 3608 indictionis,
688 3552 822 3592 aurorae
847 3533 1031 3614 crepusculo
1054 3535 1154 3595 exiens
1176 3531 1333 3602 impos?

134 3624 275 3700 perator
296 3636 448 3678 unacum
469 3613 651 3697 patriarcba
675 3615 706 3675 in
730 3613 1007 3697 Hippodromium,
1029 3615 1133 3680 delato
1158 3618 1237 3677 alta.

135 3700 207 3778 rio,
231 3699 318 3759 omni
338 3699 458 3781 populo
480 3700 724 3776 contemplante,
746 3699 929 3780 patriarcha
952 3700 1026 3760 lecit
1047 3701 1237 3778 orationem,

135 3791 173 3846 et
195 3783 362 3843 coronavit
383 3783 556 3864 imperator
578 3783 674 3844 filium
698 3803 807 3855 suum;
827 3792 858 3843 ct
881 3782 923 3842 ita
937 3785 1090 3864 processit
1110 3781 1149 3843 ad
1170 3807 1237 3843 ma-

133 3887 236 3950 gnam
256 3866 417 3928 eeclesiam
451 3874 585 3950 uterque
616 3865 791 3946 imperator
814 3887 886 3926 cum
913 3863 1035 3928 duobos
1057 3867 1238 3928 Caesaribus

134 3959 173 4012 et
193 3949 294 4010 tribus
314 3947 520 4011 nobilissimis.
563 3949 715 4033 processit
738 3955 842 4009 autem
864 3954 896 4009 ct
918 3947 1100 4029 imperatrix
1123 3949 1237 4012 Heire·

135 4053 198 4108 ne,
228 4053 301 4094 cum
330 4033 563 4114 praecessissent
591 4033 816 4112 imperatores,
845 4033 975 4114 sceptris
997 4033 1237 4116 obsequentibus

136 4136 202 4199 per
215 4115 335 4180 scholas
351 4115 502 4196 antelatis,
515 4124 547 4182 et
560 4113 795 4178 ascendentibus
807 4135 865 4206 per
878 4136 991 4178 aeneae
1005 4124 1117 4198 portae
1129 4139 1245 4180 ascen-³
1261 4115 1264 4121 ’
