3050 4900
279 347 327 416 72
441 352 652 420 ANhsThSll
682 351 876 418 tttsrontt
905 351 1210 420 EOOEAESthTlCh

277 506 450 570 linitiouem
468 505 580 590 synodi
611 505 867 568 Chalcedonensis
895 505 1127 587 recipientibus,
1147 505 1205 568 iste
1222 505 1363 574 scelestus
1385 569 1388 577 ,

277 589 366 652 rabie
390 588 524 674 quadam
538 588 669 652 inlectus
690 588 810 650 iniuriis
824 589 1002 671 appetebat,
1023 598 1056 650 et
1069 583 1280 650 ordinationes
1294 590 1361 668 epi·

276 693 446 753 scaporum
470 673 614 749 faciebat,
634 694 704 736 cum
722 681 800 734 esset
820 673 886 756 ipse
905 671 1112 749 inordinatus,
1134 681 1166 734 et
1178 671 1363 752 baptizabat,

277 777 350 820 cum
372 757 536 840 bresbyter
561 775 624 819 non
657 756 810 818 existeret.
858 755 966 818 heatus
983 765 1087 820 autem
1108 755 1273 818 Proterius
1290 775 1362 818 seo-

277 841 520 903 ticnscontrase
533 839 709 910 confectum
728 838 895 900 concilium
915 839 970 902 dat
989 837 1094 901 locum
1114 837 1189 915 irae,
1210 847 1242 900 et
1262 841 1364 920 prima

277 923 328 990 dic
337 921 469 1004 paschae
482 922 521 986 ad
536 921 711 986 venerabile
723 921 940 1004 baptisterium
951 922 1041 1004 fugit.
1062 932 1110 985 ast
1119 921 1364 992 illeAntichristi

276 1026 475 1090 praecursor,
498 1027 598 1090 neque
620 1006 849 1069 sauctamdiem
862 1027 964 1090 neque
973 1004 1102 1068 colenda
1113 1006 1183 1068 loca
1202 998 1363 1081 reveritus,

276 1088 373 1152 mittit
403 1101 434 1152 et
453 1088 568 1152 occidit
589 1089 741 1153 insontem
762 1089 951 1172 pontificem,
974 1111 1036 1150 anu
1058 1110 1130 1152 cum
1152 1109 1203 1152 sex
1221 1088 1288 1151 aliis
1309 1088 1364 1170 qui

276 1181 365 1234 eraut
383 1193 455 1234 cum
475 1173 560 1255 ipso;
581 1181 613 1237 et
634 1173 756 1236 lucibus
773 1173 934 1244 ‚antenus
952 1171 1042 1234 huius
1064 1172 1198 1237 cadaver
1219 1194 1236 1233 a
1256 1181 1363 1237 sanctu

277 1255 403 1317 lavucro
426 1257 603 1332 emiserunt,
624 1268 657 1320 et
680 1277 832 1339 pompose
854 1277 912 1338 per
934 1255 1091 1320 ciuitatem
1118 1263 1284 1338 portatum
1303 1271 1365 1337 poa

276 1350 392 1402 stream
416 1341 509 1402 etiam
529 1340 591 1424 igni
612 1339 748 1404 sineulla
771 1338 984 1402 misericordia
997 1337 1218 1422 prodiderunt,
1239 1338 1365 1402 etcine-

179 1427 325 1500 pfflres
347 1422 412 1484 eius
442 1423 473 1482 in
505 1433 607 1484 aerem
629 1430 880 1506 consperserunt.
926 1421 1037 1486 eodem
1059 1443 1141 1485 anuo
1161 1421 1299 1484 delatum
1320 1429 1366 1484 est

277 1521 391 1589 corpus
405 1507 446 1567 ’8.
469 1507 645 1570 Anastasius
676 1529 693 1568 a
717 1506 853 1589 Syrmio,
875 1513 910 1568 et
927 1507 1100 1588 repositum
1122 1517 1168 1569 est
1191 1504 1363 1586 intemplo

276 1590 342 1653 eius
359 1591 396 1649 in¹
413 1589 586 1671 porticibus
606 1589 765 1654 Domuini.
806 1587 987 1652 Timotheus
1006 1601 1110 1652 autem
1133 1589 1266 1652 Helurus
1286 1587 1365 1649 scri.

277 1682 332 1757 pta
353 1673 455 1756 magni
477 1672 585 1756 Cyrilli
616 1695 679 1734 non
707 1671 792 1734 edita
813 1671 972 1754 reperiens
999 1673 1032 1734 in
1053 1673 1157 1737 multis
1178 1671 1254 1734 locis
1274 1671 1365 1742 adul-

277 1757 415 1828 teravit,
443 1754 535 1818 sicuti
563 1756 674 1818 scribit
707 1757 818 1818 Petrus
848 1755 1079 1820 Alexandrinus.
1124 1755 1265 1839 sequenti
1288 1775 1364 1819 veru

276 1860 359 1902 anno
383 1841 448 1907 beo
471 1838 646 1920 imperator
665 1838 772 1923 iniqua
793 1839 932 1902 Proterii
951 1848 1054 1902 morte
1074 1846 1107 1903 et
1125 1839 1237 1900 iniusta
1256 1837 1365 1900 Helori

277 1921 481 2007 promotione
508 1934 695 2006 comperta,
726 1923 850 1984 mittens
881 1923 1062 1986 Caesaream
1088 1921 1198 2003 linguis
1218 1922 1366 1985 mutilatis

278 2005 369 2070 exilio
392 2005 541 2087 relegavit
557 2027 609 2067 eos
633 2005 688 2089 qui
706 2005 848 2070 Proterii
871 2007 939 2068 neci
962 2005 1287 2068 communicaverant:
1308 2005 1366 2064 Ti.

277 2087 406 2152 motbeo
427 2109 502 2150 vcro
525 2088 650 2152 scelesto
673 2089 793 2152 adversi
812 2089 855 2152 nil
873 2090 989 2168 intulit,
1007 2088 1159 2151 iudicium
1176 2088 1208 2148 iu
1220 2105 1293 2150 eum
1315 2085 1367 2148 di-

279 2193 350 2235 cens
370 2172 488 2232 inferre
510 2172 699 2235 antistitibus
720 2174 901 2236 conveuire.
946 2173 1000 2256 qui
1020 2173 1138 2235 litteras
1159 2170 1199 2234 ud
1222 2171 1366 2242 uniuscu-

279 2255 390 2339 iusque
410 2254 591 2334 provinciae
622 2255 705 2318 misit
729 2257 911 2339 episcopos,
935 2266 972 2318 at
991 2257 1102 2338 singoli
1121 2257 1295 2319 scriberent
1307 2253 1366 2316 sibi

279 2339 449 2421 proprium
473 2361 613 2418 sensum,
645 2348 752 2402 utrum
773 2362 854 2424 quae
881 2340 965 2422 apud
987 2338 1215 2402 Chalcedonam
1236 2337 1367 2399 diffinita

279 2429 352 2485 sant
371 2420 428 2484 sibi
451 2421 620 2504 placerent,
641 2433 672 2487 et
693 2443 790 2507 saper
813 2423 921 2487 Heluri
938 2426 1097 2487 creatione
1118 2421 1195 2507 quid
1213 2421 1365 2487 dicerent.

184 2508 364 2583 pltdinter
383 2526 460 2589 quos
492 2515 524 2567 et
544 2508 575 2569 S.
594 2508 731 2570 Simeoni
752 2509 876 2593 stylitae
904 2518 937 2571 et
957 2506 1077 2572 Bardue
1095 2507 1250 2569 monacho
1272 2516 1367 2589 atque

279 2588 394 2651 Iacobo
411 2588 633 2652 miraculorum
654 2590 811 2674 patraton'
841 2592 974 2673 scripsit,
997 2599 1171 2653 contestans
1193 2601 1228 2652 ut
1244 2590 1295 2658 ‚ita
1316 2590 1367 2649 iu·

279 2671 395 2735 dicium
407 2674 694 2736 controversiarum
717 2674 951 2755 depromerent,
971 2682 1007 2735 ut
1020 2684 1118 2737 essent
1136 2673 1290 2739 rationem
1306 2672 1366 2735 deo

279 2763 466 2816 cunctorum
490 2754 617 2817 domino
640 2756 809 2819 reddituri.
833 2758 889 2839 qui
908 2778 1012 2819 omnes
1026 2756 1215 2821 unanimiter
1238 2764 1272 2819 et
1291 2776 1368 2817 eon·

278 2846 428 2901 sonanter
443 2848 474 2899 et
485 2838 766 2901 Chalcedonensem
784 2840 940 2922 synodum
958 2850 1095 2902 sanctam
1116 2862 1179 2905 esse
1199 2839 1367 2915 affirmant,

280 2927 313 2983 et
335 2922 504 2981 terminum
535 2922 573 2985 ab
606 2924 670 3004 ipsa
695 2920 919 3006 depromptum
947 2924 1136 3001 admittant,
1167 2922 1368 2985 Timotheum

280 3014 386 3065 autem
400 3012 608 3066 consonanter
625 3006 800 3087 reprobant
821 3018 969 3091 tanquam
986 3008 1174 3069 homicidam
1193 3007 1315 3089 pariter
1335 3012 1368 3067 et

279 3085 482 3150 haereticam.
524 3089 682 3171 satagebat
701 3099 804 3151 autem
835 3101 867 3153 et
889 3092 1066 3153 Gennadius
1087 3089 1172 3172 apud
1193 3091 1367 3172 imperato.

279 3192 347 3231 rem
369 3193 433 3255 qao
457 3174 658 3235 ulcisceretur
678 3172 838 3255 superbis
861 3195 943 3257 quae
968 3184 1087 3239 temere
1106 3177 1231 3237 fuerant
1250 3192 1366 3255 perpe-

282 3262 387 3334 trata;
410 3255 460 3315 cui
483 3277 500 3317 e
521 3254 643 3319 diverso
667 3256 829 3319 resistebat
849 3259 949 3338 Asper
964 3258 1106 3319 Arianae.
1147 3277 1247 3339 porro
1267 3256 1366 3336 impe.

280 3346 370 3398 rator
391 3338 459 3419 pius
482 3340 634 3401 Helurnm
664 3340 791 3435 quidem
810 3338 895 3421 apud
924 3344 1062 3424 Gangras
1082 3340 1173 3403 exilio
1198 3340 1366 3421 relegavit:

279 3421 346 3501 ipse
368 3442 442 3482 vero
464 3431 495 3483 et
516 3423 578 3483 illic
591 3433 697 3505 coepit
717 3422 934 3485 conventicula
954 3420 1145 3506 congiegarc
1158 3424 1368 3484 turbationes·

280 3526 342 3585 qao
363 3512 500 3585 patrare,
523 3526 597 3589 qaus
616 3507 811 3588 comperiens
833 3506 1006 3587 imperator
1027 3528 1133 3569 rursus
1155 3528 1227 3568 eum
1248 3506 1280 3565 in
1301 3506 1367 3565 eri.

278 3586 354 3647 lium
376 3589 458 3648 misit
478 3590 562 3671 apud
583 3589 794 3666 Chersonam‚
816 3597 848 3651 et
872 3600 1068 3652 consecratus
1087 3600 1134 3655 est
1155 3610 1216 3673 pro
1243 3610 1281 3651 eo
1299 3589 1367 3670 epi-

277 3690 389 3753 scopus
410 3672 611 3735 Alexandriae
631 3672 814 3735 Timotheus
835 3672 910 3734 alius
931 3684 1139 3755 cognomento
1160 3676 1290 3749 Leucoe,
1311 3670 1367 3754 qui

127 3797 131 3806 ‹
279 3762 312 3815 et
332 3754 562 3837 Salcphacialus
588 3766 799 3837 nuncupatur,
825 3758 877 3817 vir
897 3756 1091 3819 orthodoxus
1114 3765 1146 3817 et
1165 3756 1265 3817 bonus
1288 3776 1369 3816 eun-

144 3841 236 3914 pm
252 3838 398 3921 totisque
422 3860 550 3920 prorsus
571 3838 720 3900 amabilis.
761 3839 881 3901 interea
900 3848 985 3901 vasto
1020 3840 1165 3903 incendio
1186 3838 1367 3901 Constanti-

280 3921 387 4004 uopoli
409 3924 502 4002 lacto,
522 3924 695 3983 Marcianus
729 3942 917 3985 oeconomus
943 3924 1110 3987 ascendens
1133 3944 1228 4002 super
1249 3921 1366 4003 tegulas

276 4002 311 4067 S.
332 4007 517 4083 Anastasiae,
538 4015 645 4069 tenens
665 4006 868 4089 evangelium,
900 4008 1094 4070 orationibus
1115 4015 1148 4069 et
1169 4004 1301 4067 lacrimis
1326 4004 1367 4063 il-

276 4089 388 4153 laesam
409 4090 534 4151 domum
558 4088 703 4151 serravit.
747 4091 888 4173 sequenti
911 4113 994 4153 anno
1016 4112 1088 4151 cam
1112 4091 1218 4172 pictor
1240 4088 1366 4171 quidum

275 4174 404 4258 pingere
425 4175 611 4236 salvatorem
635 4174 806 4239 secundum
834 4172 1067 4239 similitudinem
1099 4172 1180 4237 lovis
1201 4194 1365 4257 praesum-
