3050 4900
267 308 340 379 218
434 311 646 380 anastasis
674 308 870 377 tttsTottta
886 306 1196 378 musmones

265 486 309 547 ita
330 484 413 547 iacta
433 494 478 546 ast
499 483 694 547 musnetndo
715 483 810 546 dandi
838 482 925 545 binas
945 482 1070 567 siliquas
1093 479 1364 543 administratori:

263 568 340 647 bus,
363 588 435 631 cum
464 588 562 628 annus
589 576 666 628 esset
686 567 903 629 sconditione
920 566 1048 650 quidem
1069 564 1177 627 mnndi
1199 566 1283 627 iuxta
1293 566 1358 627 Ito-

263 672 370 713 mauos
391 651 430 712 ab
440 648 538 712 Adam
560 646 654 725 6248,
676 652 847 713 secundum
863 648 1032 733 Aegyptios
1054 670 1131 710 vcro
1151 669 1207 710 seu
1225 648 1359 711 Alexan.

263 734 370 798 ddnos
393 731 487 815 6239,
509 756 527 795 a
546 733 692 817 Philippo
716 734 886 797 secundnm
906 731 1091 795 Macedones
1112 728 1201 794 1063.
1243 754 1357 815 regna.

165 870 170 883 .
264 820 310 881 sit
330 816 413 881 enim
441 820 506 879 Leo
534 817 574 879 ab
601 828 713 879 octavo
743 817 804 879 bal.
835 816 1026 900 Apriliarum
1055 814 1193 878 decianae
1229 819 1359 899 quintae

263 901 441 965 indictionis
462 901 620 986 usquead
642 898 796 963 decimum
815 909 966 986 quartum
987 898 1048 961 kal.
1071 898 1162 961 iulias
1182 920 1284 963 nonae
1306 901 1359 961 in.

263 986 427 1063 dictionis,
451 1006 524 1047 cum
555 995 711 1068 regnasset
731 984 820 1047 anais
839 978 897 1059 tt,
927 983 1082 1045 namium
1110 982 1150 1059 9,
1174 983 1282 1045 diebus
1303 984 1355 1046 25.

262 1068 403 1132 similiter
423 1068 642 1131 Constantinus
664 1068 743 1130 lilius
766 1070 843 1141 citae,
866 1066 993 1149 imperil
1024 1076 1057 1129 et
1074 1066 1241 1149 impietatis
1263 1067 1359 1149 ipsius

262 1174 443 1231 comessor,
466 1152 505 1214 ab
531 1151 641 1215 eodem
664 1150 787 1215 decimo
807 1162 923 1237 quarto
950 1151 1011 1213 tat
1034 1150 1125 1212 iulias
1148 1172 1252 1213 nonae
1274 1150 1359 1212 indi·

263 1236 375 1299 clicuis
398 1256 496 1320 usqua
524 1234 563 1297 ad
595 1234 748 1299 decimum
775 1243 923 1297 octavum
952 1233 1012 1296 tat.
1032 1234 1200 1296 octobrias
1221 1234 1361 1296 decimae

264 1328 395 1482 poma
416 1319 603 1398 indictionis,
623 1340 696 1383 cum
711 1328 868 1404 regnasset
882 1328 915 1382 et
934 1318 1002 1403 ipsc
1019 1316 1107 1380 annis
1130 1314 1181 1397 34,
1204 1318 1358 1381 mensibus

335 1406 363 1467 ie
389 1425 423 1465 us
438 1404 468 1466 Ω.

346 1503 467 1565 Taliter
501 1520 578 1587 ergo
602 1510 638 1564 ut
656 1500 889 1585 praedirlmm,
908 1502 1019 1565 andern
1049 1522 1131 1564 anno
1154 1519 1258 1563 nouae
1276 1492 1359 1561 indi.

265 1587 376 1649 ctionis
399 1596 549 1655 ,mortuus
569 1594 614 1649 et
634 1588 699 1649 Leo
723 1603 785 1647 nnn
815 1604 888 1649 cum
909 1581 1030 1648 animae
1049 1586 1139 1649 simol
1160 1593 1192 1647 ct
1216 1585 1359 1666 corporis

263 1678 377 1747 morte,
401 1680 431 1733 et
454 1671 588 1754 imperat
600 1670 819 1731 Constantinus
837 1668 919 1731 filins
942 1670 1016 1735 cius.
1059 1668 1238 1753 etquidem
1261 1689 1360 1751 quae-

265 1774 390 1838 cunque
422 1755 479 1816 sub
513 1756 620 1815 Leone
653 1752 752 1835 impio
780 1753 963 1815 Christiania
989 1757 1169 1831 emerunt,
1191 1753 1255 1813 sive
1275 1752 1360 1829 cipca

264 1838 358 1899 iidem
392 1836 621 1914 orthodoxam,
642 1836 706 1899 sive
734 1855 829 1919 super
849 1837 992 1899 ciuilibus
1015 1836 1279 1919 dispositionibus,
1298 1837 1361 1897 sire

163 1952 189 2007 p.
202 1936 359 2001 fisnsuper
378 1922 480 2004 turpis
501 1920 582 1982 lucri
605 1930 734 2004 quaestu
752 1928 786 1984 et
805 1922 937 2002 arantis
956 1937 1016 2003 per
1024 1920 1160 1982 Siciliam
1182 1918 1357 1980 Calabriam

265 2006 432 2065 etCretam
450 2004 617 2067 adinventa
637 2004 760 2087 pariter
784 2014 817 2066 et
837 2004 995 2087 imposita,
1016 2005 1080 2066 nive
1100 2003 1132 2065 in
1154 2003 1260 2065 ltaliae
1279 2022 1361 2083 apo.

264 2088 354 2149 stasia
375 2098 511 2169 propter
539 2088 631 2149 buius
653 2088 866 2165 cacodoxiam,
887 2089 951 2151 sive
972 2088 1004 2149 in
1027 2082 1107 2149 fame
1129 2106 1165 2147 ac
1185 2086 1360 2169 pestilentia

264 2170 466 2255 peritiamque
484 2173 645 2254 pressuris,
666 2180 701 2232 at
720 2170 925 2255 particularia
943 2178 1076 2253 taceam,
1094 2170 1128 2233 in
1142 2168 1361 2253 praecedenti-

264 2256 321 2315 bus
344 2254 551 2317 ostendantur
576 2254 730 2338 capitulis.
785 2255 914 2339 dignum
942 2264 1047 2318 autent
1068 2262 1114 2317 est
1137 2254 1177 2315 de
1201 2260 1308 2315 cetero
1329 2259 1391 2315 ct'

264 2338 352 2421 impii
376 2338 429 2399 lilii
460 2338 541 2417 eins,
563 2338 711 2423 tanquam
733 2338 806 2415 deo,
833 2341 888 2423 qui
909 2337 1013 2401 omnia
1032 2338 1193 2421 perspicit,
1216 2346 1362 2398 contem..

264 2424 381 2508 plante,
403 2422 560 2487 veraciter
588 2433 620 2486 et
640 2444 703 2486 non
727 2424 887 2507 superflue
917 2425 955 2486 ad
978 2424 1142 2485 utilitatem
1166 2422 1306 2503 posteris,
1328 2428 1363 2483 et

263 2507 399 2583 miseris,
432 2509 488 2592 qui
514 2529 598 2569 nunc
622 2507 653 2568 in
687 2509 966 2570 cacodoxia-illins
987 2507 1199 2591 decipiuntur,
1226 2505 1361 2566 ludibria

264 2592 385 2675 exequi,
408 2610 489 2674 qnae
508 2592 546 2653 ab
567 2591 626 2653 bae
651 2591 690 2653 10
711 2592 884 2654 indictione
910 2591 1004 2674 ipsius
1026 2591 1151 2674 imperii
1173 2589 1246 2651 anni
1266 2589 1362 2671 primi

264 2697 362 2758 nsque
384 2674 422 2734 ad
436 2673 475 2735 14
497 2675 699 2736 indictionem
721 2676 831 2736 mortis
853 2675 932 2736 illins
947 2675 1043 2756 impie
1061 2675 1164 2758 gessit.
1207 2673 1259 2733 hic
1280 2672 1364 2732 enim

264 2757 540 2842 perniciosissimus
560 2767 592 2820 ct
621 2758 748 2840 agrestis
778 2760 880 2832 ierus,
905 2769 939 2821 et
959 2761 1123 2842 tyrannice
1147 2777 1205 2817 neo
1226 2755 1363 2838 legitime

265 2843 377 2903 abusus
397 2841 553 2923 imperio,
583 2842 689 2923 primo
721 2840 850 2926 quidem
876 2865 894 2902 a
919 2841 980 2903 deo
1000 2851 1034 2905 et
1056 2844 1239 2904 intemerata
1260 2851 1362 2901 matre

265 2924 361 3008 ipsius
383 2945 420 2984 ac
441 2925 585 2986 omnibus
604 2924 714 2988 sanctis
727 2923 874 3006 abscedit,
894 2926 1020 3008 magicis
1038 2926 1195 2988 maleficiis
1216 2935 1248 2985 et
1270 2926 1362 2984 lurn-

268 3009 322 3070 riis
339 3007 542 3091 cruentisque
564 3007 724 3070 sacrificiis
746 3019 780 3071 et
805 3010 963 3071 caballinis
983 3011 1174 3072 stercoribus
1195 3016 1290 3091 atque
1311 3009 1362 3067 lo..

267 3091 314 3152 tio
339 3089 530 3175 delectatas,
557 3091 746 3154 molliticbns
768 3113 896 3176 qnoque
918 3115 957 3154 ac
978 3095 1165 3156 daemonum
1187 3091 1364 3152 invocatio·

164 3201 193 3257 p.
206 3175 359 3239 manitus
381 3175 527 3258 gaudens,
550 3183 645 3258 atqua
666 3176 809 3238 omuibus
840 3177 955 3236 animm
973 3175 1250 3258 corrumpentibus
1271 3174 1363 3236 adin·

269 3260 503 3321 contionibusa
531 3269 639 3322 macra
661 3267 762 3322 aetate
782 3260 959 3322 convivens.
1001 3261 1075 3344 qnia
1097 3281 1174 3322 vero
1195 3267 1364 3342 paternum

269 3343 482 3426 principatum
511 3365 583 3404 cuna
618 3344 734 3404 malitia
766 3345 919 3426 suscepit,
953 3363 1016 3404 non
1040 3343 1196 3406 modicam
1218 3342 1249 3402 in
1270 3341 1363 3402 brevi

269 3437 413 3508 tempore
434 3429 629 3489 demonstrat
650 3449 689 3490 ne
713 3426 835 3502 uitium,
855 3429 899 3488 itu
921 3427 1009 3490 utab
1033 3428 1174 3489 omnibus
1196 3426 1237 3486 ob
1259 3426 1365 3505 impu..

268 3511 405 3571 dentiam
426 3511 590 3575 confestim
608 3509 684 3572 odio
728 3511 892 3589 aberetur,
914 3521 946 3573 st
969 3511 1167 3573 Artahnasdo
1187 3507 1364 3591 coropalati

269 3604 302 3656 et
322 3594 429 3657 comiti
451 3595 612 3679 Obsequii,
633 3596 689 3678 qui
711 3597 832 3657 Anniam
859 3615 1003 3657 sororem
1025 3597 1090 3656 cius
1111 3615 1240 3656 uxorem
1264 3593 1362 3652 duxe-

270 3687 329 3756 rat,
351 3679 396 3740 vis
416 3700 477 3762 pro
502 3680 688 3762 capessendo
719 3679 855 3760 imperio
878 3679 1104 3760 imponeretur.
1147 3677 1259 3740 codem
1280 3695 1364 3756 quo-

269 3782 331 3844 que
353 3783 435 3824 anno
466 3763 571 3826 Hisam
601 3764 758 3824 interfecit
778 3763 970 3824 Christianos
994 3763 1133 3846 captivos
1155 3764 1186 3821 in
1209 3759 1295 3822 omni
1315 3758 1362 3818 ci-

170 3844 174 3864 *
268 3845 376 3925 vitate,
400 3847 483 3908 inter
500 3869 577 3932 quos
599 3856 631 3907 et
645 3846 825 3908 Eustachius
846 3849 926 3908 tilius
940 3847 1071 3908 Mariani
1092 3845 1218 3927 patricii
1239 3851 1362 3923 martyr

269 3951 362 3990 verus
386 3937 522 3994 ostensus
544 3941 590 3993 est
613 3932 645 3990 in
658 3933 790 3992 Curram
811 3931 1063 4012 Mesopotamiae,
1083 3929 1140 3992 ubi
1160 3937 1192 3990 et
1212 3925 1364 4008 reliquiae

268 4013 364 4094 ipsius
386 4015 532 4077 sarritatea
552 4035 613 4096 per
634 4015 685 4076 dei
706 4015 839 4096 gratiam
861 4026 1045 4098 operantur,
1066 4023 1098 4077 et
1119 4012 1209 4076 multi
1230 4011 1282 4071 alii
1303 4030 1363 4092 per

270 4098 448 4181 sanguinem
469 4097 673 4162 consummati
694 4107 776 4163 sunt.

291 4231 294 4238 .
354 4180 463 4244 Mundi
484 4203 566 4248 anno
583 4179 675 4266 6233,
697 4179 820 4248 divium
836 4181 1060 4248 inmmntiouis
1080 4201 1163 4243 anno
1184 4175 1257 4255 73³,
1278 4177 1363 4240 Con·
