3050 4900
589 361 738 424 NOTAE.
1135 349 1208 426 429

124 533 208 596 timis
227 533 339 595 verbis.
381 533 414 593 in
442 530 609 594 Phoenicia
630 533 748 594 Lr'bano
773 535 951 618 propinqua
979 533 1134 618 oppidum,
1160 537 1209 594 cui

122 621 276 698 Palmyra
295 635 411 693 nomen,
432 628 574 676 oretustate
584 616 691 694 ferme
717 615 879 694 desertum,
900 617 1209 700 munimentisfirma-

118 706 166 762 vit
183 715 214 762 et
233 719 384 785 oqrsorum
409 700 498 783 copia
519 700 648 760 coercito
666 697 896 761 Sorocsnnrron
916 703 1057 761 exercitu.
1102 719 1209 760 vocem

120 779 252 862 λτμητου
272 785 386 844 Menrs.
407 781 550 864 exponits
583 801 687 842 sensus
717 782 781 844 eius
810 793 856 844 est
881 783 1050 845 Phoenices
1067 783 1155 842 limes
1182 797 1212 842 ct

117 871 272 928 terminus.
315 864 488 926 chronicon
510 864 751 926 Aternndrinunr
785 865 824 928 de
843 867 949 928 Tauro
973 887 1046 949 rege
1071 867 1209 928 Cretensi

118 953 239 1034 Tyrum
261 947 435 1025 invadente,
457 968 561 1028 regem
581 949 658 1032 Tyri
679 950 854 1030 Agenorem
878 948 1045 1012 obsidionis
1067 958 1212 1030 tempore

118 1035 151 1095 in
174 1031 363 1114 profundam
385 1030 594 1093 continentem
617 1031 703 1092 urbis
714 1032 861 1108 obsessae,
883 1043 1057 1117 captaeque
1076 1033 1213 1096 nescium

116 1117 198 1178 acies
219 1115 357 1178 eduxisse
374 1125 487 1203 'narrat
513 1115 570 1176 ista
597 1114 712 1196 plu-nsi.
764 1106 780 1175 ὃ
802 1113 838 1178 δὲ
858 1109 1004 1198 ’Λγηυοορ
1024 1113 1080 1180 κατ’
1098 1110 1129 1180 oi
1146 1111 1214 1180 υἱοὶ

118 1199 218 1262 αὐτοῦ
239 1199 415 1275 ἐπολέμουν
435 1192 490 1258 s'ni
509 1192 544 1258 τὸ
568 1192 708 1278 ληυητὸυ.

204 1304 284 1383 267,
311 1311 359 1372 12.
400 1302 508 1403 epidi
535 1302 719 1390 Ἰανουαρίῳ
747 1299 844 1388 μηνί]
871 1326 906 1368 ex
929 1307 1038 1373 cbron.
1067 1305 1211 1370 Alexand.

122 1413 206 1452 nuno
229 1389 389 1452 Iustiniani
412 1410 525 1472 pruno.

202 1496 283 1559 [bid.
319 1492 367 1558 16.
417 1489 435 1556 d
466 1492 618 1575 βασιλεὺς
645 1493 800 1580 Περσῶν]
833 1518 870 1560 ex
902 1498 1036 1562 eiusdem
1070 1498 1212 1562 chronici

119 1581 244 1726 pprbpss
275 1580 388 1664 quibus
414 1579 541 1642 adverso
568 1579 667 1642 refert
697 1580 871 1663 Procopius
908 1583 947 1648 de
978 1583 1062 1648 beiio
1083 1585 1211 1646 Persico

132 1688 141 1725 Ι
166 1709 174 1724 .
219 1710 226 1725 ι

201 1762 281 1825 uid.
306 1761 354 1824 19.
396 1763 452 1826 uui
471 1763 609 1843 Πέτρου]
638 1762 809 1847 Εἴρηυοῖου
841 1762 896 1827 sir
917 1764 1100 1842 flsmndr'ac
1121 1775 1212 1830 vocnt

120 1847 202 1910 idern
224 1848 411 1912 chronicon.

201 1944 273 2025 268,
293 1943 325 2008 6.
365 1939 549 2027 προστρρυη
564 1951 631 2018 τοῖς
645 1941 830 2024 Ῥωμαίοις]
855 1947 894 2010 de
915 1947 1089 2010 Erulorum
1111 1948 1211 2031 origi.

118 2051 170 2107 ne,
190 2031 274 2108 sede,
295 2031 436 2092 moribus
461 2031 585 2092 abunde
601 2031 776 2114 Procopius
800 2031 839 2094 de
858 2031 1104 2094 bolloGottbico
1126 2031 1212 2093 nur

118 2113 332 2175 sulmodium:
368 2135 452 2196 quo,
482 2127 515 2174 ut
529 2116 668 2198 primum
679 2114 865 2178 Iustiniaruss
884 2117 1020 2200 suscepit
1042 2117 1211 2199 imperium,
1293 2131 1299 2138 ·

117 2217 210 2258 ormo
228 2219 296 2259 cum
314 2199 360 2258 eis
372 2198 570 2276 consociasse,
589 2211 619 2258 et
642 2210 678 2258 ut
698 2198 818 2261 Christi
828 2198 926 2343 pidem
945 2199 1123 2284 conciperent
1139 2221 1212 2282 per·

117 2283 257 2357 semisse,
287 2289 396 2343 narrat
422 2280 577 2361 Euagrius
600 2281 652 2341 tib.
674 2274 696 2341 4
717 2301 786 2364 cop.
810 2284 824 2342 1
850 2325 858 2341 .
1034 2281 1041 2294 '

202 2379 283 2442 ibid.
302 2374 351 2442 14.
393 2375 609 2459 στρατηλάτην
627 2376 805 2459 Ἀρμενίας
820 2378 946 2465 Erico]
966 2379 1080 2444 Sittsm
1102 2379 1211 2442 scribit

114 2464 291 2545 Procopius
311 2462 349 2525 de
379 2462 462 2527 helio
481 2461 608 2523 Persico
628 2463 680 2523 iih.
704 2464 740 2538 1,
757 2485 850 2545 quem
875 2476 979 2527 cuncto
999 2468 1032 2526 in
1053 2464 1210 2527 Armeniis

115 2549 263 2608 exercitui
279 2549 466 2629 praefuisse,
499 2543 585 2626 qnod
618 2554 663 2606 est
682 2566 792 2605 munus
820 2540 1048 2629 στρατηλάτου,
1068 2554 1211 2609 testatur.

119 2630 314 2692 Peucinolius
343 2632 374 2692 in
400 2639 466 2691 not.
498 2629 571 2710 imp.
595 2628 703 2691 Orien.
732 2650 800 2711 cop.
823 2628 891 2691 131.
934 2630 1135 2706 Iustininmo,
1155 2630 1208 2704 nit,

31 2780 37 2787 ,
115 2714 251 2775 subactis
262 2712 413 2799 finitimis
433 2712 587 2790 bardans,
608 2732 758 2794 magnam,
779 2728 809 2775 et
830 2714 1001 2775 interiorem
1022 2712 1210 2776 Armeniam

115 2794 243 2875 dictam,
266 2818 379 2859 novam
394 2798 589 2881 provinciam
607 2798 736 2860 οτυσυίο.
753 2797 812 2861 lib.
832 2799 884 2861 ult.
897 2816 971 2879 cap.
986 2796 1025 2858 dr
1043 2793 1121 2877 offic.
1142 2818 1211 2859 ma.

113 2881 198 2959 giso.
233 2882 371 2941 milinrnr.
411 2900 505 2963 qrram
535 2879 636 2941 Zetae
655 2880 799 2961 magistro
832 2880 961 2941 militum
993 2877 1210 2967 (στροτηλάτρ

113 2963 252 3045 scripto)
274 2963 430 3026 commisit.
482 2980 641 3044 magnam,
672 2961 795 3046 inquit,
818 2962 1012 3041 Amorion,
1033 2984 1115 3048 quae
1134 2965 1209 3027 inte-

113 3049 181 3108 n'or·
197 3047 365 3124 dicebatur,
385 3060 415 3108 ct
425 3058 535 3126 gentes,
550 3046 729 3106 Antianam
741 3046 892 3125 uidelicet,
906 3047 1081 3128 hegilonem,
1094 3048 1211 3127 Astya-

115 3150 239 3205 nennm,
258 3128 444 3212 Sophenen,
460 3128 682 3213 Sophenenom,
703 3131 737 3190 in
756 3152 818 3214 quo
839 3143 883 3191 est
896 3130 1128 3213 Martyropolis,
1149 3132 1211 3194 Be·

115 3212 303 3285 labr'tenam,
325 3225 356 3273 et
374 3214 529 3296 primam,
562 3225 591 3272 et
618 3212 782 3275 secrmdam
805 3212 1002 3289 Armeniam,
1031 3226 1061 3272 et
1080 3212 1210 3276 Pontum

115 3294 362 3357 Polemonincum
384 3310 456 3357 urae
476 3313 568 3356 carue
588 3313 654 3355 nrm
675 3296 737 3355 suis
756 3296 880 3359 ducibus
900 3295 1110 3357 commisimus.

202 3400 273 3477 269,
294 3404 325 3464 9.
365 3397 514 3482 nonensi]
534 3402 642 3464 scribit
661 3402 819 3465 Cedrenus
839 3397 968 3481 κομιτοό.

199 3518 280 3582 ibid.
301 3512 330 3579 4.
374 3515 525 3603 Βοαρηξ]
550 3513 846 3600 ῦοᾶτυουτΒορηζ·
869 3520 972 3582 virum
991 3516 1207 3601 οἰυτΜαλάχ·

120 3600 255 3663 aiterum
275 3624 379 3683 regem
396 3598 510 3683 Γλόηυ.

197 3714 279 3781 ibid.
307 3717 354 3779 17.
397 3718 452 3779 καί
472 3710 489 3779 o‘
509 3716 639 3799 πλησίου
662 3713 847 3802 Βοσπόρου]
868 3718 1042 3801 Procopius
1065 3716 1209 3781 debello

113 3800 240 3862 Persico
262 3802 316 3861 lib.
349 3802 376 3861 1.
419 3816 466 3864 cst
498 3804 665 3884 Bosphoron
691 3802 799 3862 ciuitas
831 3803 989 3863 maritrinn
1022 3805 1210 3864 sinistrorsus

113 3884 276 3946 Euxinum
301 3887 427 3946 Pontion
448 3886 622 3966 naviganti.
649 3886 719 3945 lrin'c
736 3884 928 3946 Chersonesus
954 3888 1013 3945 iter·
1031 3886 1148 3946 dierunt
1170 3882 1211 3945 90

112 3966 252 4027 distans.-
272 3968 303 4028 r‘n
323 3990 454 4052 quorum
484 3964 588 4029 medio
609 3968 719 4028 Hormi
745 3980 848 4029 nosrta
870 3966 1033 4052 possident.
1075 3968 1212 4050 Bospho-

110 4050 193 4111 ritae
214 4064 317 4111 autern
338 4051 518 4113 iamdudum
538 4051 632 4112 liberi
658 4052 808 4112 incolunt:
846 4074 883 4112 ac
913 4050 1027 4113 Iustino
1056 4071 1153 4135 nuper·
1178 4071 1210 4110 se

108 4134 282 4215 permisere.
326 4143 439 4197 auctor
469 4134 561 4218 pium
598 4134 636 4194 nd
666 4134 867 4197 instinionnm
898 4134 1064 4195 secundum
1088 4134 1209 4194 nominc

114 4215 340 4278 Rinotmctum.
