3050 4900
464 339 603 402 horne
631 336 920 402 POSTERIORES.
1152 332 1224 404 615

135 515 314 576 Pontannsr
339 531 439 574 rerum
460 527 587 593 stanim3
607 515 643 576 P.
656 518 752 576 Goar.
775 514 855 574 disee
876 511 1006 576 πιοᾰιιιο
1029 533 1129 596 agere.
1153 537 1223 596 ego,

136 596 307 739 mitit}
323 597 608 741 witini
633 607 697 742 ‘2⁸30’
719 607 766 742 ii
779 596 1226 744 ii⁰⁰iio¹i⁰ii⁵⁶eii⁸p⁵iii⁸'

135 700 216 860 :3¹32
231 761 385 824 Mauricio
396 701 507 860 'adbold
527 701 766 846 superstitepsic
787 725 897 846 Po'lyh.
923 701 1045 842 Oddtoc
1063 703 1153 842 perd
1167 759 1225 844 viv

136 864 330 906 καιοσιασιν
357 847 462 918 θυοας
492 852 555 918 τοῖς
586 848 684 919 θεοῖς.
716 859 786 929 port
805 849 913 908 initum
937 849 1142 929 niagistratum
1163 847 1225 910 diis

137 927 329 1011 sacrificans.
680 995 686 1010 „

218 1025 291 1103 448,
315 1025 363 1087 19.
405 1023 563 1110 κλιψοὶσης
582 1027 638 1089 ἕνα
660 1024 735 1101 τῶν]
756 1028 830 1109 Iieg.
852 1035 912 1088 etc.
931 1025 987 1090 ιιαί
1004 1019 1083 1105 πρός
1107 1025 1224 1112 φυγὴνι

136 1111 256 1172 emend.
279 1111 405 1171 omuino
427 1132 462 1172 ex
485 1113 575 1172 Cedr.
606 1107 662 1172 rui
690 1105 921 1192 andropompi
952 1105 985 1171 ιὸ
1018 1103 1133 1190 ἑαυτῆς
1154 1111 1225 1173 ἐπι.

137 1191 272 1273 dodone:
300 1213 444 1277 imamque
477 1195 534 1255 illu
549 1194 660 1280 filium
694 1198 756 1254 ιίιιι
765 1193 843 1276 filii
864 1197 927 1256 loco
943 1195 1141 1276 'iugulandum
1157 1196 1226 1256 sub-

133 1277 280 1420 su‘cpi‘stset.
333 1275 378 1337 sic
408 1287 442 1338 et
467 1277 643 1362 Theophyt.
672 1297 741 1359 cap.
765 1276 815 1350 11,
838 1277 893 1361 qui
929 1297 997 1340 rem
1033 1277 1144 1338 clarius
1171 1299 1226 1340 er-

137 1382 180 1443 P⁰
218 1457 300 1520 Ibid.
314 1455 362 1519 18.
403 1449 591 1518 dumento
612 1453 669 1519 ria
683 1456 764 1538 βίον]
788 1458 830 1520 ita
844 1457 936 1521 Cede.
952 1459 1027 1542 λλιος.
1050 1459 1144 1544 Peyr.
1164 1467 1224 1522 etc.

217 1551 291 1631 450,
310 1558 340 1619 7.
381 1557 538 1636 πολέμους
569 1555 762 1640 αἰφνιδίους]
792 1556 960 1621 Theodosii
982 1567 1117 1621 mortem
1137 1579 1225 1621 conr-

135 1641 254 1724 probat
266 1639 441 1724 Theopbyt.
464 1661 533 1722 cap.
551 1637 599 1701 13.

219 1739 300 1805 ΙῙνίᾰ.
322 1739 351 1801 7.
402 1739 550 1820 λεγομένη
580 1735 644 1799 τῶν
664 1735 815 1814 Λέοντος]
845 1741 919 1822 fleg.
943 1749 1002 1800 ete.
1035 1731 1076 1800 td
1097 1737 1133 1801 ir
1154 1741 1225 1802 Βυ-

135 1819 248 1906 ζαντίῳ
283 1821 466 1902 πραχθέντα
497 1816 728 1899 συμπτώματα.Ι
792 1823 926 1902 explicat
958 1823 1069 1886 citatus
1105 1827 1225 1906 auctor,

135 1903 294 1988 quodnam
315 1904 513 1988 pervigilium
544 1900 630 1964 istud
654 1898 772 1983 fuerit3
806 1905 896 1987 piene
928 1927 992 1967 non
1015 1926 1149 1980 sacrum,
1171 1907 1226 1970 sed

135 1988 304 2070 profanum
324 2010 384 2070 pro
402 1988 531 2069 septima
548 1988 612 2048 nati
634 1987 737 2070 pueri,
759 1989 885 2070 quando
907 1987 1104 2050 Alexandrini
1126 1999 1227 2053 totam

91 2101 97 2114 =
135 2081 261 2133 noctem
278 2069 364 2150 luxu,
387 2092 423 2132 ac
444 2070 542 2152 epuiis
565 2070 733 2132 traducere
756 2072 907 2133 solebant
951 2071 1031 2134 istud
1055 2093 1143 2149 vero,
1167 2095 1226 2134 no.

135 2164 266 2216 cturnue
284 2155 408 2215 visionis
431 2163 558 2235 spectro
579 2155 696 2213 factum
719 2154 934 2236 accipiendum
955 2163 1022 2230 est,
1045 2175 1107 2216 nou
1133 2167 1169 2218 ut
1189 2175 1226 2219 rc

135 2259 208 2298 vera
228 2237 380 2299 oimiiacru
402 2237 445 2296 ita
466 2235 525 2296 suis
538 2235 662 2297 basibus
675 2235 792 2296 dimota
807 2239 879 2315 sint,
901 2239 932 2298 in
973 2237 1060 2298 uibus
1083 2259 1139 2299 nec
1153 2249 1221 2300 tum

133 2320 356 2399 consistebant,
386 2318 504 2380 abolita
536 2316 736 2380 Alexandriae
768 2321 842 2381 oiim
873 2261 1059 2382 idotdhtria.
1123 2320 1222 2404 liquet

133 2405 215 2468 enim
236 2425 344 2487 exseq
391 2424 452 2463 non
487 2401 527 2464 de
556 2402 621 2462 ahia
641 2401 749 2463 statuis
771 2422 945 2465 sermonem
967 2423 1028 2465 case
1048 2424 1142 2489 quarn
1163 2405 1222 2465 fat.

133 2509 241 2553 eorum
271 2490 450 2564 nurninurn,
488 2506 624 2569 quarum
655 2494 781 2570 spectro
819 2488 875 2549 ista
898 2485 1061 2549 doemones
1093 2486 1221 2569 praedi-

134 2573 246 2633 ierint.

142 2658 146 2663 ⁸
216 2667 299 2734 thid.
322 2668 370 2729 15.
412 2662 526 2749 μηδενὶ
554 2666 673 2741 roien]
697 2668 774 2751 Reg.
801 2676 861 2729 etc.
894 2663 1027 2748 Ναρσῆς
1047 2665 1083 2729 dd
1104 2658 1122 2729 o‘
1146 2666 1221 2731 τῶν.

133 2752 252 2817 Names
271 2754 344 2813 olim
367 2753 501 2813 Romani
522 2750 589 2813 dux
609 2751 766 2811 exercitus.

213 2847 322 2925 45t8.
364 2851 523 2929 προῆλθεν
546 2848 672 2924 Φωναῖς]
693 2848 786 2932 Peyr.
811 2858 870 2909 etc.
886 2869 941 2910 nec
962 2847 1019 2909 nisi
1044 2870 1154 2912 errore
1174 2844 1221 2933 τό,

132 2933 321 3013 προσῆλθεν,
341 2935 427 3016 quod
447 2940 492 2993 est
513 2954 549 2995 er
569 2934 645 3014 Reg.
675 2932 880 3014 exscriptum,
909 2932 948 2993 de
970 2931 1021 2993 itta
1044 2934 1219 3016 principum

134 3039 259 3099 pompa,
283 3038 319 3077 ac
340 3015 458 3078 solenni
478 3036 636 3099 processu.
880 3020 884 3029 '

214 3116 293 3176 lhint
318 3114 365 3177 19.
407 3110 487 3176 κατὰ
508 3114 655 3192 Napaei]
678 3114 771 3175 foedo
802 3135 914 3175 errore
938 3116 1021 3195 apud
1042 3114 1135 3176 Cedr.
1158 3112 1218 3175 dud

139 3199 254 3281 Ναροῇ
275 3198 449 3281 στρατηγῷ.
496 3199 621 3259 immisit
639 3202 672 3259 in
699 3198 812 3259 Persas
833 3198 932 3258 Narse
951 3196 1037 3258 disee.
1081 3198 1145 3257 imo
1164 3196 1221 3257 ad-

135 3303 239 3341 versus
256 3280 397 3359 narsem,
420 3304 511 3364 quem
537 3283 600 3363 ipse
620 3291 692 3365 post
713 3302 827 3363 paucas
843 3280 935 3341 hnena
956 3292 1068 3343 contra
1088 3280 1181 3342 fidem
1204 3301 1220 3340 a

133 3364 239 3425 Phoeu
261 3365 457 3425 combustum
479 3364 537 3440 ait,
561 3365 691 3446 perinde
722 3386 758 3424 ac
779 3362 993 3446 Theophanes.
1045 3365 1097 3423 sed
1125 3363 1221 3423 moris

134 3448 200 3509 sere
222 3446 450 3528 interpretum,
481 3458 516 3509 ut
546 3448 700 3509 devorent
727 3446 851 3523 omnin,
874 3469 910 3505 ae
934 3468 1033 3529 neque
1053 3448 1223 3508 subnotent

133 3530 178 3592 sie
199 3530 277 3591 male
305 3530 513 3592 cohaerentia.
569 3527 631 3592 aiud
661 3527 841 3611 ἐλεφάντων
863 3528 1119 3610 συστησάμενος.Ι
1146 3530 1221 3611 Reg.

133 3616 199 3680 Par.
221 3624 281 3675 ete.

218 3711 290 3790 452,
312 3712 359 3774 17.
403 3711 437 3775 ἐν
459 3706 540 3797 λύπῃ
560 3702 618 3773 οὖν
649 3705 780 3796 μεγάλῃ.
823 3710 867 3783 εἰς
887 3707 962 3781 τούς
984 3712 1125 3790 Πέρσας]
1148 3712 1222 3793 Reg.

217 3816 292 3898 453,
314 3818 344 3881 7.
385 3818 428 3903 τῷ
447 3816 604 3905 Aspim»
632 3819 695 3882 τοῖν
723 3814 911 3900 Πρασίνιον]
942 3818 1140 3881 Ριαιίιιοιιιπι
1164 3817 1223 3880 tri-

133 3908 232 3967 buno:
257 3924 313 3965 nec
338 3904 422 3965 enirn
444 3902 465 3962 ii
486 3904 599 3985 piures.

217 4002 300 4064 Ibid.
327 4003 375 4063 tr.
415 4002 473 4064 roi
495 4002 572 4063 ναοῦ
592 3993 775 4061 ἀποσπάσαι
796 3994 834 4062 τὰ
857 3998 978 4081 rivere}
1002 4001 1075 4081 liefr.
1097 4008 1156 4060 ete.
1179 3996 1223 4073 εἰς

133 4080 169 4147 ια’
192 4079 309 4163 στόμα.
332 4086 407 4167 Reg.
428 4087 520 4147 Barb.
544 4086 635 4167 Peyr.
649 4093 708 4143 etc.
728 4097 857 4145 statuens
877 4084 971 4143 tuales
994 4092 1039 4144 ait
1060 4080 1143 4143 Circi
1162 4103 1224 4143 me·

136 4181 224 4246 tam,·
248 4178 284 4230 ut
305 4169 345 4229 sit
367 4168 448 4231 idern
469 4192 504 4231 ac
527 4162 693 4251 σφενδόνη,
714 4189 778 4250 quo
808 4168 875 4227 ioco
899 4167 990 4227 toties
1013 4164 1138 4250 legimus
1163 4166 1223 4226 hn-

1252 3334 1262 3391 1
