3050 4900
645 297 794 359 nossu.
1185 286 1258 362 tas

172 475 291 536 arebam
313 471 530 551 Praesentem,
552 493 633 558 quae
663 495 729 537 oon
757 476 879 536 Latina,
894 473 1047 559 significat
1075 477 1260 538 adstantem.-

167 570 355 640 praesentem
380 557 460 616 eninr
485 579 566 634 esse,
597 555 716 618 adstare
737 559 845 634 avalet3
876 559 957 642 qnod
973 573 1053 620 terra
1072 563 1174 620 nitens
1195 581 1260 620 cnm

175 639 344 701 nemoribus
363 660 483 723 semper
508 639 595 701 nobis
615 641 713 716 adsit,
735 654 766 701 et
782 643 938 724 persistat.
983 641 1135 706 Venetam
1154 645 1260 725 appel-

169 724 259 799 lavit,
279 719 367 805 qnod
387 721 421 782 V
417 736 501 782 eneta
517 726 677 806 prouincia
703 725 834 784 subiecta
863 727 901 786 sit
921 725 1046 800 Romae,
1071 725 1155 784 enias
1172 739 1262 808 eaput

168 820 214 868 est
233 805 390 888 Aquileia,
410 806 466 867 nbi
485 807 615 867 eaentlei
635 807 790 887 tinguntur
805 809 906 892 panni
911 855 920 884 ,
942 823 971 868 et
989 811 1176 888 eoninngitnr
1194 829 1259 868 crena

169 889 308 952 Prasino
323 889 490 968 suctione,
510 890 567 949 boc
593 902 652 961 est,
674 903 772 950 terra.
827 891 978 953 Albotam
1005 894 1073 952 aeri
1094 893 1261 970 assignant,
1335 915 1338 926 ·

169 973 255 1048 quod
271 974 378 1052 irriget
396 985 514 1053 terram,
533 994 573 1033 oc
592 973 686 1032 eidem
707 973 887 1048 subserviat,
906 989 935 1034 et
954 988 1133 1058 opportunus
1153 995 1210 1034 aer
1220 976 1263 1058 fit

167 1055 229 1115 itti.
258 1056 402 1130 fictioni
423 1056 561 1116 Venetae
581 1054 723 1138 Neptuno
751 1077 879 1134 sarrae,
899 1059 1057 1118 Russatanr
1078 1059 1260 1139 assignavit,

165 1160 244 1221 qnae
260 1140 360 1217 ignens
382 1141 495 1215 refert,·
517 1158 554 1199 eo
574 1138 657 1222 quod
675 1161 760 1222 oqoa
780 1159 883 1201 aerem
912 1141 971 1202 sibi
996 1139 1155 1202 snbr'ectnm
1176 1145 1262 1223 qnasi

166 1222 279 1283 deleat.
323 1234 449 1282 ceteram
472 1223 607 1284 Romani
632 1223 688 1282 hoe
717 1223 807 1284 modo
838 1225 872 1286 in
879 1225 1033 1304 factiones
1053 1223 1171 1284 dissecti
1186 1244 1261 1306 pro·

162 1318 237 1387 pter
255 1302 384 1366 dissidia
399 1307 545 1388 partium,
567 1305 640 1365 dnm
660 1308 785 1388 quisque
803 1325 873 1367 eam
889 1308 985 1390 cupiit
1003 1311 1185 1390 superiorem
1202 1307 1260 1386 sa.

171 1389 295 1450 milium
305 1434 315 1466 ,
333 1389 386 1448 cui
415 1390 479 1471 ipse
499 1389 639 1449 manente
646 1389 803 1467 fluebat,
834 1392 969 1470 graviter
989 1391 1066 1450 inter
1084 1411 1114 1450 se
1133 1389 1261 1450 disside-

166 1471 257 1547 bant‚·
286 1469 370 1554 quod
395 1473 516 1554 qunque
532 1491 592 1554 pro
612 1492 667 1531 sua
679 1474 844 1549 factione,
873 1473 954 1533 velat
978 1493 1037 1556 pru
1056 1475 1118 1534 arr's
1137 1485 1166 1534 et
1177 1470 1261 1554 soris

165 1567 389 1637 propugnant.
433 1554 507 1615 odia
528 1557 621 1634 igitur
640 1558 779 1616 intestina
800 1567 830 1615 et
845 1555 974 1616 dissidia
985 1558 1167 1638 grauissima
1185 1559 1263 1616 inter

156 1638 314 1717 sactiones
332 1641 367 1699 in
387 1636 460 1697 urbe
479 1637 642 1699 extabant.
694 1637 770 1700 haec
801 1637 974 1700 chronicon
998 1639 1258 1700 Alexandrinum:

169 1742 205 1781 ex
226 1741 292 1802 quo
313 1722 338 1780 si
369 1720 510 1801 partibus
532 1719 562 1779 in
584 1721 645 1782 suis
677 1722 820 1782 omnibns
841 1743 948 1784 veram
969 1743 1033 1782 uon
1054 1731 1139 1784 tenes
1163 1721 1261 1782 bisto-

168 1805 269 1877 riam,
299 1805 429 1864 aliorum
448 1803 557 1864 saltem
591 1813 735 1885 apertum
759 1827 880 1865 sensum
909 1814 941 1866 et
962 1806 1062 1870 lucem
1084 1827 1118 1867 ex
1140 1827 1176 1866 eo
1197 1825 1259 1866 uon

168 1888 333 1948 obscuram
354 1887 518 1968 percipies.
561 1885 710 1970 quodque
724 1889 947 1987 Theophanem
968 1898 1098 1971 spectat,
1120 1889 1151 1948 in
1175 1889 1260 1948 cuius

169 1970 304 2033 lectione
324 1990 414 2032 voces
435 1972 511 2030 istae
531 1961 614 2042 οἶκος
641 1973 675 2032 ἐν
697 1963 900 2056 ἱπποδρομῴ,
932 1969 1085 2034 nostran
1106 1966 1261 2048 ἱπποδρό-

166 2073 240 2133 μου,
262 2053 383 2135 uttan,
405 2042 551 2134 εὔριπος,
570 2048 736 2133 raptariis),
759 2055 937 2136 σφενδόνη,
958 2054 1092 2128 dtinuit,
1115 2055 1261 2132 unctior,

167 2145 200 2197 et
220 2137 297 2198 aliae
316 2137 456 2197 nonnihil
474 2137 611 2198 animum
631 2137 779 2199 cohibere
803 2151 943 2220 possent:
966 2161 1000 2199 ex
1023 2139 1068 2198 his
1084 2139 1189 2210 babes,
1212 2133 1260 2196 oi-

167 2240 241 2290 κους
260 2214 482 2301 innodpo'poo,
516 2221 614 2301 regins
648 2217 737 2281 aedes
759 2220 797 2280 nd
821 2219 1029 2303 Hippodromi
1052 2221 1148 2284 latera
1171 2221 1260 2280 suisse

167 2301 347 2366 duodecim:
369 2311 541 2364 occurrunt
564 2325 669 2364 earum
682 2304 968 2386 uotninapleraqne
982 2315 1048 2366 turn
1074 2305 1105 2366 in
1128 2303 1256 2364 historia

169 2397 285 2465 nostra,
306 2397 374 2449 tum
391 2385 424 2447 in
445 2386 617 2469 originibus
629 2387 687 2448 CP.
716 2408 733 2446 u
755 2386 891 2465 lectore,
912 2388 935 2446 si
960 2389 1074 2461 lubeat,
1098 2386 1255 2448 adeundis.

164 2470 269 2549 ndtpa
293 2480 415 2533 constat
436 2492 498 2532 etse
518 2471 593 2531 circi
615 2491 735 2546 aream,
759 2480 789 2530 et
816 2492 878 2552 quo
902 2470 1091 2546 decurritur,
1112 2470 1255 2551 spatium,

162 2554 228 2616 sive
257 2556 375 2616 solnm:
403 2553 539 2635 Euripus
561 2554 649 2615 fovea
672 2562 718 2615 est
738 2554 840 2614 nrodio
870 2554 970 2634 spatio
989 2554 1137 2634 praefato
1158 2574 1256 2634 equae
1294 2580 1297 2587 ¹

164 2638 381 2716 continendae,
410 2646 442 2699 et
463 2636 661 2699 naumachiae
691 2635 896 2698 celebrandae
925 2634 1096 2697 destinata:
1118 2634 1255 2696 latitudi.

114 2716 118 2726 ⁴
165 2742 236 2781 nem
254 2723 319 2783 eius
351 2732 383 2783 et
411 2722 655 2801 profunditatem
670 2720 819 2782 describit
845 2720 980 2781 Tliomas
1000 2722 1201 2800 Dempsterns
1224 2720 1254 2778 in

163 2805 310 2865 Romanis
344 2804 600 2887 antiquitatibus,
630 2805 744 2866 ubido
766 2804 863 2865 circo.
919 2799 1070 2881 καμπτόν,
1094 2803 1256 2877 siverun-

163 2888 267 2967 πτῆρα
286 2910 426 2949 carceres
447 2910 464 2949 e
487 2909 550 2970 quo
570 2888 741 2967 'prodeunt
749 2932 759 2962 ,
782 2898 813 2949 ct
833 2885 1039 2949 reflectuntur
1060 2888 1143 2969 eqni,
1165 2896 1256 2967 putu.

162 2971 229 3032 bis:
261 2980 375 3032 metam
397 2971 537 3034 rrltimnm
558 2966 731 3051 σφενδόνην
759 2970 872 3033 fundae
905 2972 1089 3033 referentem
1111 2972 1254 3051 figuram..

166 3052 289 3115 dtinntr
310 3055 400 3137 bigne
420 3056 552 3136 spatium
574 3062 635 3114 est:
656 3062 687 3115 et
708 3053 845 3115 sanein
866 3053 989 3117 tandem
1013 3064 1093 3115 mets
1117 3054 1253 3135 quaevis,

165 3145 197 3197 et
218 3138 367 3199 obeliscus
395 3136 434 3197 nd
468 3136 559 3219 gladii
581 3138 713 3199 formam
732 3137 772 3197 nd
792 3138 923 3198 medinm
945 3138 1021 3198 circi
1041 3137 1158 3217 spinam
1184 3158 1254 3197 ere.

165 3231 243 3295 etus,
266 3220 446 3303 do,qnibus
476 3222 634 3301 praefatus
654 3224 876 3301 Dempsterus,
896 3220 1031 3303 Lipsius,
1062 3217 1253 3300 Onnphrius,

164 3304 365 3374 Pnncirollus,
390 3306 495 3385 etqui
519 3304 673 3365 Romanas
695 3306 828 3385 origines
851 3312 1025 3364 tractavere
1049 3302 1170 3386 reliqui.
1195 3300 1254 3361 boc

166 3409 262 3446 asurim
286 3388 427 3458 adverto,
450 3388 621 3447 fractionum
645 3397 887 3448 memoratarum
910 3387 982 3447 duas
1000 3396 1119 3447 tutatum
1145 3386 1174 3445 in
1203 3384 1254 3443 hi-

114 3528 117 3533 .
163 3472 260 3531 storia
281 3470 340 3529 bnc
360 3470 470 3530 haberi
486 3472 678 3545 memorium,
700 3471 847 3532 Prasinae
866 3470 1061 3532 ethnetae:
1085 3469 1155 3529 alias
1174 3478 1252 3529 teni-

164 3554 295 3634 poribus
313 3554 426 3613 ultimis
456 3554 505 3614 vet
533 3556 697 3629 extinctas,
728 3551 776 3613 vel
810 3554 871 3615 istis
901 3554 1078 3616 adiunctus:
1101 3553 1181 3612 bclln
1204 3562 1252 3612 tn-

163 3660 233 3697 mcn
258 3648 290 3697 et
312 3636 431 3698 dissidia
453 3638 536 3698 inter
554 3658 586 3699 se
605 3638 715 3699 fovisse
736 3646 906 3719 perpetua,
932 3636 1009 3697 atico
1038 3648 1073 3698 ut
1092 3634 1252 3697 dissensio.

164 3742 238 3780 unm
264 3720 392 3783 flammis
416 3720 455 3781 sd
485 3720 578 3782 urbes
607 3722 699 3782 etiam
720 3722 793 3781 alias
818 3720 989 3802 deportatis
1011 3720 1149 3803 integrae
1173 3738 1253 3799 pro.

163 3805 292 3881 vinciae,
315 3814 347 3866 et
365 3814 468 3865 totum
482 3824 564 3885 pene
585 3803 750 3886 imperium
771 3802 986 3885 conflagrarit.
1028 3804 1188 3863 Prnsinmn
1203 3802 1252 3859 in.

162 3908 257 3967 snper
281 3888 397 3970 nbiqnc
418 3888 517 3950 ferme
536 3908 668 3948 numero
698 3888 848 3949 maiorem
882 3886 1075 3963 observabis,
1104 3884 1252 3965 principis

162 3972 310 4049 potestati
331 3972 431 4033 minus
451 3971 616 4046 subditam,
637 3981 669 4031 et
690 3992 764 4053 ergo
793 3992 863 4031 eum
892 3970 1047 4053 religionis
1079 3970 1250 4028 intensam:

163 4054 315 4114 Venetam
346 4077 380 4117 ex
402 4055 533 4117 adverso
554 4056 755 4135 compositam
785 4055 879 4136 inagis
907 4062 939 4115 et
967 4052 1158 4113 moderatam
1195 4054 1252 4110 im-

162 4148 347 4216 peratorum
378 4138 502 4202 affectus
527 4137 615 4201 adse
636 4138 799 4219 pellexisse.
854 4138 984 4201 istorum
1013 4137 1150 4219 exempla
1180 4156 1252 4218 sup-
