3050 4900
600 409 747 477 noras.
1078 386 1084 398 '
1150 403 1220 478 los

137 589 156 626 n
176 562 286 626 llnsilio
311 563 405 626 Ciliee
426 563 592 645 diligenter
612 566 770 646 scriptam,
792 585 884 646 quum
901 565 1033 646 periisse,
1054 563 1102 625 val
1124 564 1224 628 adhuc

138 649 222 711 inter
243 647 404 729 pulverem
425 659 457 709 et
477 648 588 709 blattas
609 647 706 709 latere
727 646 905 708 dolendum.

219 744 291 823 205,
315 743 347 808 3.
391 741 665 828 rinoxpsosnps'ovc]
686 747 832 808 mandata
855 747 1041 829 principum,
1064 758 1095 809 et
1116 749 1224 828 ponti.
1324 757 1332 766 '

134 831 230 892 licum
249 850 389 914 responsa
404 829 563 913 quondam
580 829 678 890 dicta:
699 830 752 912 qui
767 831 948 892 deferebant
964 829 1079 908 nuncii,
1099 853 1225 917 respon.

132 915 226 976 satas.
269 914 321 974 illa
342 911 469 974 Graecis
490 903 688 994 ἀποκρίσεις·
712 913 760 974 isti
783 903 1026 992 ἄποκρισιᾰριοι.

217 1010 295 1074 Ibid.
321 1011 367 1076 le.
410 1011 469 1072 rosi
491 1009 573 1075 As'oo
601 1005 713 1093 μονήν]
745 1011 877 1094 dequo
903 1015 1061 1074 Menaessns
1083 1013 1120 1074 nd
1144 1013 1224 1076 diem

133 1093 206 1154 lolii
222 1092 271 1171 19,
289 1094 502 1172 monologium
521 1095 628 1156 Sirleti
650 1093 690 1154 ad
713 1094 794 1156 diem
816 1096 957 1162 eundem.
1010 1097 1060 1157 “S.
1073 1099 1147 1158 Dius
1167 1098 1225 1161 sub

131 1175 312 1239 Theodosio
334 1180 375 1238 lll
394 1179 453 1239 CP.
474 1177 696 1240 monasterium
715 1179 888 1240 aedificavit
903 1179 1005 1239 multis
1026 1181 1164 1260 pecuniis
1186 1181 1225 1244 ab

133 1259 328 1342 imperatore
349 1261 565 1344 suppeditatis,
586 1261 698 1344 quibus
720 1282 798 1342 opus
821 1259 919 1343 ip'sum
946 1263 1203 1345 participasset?

216 1359 295 1420 Ihs‘d.
319 1359 370 1421 13.
423 1360 468 1432 εἰς
487 1356 523 1422 τὸ
541 1355 694 1440 ἱερατεϊον
718 1358 891 1441 ἐπέδωκαν]
913 1363 1075 1422 Liberatus
1097 1364 1127 1424 in
1149 1366 1225 1424 hre.

132 1436 232 1502 viario
252 1464 320 1524 cap.
337 1443 386 1505 18.
417 1443 515 1505 “datis
530 1444 641 1504 Acacio
667 1441 841 1505 huiusmodi
866 1445 984 1521 litteris,
1007 1467 1054 1505 cas
1077 1469 1137 1506 non
1159 1469 1226 1506 sus-

132 1524 234 1606 cepit,
263 1527 444 1607 patrocinio
468 1529 563 1588 fultus
585 1527 800 1608 imperatorias
828 1528 871 1588 ita
893 1539 927 1588 ut
950 1540 1148 1610 cogerentur,
1171 1531 1225 1612 qui

132 1629 183 1668 ess
204 1609 394 1687 detulerunt,
416 1631 475 1692 per
496 1610 651 1694 quendum
667 1609 853 1670 monachum
870 1613 1106 1672 Achimitensem
1129 1616 1224 1693 ipsam

132 1691 273 1752 chartam
291 1693 504 1771 damnationis,
528 1693 601 1754 dum
622 1693 842 1774 ingrederetur
863 1693 901 1755 ad
922 1694 1108 1756 celebranda
1128 1718 1224 1772 sacru,

131 1775 320 1855 suspendere
353 1778 383 1837 in
417 1779 482 1838 eins
502 1777 619 1858 pallio,
651 1784 683 1838 et
704 1775 871 1838 discedere.
924 1778 976 1861 qui
1002 1786 1104 1838 tamen
1127 1801 1224 1860 usque

132 1857 173 1916 asl
195 1868 330 1920 mortem
351 1862 571 1941 patrocinante
586 1862 778 1941 imperatore
801 1860 948 1922 remansit
972 1863 1155 1924 sacrificans.
1176 1861 1223 1922 his

130 1943 398 2021 provenientibus,
421 1955 452 2004 et
475 1945 586 2005 Anneio
615 1950 820 2024 permanente
841 1943 872 2004 in
887 1945 975 2005 Petri
996 1946 1225 2023 communione,

130 2028 288 2104 separavit
318 2047 349 2088 se
384 2027 508 2108 quidem
538 2027 623 2089 sedes
652 2026 823 2107 apostolica
854 2027 973 2090 act'.”
1017 2029 1124 2090 ultima
1149 2027 1225 2092 haec

131 2108 317 2251 Tthggphani
341 2109 554 2171 aslsersautur.
607 2109 757 2172 ridendus
779 2109 931 2193 Euagrius
954 2110 1008 2172 lib.
1031 2109 1051 2172 3
1072 2131 1161 2194 capp.
1187 2109 1225 2174 10

131 2212 149 2251 e
230 2235 238 2251 .

196 2285 287 2362 ,son
310 2289 340 2350 l.
384 2285 575 2352 Koiosos'nsv
606 2289 771 2363 s’nsbxonoc
797 2287 1011 2370 Ἆιτιοχεάις]
1040 2292 1071 2351 in
1102 2291 1224 2372 priores

132 2391 241 2446 annos,
262 2375 371 2455 ‹pribus
384 2371 485 2434 adhuc
498 2374 600 2434 sedern
616 2374 792 2455 occupabat
807 2375 985 2456 Calandion‚
1001 2377 1124 2436 fuerant
1143 2373 1219 2435 hacc

130 2480 149 2515 a
172 2456 361 2536 Theophane
393 2456 587 2518 revocanda:
615 2458 654 2519 de
682 2458 793 2539 quibus
815 2456 853 2515 ad
883 2458 1012 2517 verbum
1034 2458 1221 2519 Theodorus

130 2540 234 2599 lector
256 2541 305 2600 lib.
328 2542 347 2601 9
375 2541 497 2601 collect.
520 2540 630 2621 petitas
653 2564 669 2600 a
690 2542 815 2601 Zenone
835 2540 986 2599 Eustuthii
1009 2541 1166 2623 reliquias,
1191 2550 1223 2601 et

132 2623 288 2704 Philippis
310 2624 510 2685 Macedoniae
533 2634 653 2686 evectas
670 2624 790 2683 scribit.

213 2722 297 2783 leid.
319 2721 347 2783 6.
393 2722 558 2803 Φραυίτας
578 2721 731 2805 τριμήνου
760 2722 815 2801 τῆς
835 2718 1017 2801 ἐπισκοπῆς]
1040 2724 1222 2807 quadrime-

130 2816 227 2867 strom
249 2808 341 2887 ponit
363 2807 425 2866 eius
447 2810 660 2890 episcopatum
680 2806 834 2889 Euagrius
856 2802 945 2866 lih.3
963 2826 1029 2887 cap.
1052 2806 1102 2869 93.
1124 2810 1162 2871 de
1182 2832 1220 2872 co

134 2910 264 2972 quoque
285 2891 446 2950 Liberatus
469 2892 498 2951 in
519 2891 678 2952 breviario
702 2911 770 2971 cap.
799 2888 844 2952 18.

215 2988 297 3051 leid.
319 2989 368 3051 21.
411 2990 536 3068 Πέτρος
557 2986 573 3050 ὁ
591 2984 734 3072 Μόγγος]
766 2988 852 3049 Petri
873 2989 977 3068 Mongi
997 2998 1130 3051 mortem
1152 2992 1221 3052 Eu-

129 3070 246 3153 phemii
268 3072 448 3153 primordiis
463 3074 595 3135 solerter
617 3074 794 3134 adiunctam
811 3093 846 3132 ex
862 3070 988 3153 Euagrii
1004 3072 1055 3133 lib.
1069 3072 1098 3135 3.
1120 3074 1219 3155 caph

130 3156 320 3215 anctoritate
341 3157 474 3239 colliges.
516 3156 681 3219 Athanasio
701 3154 869 3219 successori
889 3175 984 3214 uncos
1004 3152 1036 3233 6,
1061 3155 1123 3218 dies
1145 3156 1216 3233 223,

128 3239 263 3321 assignat
284 3238 499 3300 Ecchelleasis.

212 3336 286 3415 907,
308 3338 336 3399 9.
379 3337 492 3417 Ζήνων
509 3336 545 3400 ot
565 3334 581 3398 ὁ
600 3332 762 3416 βασιλεύς]
798 3358 893 3399 annus
914 3335 1142 3421 superiorque
1165 3348 1217 3423 ty.

130 3419 220 3480 ranni
239 3420 374 3495 extincti,
399 3442 556 3505 quemque
568 3419 738 3483 calandion
762 3420 903 3481 ultimum
925 3422 1107 3496 numeravit,
1129 3441 1217 3482 cons-
1248 3424 1250 3435 '

127 3503 248 3566 modius
269 3506 324 3566 ista
343 3505 516 3586 excepisset.
541 3504 703 3567 historiam
726 3504 832 3587 itaque
853 3524 916 3565 oon
933 3503 1216 3589 chronographiam

128 3596 242 3648 auctor
263 3588 313 3649 hic
333 3587 468 3650 exhibet.

210 3688 293 3749 thid.
315 3686 347 3749 8.
390 3686 517 3763 Πέτρος
550 3686 586 3748 ss
616 3682 634 3745 ὅ
658 3686 687 3749 Γ
686 3681 818 3768 sepsos]
849 3684 926 3747 baec
955 3708 1060 3749 rursus
1083 3688 1213 3771 propria

125 3769 199 3832 sesle
220 3780 351 3844 remoto,
374 3780 406 3831 et
427 3770 551 3853 palladii
571 3769 665 3832 aetati
688 3770 860 3849 incongrue
884 3770 1016 3831 adnexa:
1040 3771 1078 3831 sle
1103 3772 1214 3853 quibus

125 3854 277 3936 Euagrius
306 3853 361 3915 lib.
381 3854 402 3915 3
420 3876 489 3936 cap.
514 3851 569 3929 to,
597 3852 769 3915 Alexander
791 3854 959 3913 monachus
980 3854 1063 3935 opud
1087 3854 1213 3914 Surium

127 3936 164 3996 ll
188 3939 278 4004 lanii,

208 4034 289 4099 Jss'd.
312 4034 358 4100 l‘l.
412 4028 547 4109 Ξεναΐας
580 4034 615 4095 δὲ
644 4030 661 4093 ὅ
693 4031 814 4117 δοῦλος]
851 4036 1022 4095 recitantur
1051 4033 1126 4093 haec
1155 4058 1212 4116 per

124 4121 317 4181 Anastasium
358 4120 524 4181 diaconum
563 4120 593 4179 in
630 4118 968 4199 posterioriNicncno
1011 4118 1145 4178 concilio
1177 4143 1211 4181 ex

122 4202 295 4348 thhdom
318 4203 458 4282 lectore,
478 4223 541 4287 qiso
565 4211 707 4284 tempore
731 4201 795 4263 eins
818 4199 946 4264 historio
974 4200 1092 4285 integra
1115 4202 1210 4265 bahe-

225 4392 403 4465 strophones
419 4394 458 4446 11.
976 4389 1009 4441 26
