3050 4900
304 364 376 437 550
685 370 726 433 nt
756 364 1035 433 rumentum

301 542 349 603 tio
369 560 466 621 supra
489 534 643 601 decimum
669 538 806 601 Leonem
839 537 973 618 imperio
1002 536 1139 617 potitum
1159 536 1283 617 scrtpsit
1300 559 1400 619 supe-

303 626 367 687 rius
386 622 589 705 Theophanes
610 612 650 683 sul
671 622 866 683 Constantini
890 621 1085 703 Copronymi
1107 641 1222 679 nonum
1243 621 1400 681 uitiosum:

301 708 492 790 Septembris
513 706 627 767 iterum
650 702 700 765 die
725 716 840 766 octauo
862 705 927 765 foto
950 706 1092 765 functum
1115 704 1169 765 hic
1186 704 1310 765 ststuit:
1334 706 1400 785 igi·

302 801 357 853 tur
385 800 456 871 post
486 788 607 873 imperii
630 782 685 871 ἔτη
713 790 807 849 πέντε
836 788 923 864 παρὰ
950 788 983 860 ’ἐξ
1016 784 1158 865 ἡμέρας,
1188 807 1319 869 eumque
1348 788 1399 849 ie-

301 875 439 935 ctionem
460 875 555 933 coder
570 872 757 933 Borherinus
780 871 965 933 etVuticsni
986 878 1161 933 ostentant:
1182 872 1235 932 sed
1257 882 1289 931 et
1310 872 1398 933 Anu.

299 958 406 1017 stnsius
430 978 498 1017 eum
519 964 637 1016 tuetur.
681 968 813 1017 mortium
831 971 892 1031 est,
922 955 1044 1038 inquit,
1068 974 1134 1015 cion
1156 946 1394 1035 mperasset'an.

299 1042 347 1101 nis
368 1043 519 1124 queisque,
541 1038 645 1099 diebus
676 1060 732 1101 sex
763 1044 909 1135 erccpc's.
961 1047 995 1099 ot
1021 1058 1094 1099 curn
1122 1037 1312 1118 Septembris
1343 1038 1397 1100 dic

299 1120 563 1185 vicesimotertio
588 1120 754 1204 imperium
783 1122 891 1183 sdirsse
918 1122 1069 1204 exipsius
1094 1122 1231 1197 auctoris
1250 1120 1396 1182 testimo.

300 1206 353 1267 nio
376 1207 416 1268 sd
439 1226 555 1267 sonum
575 1204 769 1289 Copronyrni
791 1206 934 1266 ultimum
955 1204 1117 1268 evidenter
1137 1204 1393 1283 demonstretur;

299 1289 491 1372 Septembris
520 1287 655 1351 eiusdem
687 1288 738 1351 die
767 1290 900 1371 septimo
931 1310 1026 1372 supro
1059 1286 1213 1350 decimum
1235 1286 1395 1350 excessisse

299 1381 431 1435 constat.
485 1380 612 1434 stemum
634 1392 734 1452 porro
756 1393 886 1455 mugnus
916 1372 1070 1449 ecciesiae,
1092 1372 1178 1454 qood
1203 1371 1261 1432 sibi
1281 1370 1397 1437 vendi·

299 1478 381 1518 casse
410 1466 582 1531 norrutur,
616 1456 692 1516 ittud
723 1463 770 1519 est
790 1456 915 1540 quode
944 1456 1078 1539 coniuge
1099 1455 1250 1517 donatum
1272 1454 1393 1536 tempto

299 1539 479 1683 appendigse
513 1538 701 1603 Macrinium
738 1560 835 1623 supro
862 1539 991 1623 legimus
1026 1538 1066 1601 ud
1105 1540 1171 1603 eins
1205 1558 1322 1599 sonum
1353 1538 1392 1601 19

298 1644 368 1709 psg.
395 1622 433 1685 23
459 1665 468 1684 .

379 1730 451 1807 703,
476 1730 506 1793 8.
558 1731 615 1811 τῆς
638 1725 883 1813 Δωδεκανήσου]
919 1729 1036 1792 insciae
1057 1728 1206 1813 Cyclades
1225 1727 1393 1790 duodecim

297 1811 522 1895 Δωδεκάνησος
541 1822 629 1874 sunt:
662 1821 786 1873 etcum
809 1814 840 1874 io
863 1815 946 1875 civiti
966 1821 1035 1873 tum
1055 1813 1086 1872 in
1108 1813 1314 1875 ecclesiastico
1337 1834 1393 1873 re-

297 1898 412 1980 gimine
433 1897 627 1979 provinciam
650 1897 865 1957 constituunts
896 1898 969 1980 quis
988 1916 1065 1959 vero
1087 1897 1260 1957 maritimae
1284 1896 1393 1958 Druo.

185 2027 190 2041 .
296 1982 419 2065 gorius,
448 1978 557 2055 (classis
579 1980 728 2039 nimirum
749 2000 785 2041 ex
805 1980 848 2041 eis
871 1983 1022 2043 cottectoe
1044 1979 1116 2057 dur)
1135 1980 1206 2041 ideo
1227 1980 1316 2039 simut
1337 2000 1395 2040 re-

296 2072 369 2124 ctor
391 2072 543 2123 censetur.
587 2062 770 2144 metropotis
792 2072 826 2125 et
847 2064 1044 2146 episcopatus
1066 2064 1098 2125 in
1122 2063 1242 2127 notitiis
1261 2063 1301 2123 sd
1321 2062 1394 2125 edi.

296 2146 389 2209 tionis
412 2146 526 2229 Regios
546 2144 703 2207 Codicum
721 2147 844 2207 attextis
866 2156 1049 2210 occurruot.

381 2270 464 2333 Itid.
489 2270 536 2333 11.
591 2268 647 2333 καί
673 2268 869 2349 μεταδοῦναι
897 2270 941 2356 τῷ
967 2270 1047 2357 λαῷ]
1069 2278 1106 2333 ut
1135 2272 1202 2354 ipso
1223 2270 1393 2335 sacerdotii

295 2354 445 2419 exercitio
465 2354 597 2437 imperio
612 2356 761 2417 nuncium
780 2357 929 2419 remisisse
949 2356 1223 2423 convincerentur.

377 2476 450 2555 705,
471 2476 501 2539 3.
544 2467 627 2550 ὅπως
647 2473 705 2559 τὴν
729 2479 896 2562 ,θνγατέρα
924 2479 1025 2542 oritoni
1043 2474 1185 2562 Ἐρυθραὶ
1207 2479 1390 2562 λεγομένην]

294 2563 447 2623 rotrudem
468 2563 665 2624 Francorum
688 2563 729 2623 iio
751 2585 793 2624 us
814 2574 972 2642 vocaturn,
994 2562 1033 2626 de
1056 2587 1118 2647 que
1140 2565 1265 2626 onustes
1286 2565 1393 2624 Fran-

296 2663 409 2705 corum
431 2647 587 2728 Anonymi
610 2646 648 2707 ob
671 2585 966 2708 AndresDuchesne
988 2647 1110 2709 cotiecti
1133 2647 1243 2710 tom.9
1263 2647 1393 2729 ps3092

296 2735 328 2788 et
349 2749 366 2786 u
387 2729 485 2790 Pouio
511 2729 639 2790 Petusio
666 2750 739 2812 pog.
760 2725 825 2792 354
853 2730 1025 2814 Nibetungo
1046 2732 1194 2814 ascripti,
1223 2752 1304 2791 sono
1326 2728 1392 2791 do.

296 2810 372 2871 mini
395 2809 455 2871 781
478 2812 512 2889 (is
532 2813 655 2872 auctori
678 2821 747 2872 toto
770 2814 933 2895 septennio
954 2815 1070 2891 deficit,
1091 2815 1216 2897 dequo
1237 2814 1323 2890 olibi)
1345 2812 1393 2874 ita

294 2894 446 2954 scribunt.
487 2898 627 2976 perrexit
648 2894 754 2957 Carlus
777 2916 836 2956 rex
855 2899 987 2959 Romans
1021 2912 1076 2959 etc.
1096 2911 1126 2959 et
1143 2899 1191 2958 its·
1207 2896 1393 2980 despomcta

294 2989 338 3036 est
355 2975 486 3038 noema
495 2979 571 3063 filia
590 2979 670 3058 regis
693 2979 884 3042 Constantino
908 2985 951 3044 im
989 2984 1095 3044 sotori.
1137 2983 1231 3065 podto
1254 2979 1393 3042 Saroni.

295 3077 348 3122 cns
370 3061 549 3144 Anonymus
571 3061 650 3122 tomi
671 3063 808 3125 eiusdem
828 3085 897 3147 pag.
920 3003 990 3126 ldie}

418 3187 541 3230 necnon
561 3167 764 3250 nummatis,
789 3168 915 3253 reliquis
937 3191 1017 3253 quse
1037 3170 1099 3231 fiiis
1122 3177 1197 3232 notu

459 3252 561 3314 maior
582 3261 659 3332 eret,
679 3252 766 3315 ssevit
790 3255 878 3316 rutde
899 3275 1020 3337 gemens
1043 3255 1175 3314 obitum.

416 3333 498 3396 hooc
521 3345 552 3398 et
573 3337 770 3398 Graecorum
791 3338 937 3398 luxerunt
956 3337 1032 3399 ditio
1054 3359 1166 3419 regno,

461 3419 547 3502 quod
570 3439 634 3480 non
649 3418 709 3482 hnc
732 3419 787 3481 sati
807 3419 899 3503 dignu
921 3421 1027 3482 forent
1047 3422 1184 3483 domins.

416 3521 528 3644 spolpss
550 3503 609 3565 fuit
630 3503 827 3648 Constoptpoi
842 3525 918 3601 'nom
938 3515 1063 3602 sceptro
1086 3505 1222 3586 regentis

457 3607 466 3644 ι
493 3605 536 3644 ιω
560 3607 622 3647 sem
646 3607 683 3648 er
707 3609 747 3649 no
773 3609 819 3648 sss
841 3609 883 3647 rm
908 3607 975 3648 eru.
1050 3618 1054 3628 ·

414 3667 531 3750 inclyta
553 3606 838 3752 Condtsutinopolis
868 3607 907 3732 dld
926 3671 1066 3752 germine
1087 3669 1187 3732 nostri

457 3752 588 3834 optabat
609 3752 713 3814 Caroli
736 3754 876 3816 nobilior
895 3753 976 3816 fieri.

291 3885 329 3939 ot
350 3877 484 3939 nonnisi
505 3899 576 3938 cum
587 3875 726 3955 Francis,
749 3901 813 3940 non
836 3879 880 3941 ito
900 3901 971 3942 cum
987 3877 1108 3956 exteris,
1128 3875 1285 3938 connubio
1304 3897 1388 3937 con.

292 3959 419 4022 trahere
440 3963 568 4024 Graecis
588 3963 685 4044 impp.
709 3963 826 4040 liceret,
847 3961 919 4025 vide
941 3961 1138 4023 disserentem
1148 3961 1389 4021 Constantinum

291 4039 330 4103 dc
351 4044 425 4126 imp.
446 4042 615 4108 ndmiuistr.
649 4065 716 4126 cop.
742 4045 799 4122 12,
832 4067 932 4130 qusre
977 4045 1041 4106 uod
1072 4049 1192 4106 isaurus
1212 4045 1277 4106 Leo
1300 4045 1389 4104 Con.

290 4128 428 4188 stontiuo
460 4127 525 4189 titio
558 4125 707 4214 Scythum
744 4151 874 4192 uxorem
914 4067 1053 4206 dederit,
1085 4129 1228 4190 observat
1270 4136 1390 4189 unctor

292 4197 361 4315 pm
382 4207 454 4272 343.
