3050 4900
278 315 349 394 140
437 329 646 396 sunsrssn
677 329 873 396 nrsronu
895 325 1203 396 amassinsncs

276 501 417 584 capolim
436 501 694 566 comosndernnl.
745 499 861 564 occidit
882 507 986 562 autern
1004 497 1124 562 Phocus
1156 517 1281 560 omnam
1304 519 1362 560 co-

275 586 454 668 gnationem
474 585 617 648 Mauricii
635 593 668 648 et
689 585 952 648 Commentiolum
973 591 1154 667 praetorem
1167 581 1308 642 Tbracue
1330 592 1371 646 et.

276 667 351 730 alios
373 670 496 730 multos.
538 669 618 730 fama
640 677 809 730 astantem
829 667 862 728 in
882 689 966 729 anno
995 666 1055 728 isto
1076 667 1171 728 etiam
1190 664 1363 727 mortalitas

177 757 309 830 platea
329 752 435 834 iuopia
460 753 560 814 omnis
578 752 700 834 speciei.
752 759 914 834 praetcrea
934 749 1046 813 Persae
1067 770 1129 810 nna
1149 769 1220 810 cnm
1241 747 1363 810 Carda-

276 837 343 918 riga
365 833 478 918 egressi
497 846 650 918 oeperunt
668 834 846 897 Armeniam
868 843 902 896 et
911 831 1150 916 Cappadociam,
1173 838 1364 913 pugnantes-

276 939 339 1002 que
357 919 571 980 Romanorum
602 926 768 982 verterunt
795 917 940 990 militias,
975 923 1189 999 ceperuntque
1209 916 1365 978 Galatiam

276 1012 309 1064 et
326 1000 578 1086 Paphlagoniam,
601 1012 633 1066 et
653 1011 806 1065 venerunt
827 1023 927 1085 usque
939 999 1177 1076 chalcedonem,
1197 999 1264 1060 sine
1284 1019 1364 1080 par-

275 1085 371 1146 citate
390 1085 612 1168 depopulantes
632 1095 774 1150 aetatem.
804 1095 837 1148 ct
881 1083 1117 1147 uidcmPersae
1137 1081 1364 1166 forisportam

274 1169 421 1230 Romanis
439 1169 637 1252 tyrannidem
658 1168 855 1247 inferebant,
901 1168 994 1230 hocas
1013 1187 1090 1230 vero
1112 1165 1296 1228 intrinsecus
1314 1163 1364 1228 bis

275 1250 385 1334 peiora
405 1253 562 1334 patrabat,
583 1252 729 1315 occidens
751 1261 848 1336 atque
868 1253 1034 1334 captivans.

357 1361 446 1419 Anno
469 1358 592 1442 imperii
622 1357 748 1422 Phocne
766 1359 898 1442 septimo
928 1358 1052 1442 Sergius
1073 1353 1364 1439 Constantinopoli.

276 1447 374 1518 tanus,
394 1442 555 1504 Zacharias
565 1442 863 1526 Hierosolymitanus
883 1449 915 1504 et
928 1445 1053 1503 loannes
1064 1439 1284 1503 Alexandrinus
1306 1439 1364 1500 hn-

275 1525 391 1586 bentur
412 1525 573 1588 antistites.
617 1525 801 1588 Antiochcni
818 1547 896 1588 vero
910 1525 1044 1587 Hebraei
1066 1524 1218 1585 simultate
1238 1524 1365 1606 inquie-

274 1615 307 1672 te
325 1611 349 1686 *l
372 1610 531 1670 commissa
560 1619 669 1672 contra
691 1609 880 1670 Christianos
912 1609 1061 1670 occidunt
1083 1607 1273 1670 Anastasiou]
1295 1628 1364 1666 usu.

273 1711 370 1774 gnum
391 1691 603 1775 patriarcham
626 1691 821 1767 Antiochiae,
843 1694 1000 1755 mittentes
1021 1701 1165 1753 naturam
1185 1693 1228 1766 ’Ἴ
1247 1691 1311 1750 eius
1330 1689 1365 1751 in

274 1795 309 1837 os
332 1777 405 1854 eins,
427 1785 460 1838 et
478 1776 628 1857 posthoc
646 1775 803 1838 trahentes
824 1799 897 1839 eum
917 1777 947 1837 in
967 1776 1104 1858 plateam
1125 1774 1221 1836 urbis.
1263 1773 1365 1834 inter-

273 1859 417 1920 fecerunt
436 1867 539 1920 antem
561 1867 593 1920 et
611 1859 726 1921 civium
746 1861 872 1938 multos,
897 1868 930 1921 et
947 1859 1153 1920 incenderunt
1173 1877 1235 1919 eos.
1277 1856 1366 1918 Pbo-

275 1962 325 2003 cas
345 1962 423 2003 vero
448 1941 522 2004 iecit
553 1943 700 2006 comitem
723 1941 862 2005 Orientis
888 1945 1066 2019 Bonosum,
1087 1949 1119 2003 et
1138 1941 1242 2024 Cotyn
1264 1939 1365 2023 magi-

273 2033 373 2087 strum
390 2023 541 2102 rnilitum,
565 2037 598 2089 et
624 2028 792 2089 transmisit
813 2048 865 2089 eos
896 2027 1039 2088 adversus
1060 2025 1150 2101 illos,
1171 2031 1205 2085 et
1225 2045 1289 2084 non
1308 2045 1367 2084 va.

275 2108 403 2171 luerunt
424 2107 533 2172 sedare
553 2108 800 2207 inquietudinem
817 2131 937 2173 eornm.
979 2115 1196 2171 coacervantes
1215 2127 1293 2168 vero
1314 2125 1366 2168 er.

274 2192 390 2253 arcitus
411 2193 575 2254 irruerunt
594 2217 625 2254 sn
647 2194 731 2272 illos,
753 2203 787 2256 et
817 2193 969 2276 plurimos
992 2193 1195 2268 occiderunt,
1215 2199 1248 2251 et
1267 2210 1365 2272 qnos·
1390 2267 1395 2274 ⁸

193 2298 196 2306 ¹
275 2273 346 2336 dam
368 2295 479 2336 eorum
500 2275 690 2338 detruncatis
708 2278 839 2340 artubus
869 2277 908 2339 ab
930 2276 1011 2339 urbe
1032 2274 1239 2339 reddiderunt
1256 2281 1366 2335 cator-

274 2377 332 2420 res.
373 2357 492 2422 Placeas
516 2369 619 2422 autem
648 2361 723 2424 fecit
753 2361 928 2423 Circensem
956 2359 1073 2436 ludum,
1094 2369 1126 2420 et
1145 2357 1266 2419 Prasiai
1289 2377 1367 2419 con.

272 2441 358 2505 viciis
379 2464 451 2505 eum
472 2443 618 2507 lacessere
643 2466 894 2529 praesumpsere,
914 2443 1080 2506 clamantes
1101 2443 1237 2504 “iterum
1257 2441 1289 2501 in
1313 2462 1367 2524 ga·

273 2526 346 2589 bata
367 2526 485 2604 bibisti,
508 2528 624 2591 iterum
644 2550 764 2590 sensum
784 2528 980 2612 perdidisti.”
999 2538 1032 2590 et
1052 2528 1133 2589 iussn
1152 2525 1277 2587 Phocae
1302 2526 1367 2585 Co-

177 2618 349 2692 ptsesmas
370 2612 545 2693 praefectus
566 2610 652 2673 urbis
667 2613 781 2674 multos
797 2632 832 2674 ex
844 2612 887 2673 eis
909 2610 1118 2689 detruncavit,
1137 2609 1288 2693 quosdam
1308 2608 1367 2671 de-

274 2694 414 2771 collavit,
453 2696 618 2757 nonnnllos
646 2704 751 2757 antem
789 2696 821 2755 in
851 2714 960 2755 saccos
989 2694 1092 2755 missos
1122 2692 1201 2753 mari
1232 2692 1367 2754 necavit·

272 2798 374 2877 porro
395 2778 515 2840 Prasiai
545 2778 721 2840 coacervati
751 2776 903 2839 miserunt
930 2777 1084 2864 ignemxin
1104 2776 1312 2859 praetorium,
1333 2784 1368 2836 et

275 2858 484 2925 incenderunt
503 2862 623 2923 cariam
648 2868 682 2923 ct
699 2861 813 2923 scrinia
835 2871 869 2923 et
893 2880 1043 2937 carceres,
1063 2881 1099 2922 es
1121 2861 1233 2943 quibus
1252 2855 1366 2941 egressi

273 2944 371 3005 vincti
389 2944 548 3027 fugerunt.
607 2942 679 3006 binc
708 2944 806 3006 iratus
833 2943 954 3005 Phocus
986 2963 1052 3005 non
1071 2943 1198 3005 militari
1221 2942 1368 3004 Prasinos
1468 2939 1477 2947 ’

274 3026 375 3088 iubet.
419 3047 520 3109 porro
543 3026 706 3089 Heraclius
732 3036 865 3109 praetor
883 3028 1025 3104 Africae,
1055 3025 1227 3089 molestiam
1248 3046 1366 3108 perpe-

276 3108 354 3173 tiens
377 3133 395 3171 a
415 3118 540 3186 senatu,
560 3112 685 3174 vocavit
714 3110 812 3172 lilium
831 3132 921 3173 suum
946 3109 1125 3171 Heraclium
1145 3118 1258 3171 contra
1278 3108 1368 3171 Pho.

276 3215 346 3255 casn
366 3202 534 3277 tyrannum
555 3192 719 3271 mittendi3
750 3216 861 3257 verum
883 3205 916 3257 et
936 3192 1126 3275 subpraetor
1155 3194 1219 3255 eins
1240 3195 1367 3275 Grego-

276 3300 326 3339 ras
360 3276 444 3339 misit
473 3277 674 3359 peraridum
703 3277 843 3343 Nicetam
870 3278 969 3340 filium
994 3298 1101 3358 suum,
1130 3286 1309 3353 statuentes,
1331 3283 1368 3335 ut

277 3360 456 3443 quicunque
477 3382 512 3423 er
536 3358 581 3423 his
598 3362 799 3444 praeveniret
817 3368 1045 3444 superaretqne
1063 3370 1241 3442 tyrannum,
1265 3358 1366 3443 inspe-

277 3444 361 3505 rium
379 3453 526 3506 sumeret.
581 3443 642 3505 hoo
670 3464 747 3505 vero
770 3465 853 3506 auno
884 3443 981 3507 hiems
1002 3443 1136 3507 enormis
1155 3441 1302 3515 efficitur,
1324 3442 1367 3501 ita

277 3538 314 3587 ut
334 3526 426 3587 maris
447 3526 590 3589 mollities
609 3528 638 3589 in
662 3526 771 3610 glaciei
792 3526 940 3589 duritiem
954 3536 1141 3588 verteretur.
1184 3534 1259 3586 tunc
1278 3524 1366 3586 Pho-

278 3630 328 3669 cas
350 3612 545 3672 Macrobinm
578 3612 755 3673 scribonem
786 3611 871 3673 iussit
899 3610 1038 3693 sagittari
1069 3608 1153 3691 apud
1171 3608 1367 3691 Septimum,

278 3694 464 3777 pendentem
494 3694 525 3754 in
555 3693 678 3771 lancea,
709 3690 742 3753 in
773 3716 837 3777 quo
856 3694 975 3755 tirones
1004 3693 1247 3768 exercebantur,
1281 3691 1368 3774 quasi

279 3778 436 3839 consciam
466 3776 648 3840 insidiarum
678 3798 814 3839 suarum.
868 3778 1054 3841 Theodorus
1084 3776 1168 3841 enim
1193 3776 1370 3859 praelectus

313 4008 489 4083 'linquietal
509 4008 582 4081 apud
602 4007 757 4062 Gruterum.

298 4124 336 4193 *')
352 4120 486 4195 naturam}
504 4120 634 4191 Apulelus
650 4120 668 4171 l.
688 4121 718 4174 7:
733 4138 791 4174 nou
806 4128 911 4174 tantum
930 4129 1061 4183 naturam,
1079 4136 1172 4175 varum
1188 4120 1271 4175 etiam
1283 4124 1368 4190 caput

351 4208 462 4266 quoque
483 4194 570 4263 ipsum
593 4192 709 4264 pessimo
727 4192 774 4247 isti
796 4192 873 4247 auno
892 4190 1010 4245 denera-
1046 4190 1128 4245 Fara.
