3050 4900
309 344 379 417 196
452 352 662 419 snss‘rssn
694 353 887 442 HISTORIA
916 352 1227 420 accursusrtes

306 536 411 589 autern
430 524 529 588 classis
551 533 732 587 moraretur
751 533 784 586 et
796 526 947 608 suggestio
968 526 1053 587 nulls
1071 524 1202 602 veniret,
1224 522 1316 585 sensit
1338 526 1392 585 Iu-

305 610 453 672 stinianns
474 630 607 679 causam,
631 610 822 691 sumptisque
841 632 945 671 secum
962 606 1008 670 his
1029 610 1082 691 qui
1103 619 1194 671 erant
1212 606 1342 683 Obsicii,
1362 614 1395 667 et

306 704 397 777 parte
421 692 704 766 Thracesicnsium,
727 690 864 754 ascendit
891 713 988 775 usqne
1009 693 1160 774 Sinopam
1186 688 1393 753 addiscenda

307 798 386 859 quae
408 774 582 837 Chersonae
605 776 728 837 lucrant
749 783 840 859 gesta.
883 796 1018 860 cumque
1037 775 1214 840 intueretur
1229 776 1394 835 interiores

306 868 421 942 partes,
442 858 527 919 videt
547 858 669 919 classem
691 858 729 919 ad
757 858 867 921 urbem
889 859 954 921 vela
980 868 1165 936 moventem,
1187 858 1395 939 frendensque

307 952 344 1003 ut
363 942 423 1017 leo,
445 952 477 1003 et
497 942 562 1024 ipse
583 940 622 1002 ad
645 942 752 1003 urbem
776 963 965 1017 reversurus,
983 942 1134 1025 impetum
1156 938 1391 1017 demonstravit.

307 1046 416 1087 verum
434 1024 609 1107 Philippico
632 1024 834 1107 perveniente
851 1027 916 1105 ipse
932 1026 973 1087 ad
985 1026 1174 1088 Damastrim
1192 1026 1316 1087 veniens
1336 1044 1393 1083 ca·

305 1120 371 1171 stra
393 1116 524 1169 metatus
545 1116 598 1173 est.
641 1116 673 1167 at
694 1130 770 1169 vero
783 1108 974 1191 Philippicas
988 1108 1139 1172 continuo
1162 1108 1260 1170 mittit
1280 1112 1393 1168 contra

305 1192 469 1255 Tiberium
492 1190 618 1275 quidem
634 1194 777 1252 Maurum
809 1193 977 1273 patricium
1003 1214 1075 1253 cum
1096 1196 1212 1254 Ioanne
1231 1189 1392 1273 spathario

306 1285 514 1355 cognomento
538 1274 687 1348 Strutho,
719 1273 838 1335 Heliam
862 1296 936 1337 vero
959 1274 1100 1337 similiter
1120 1298 1192 1337 cum
1216 1273 1393 1335 incursione

305 1358 431 1419 militari
461 1367 572 1418 contra
595 1356 794 1420 lastinianum
828 1360 859 1419 in
883 1358 1081 1434 Damastrisn,
1102 1359 1278 1441 iterumque
1298 1354 1393 1416 alium

305 1452 417 1503 contra
430 1440 687 1515 Barishacurium,
711 1441 765 1523 qui
781 1442 852 1524 luga
867 1444 969 1503 luerat
984 1464 1063 1503 usus.
1077 1450 1109 1503 et
1121 1444 1247 1503 lilarsrus
1262 1438 1390 1536 quidem

306 1546 368 1585 una
390 1546 461 1587 cnm
479 1524 538 1585 iam
550 1524 634 1586 dicto
647 1524 779 1585 Strutho
797 1546 868 1585 cum
880 1526 920 1587 ad
931 1524 1111 1587 blachernas
1131 1526 1262 1605 abiisset,
1276 1522 1394 1584 invenit

305 1607 468 1671 Tiberium
497 1606 594 1669 altera
618 1616 776 1669 tenentem
798 1630 892 1669 manu
911 1608 1105 1670 columellam
1125 1619 1249 1671 sauctae
1270 1624 1394 1669 mensae

306 1691 357 1753 dci
377 1691 533 1772 genitricis
549 1690 653 1751 altaris
668 1698 701 1751 et
718 1690 815 1753 altera
836 1693 973 1774 pretiosa
996 1692 1086 1775 ligna,
1107 1692 1187 1770 etin
1207 1691 1289 1753 collo
1311 1688 1392 1771 phy·

305 1773 404 1851 lacta,
436 1782 521 1834 extra
553 1772 689 1835 tribunal
719 1782 824 1835 autem
854 1774 1039 1839 residentem
1060 1777 1269 1849 Anastasiam,
1292 1773 1391 1855 patris

303 1858 369 1919 eius
392 1865 542 1933 matrem,
572 1878 652 1939 quae
679 1857 780 1919 Mauri
812 1859 943 1938 pedihus
975 1859 1143 1959 propalata
1171 1856 1330 1941 flagitabat
1352 1877 1393 1917 ne

303 1961 376 2001 suus
400 1938 597 2003 occideretur
625 1960 720 2021 nepos
756 1941 922 2015 Tiberius,
945 1952 1056 2025 utpote
1085 1941 1140 2025 qui
1162 1940 1239 2003 nihil
1257 1946 1392 2024 gesserat
1423 2019 1427 2025 Ι

203 2026 448 2105 p.583p'ravnm.
500 2042 633 2106 cumque
662 2023 712 2084 illa
740 2024 833 2106 pedes
865 2027 931 2089 eins
959 2033 1081 2088 teneret
1110 2036 1233 2087 etcum
1256 2023 1392 2086 lacrimis

301 2108 502 2187 supplicaret,
526 2106 675 2189 ingressus
696 2116 741 2169 est
761 2108 909 2172 struthos
931 2110 1013 2171 intra
1034 2108 1182 2185 tribunal,
1205 2117 1237 2169 et
1258 2107 1288 2168 vi
1309 2106 1392 2167 arri·

301 2192 371 2271 puit
394 2189 498 2266 illum,
530 2200 563 2251 et
584 2191 722 2271 pretiosa
753 2190 880 2275 quidem
910 2192 991 2273 ligna
1021 2192 1061 2254 als
1089 2213 1128 2253 eo
1154 2190 1275 2253 sublata
1296 2210 1392 2271 supra
1437 2247 1443 2264 ,

301 2294 435 2334 mensam
456 2272 570 2355 posuit,
591 2272 734 2357 phylacta
756 2296 833 2336 vero
854 2277 886 2337 in
900 2275 981 2337 collo
1001 2298 1057 2339 sno
1076 2275 1247 2356 suspendit.
1289 2292 1392 2356 puero

300 2364 404 2417 autem
425 2358 507 2417 foras
530 2356 643 2419 educto
665 2368 759 2440 atque
772 2358 939 2440 dispoliata
960 2380 1117 2441 supraque
1133 2358 1222 2420 limen
1247 2376 1391 2439 expanso,

299 2448 409 2524 guttur
426 2442 490 2502 eius
511 2440 606 2502 instar
627 2442 692 2501 ovis
713 2452 869 2518 secarunt,
890 2454 924 2506 et
944 2441 1028 2506 lianc
1045 2444 1076 2504 iu
1092 2442 1209 2525 templo
1224 2440 1391 2507 SS.Annr-

299 2545 460 2606 gyrorum,
486 2525 573 2608 quod
586 2524 734 2587 Paulinae
756 2536 899 2604 vocatur,
919 2527 1043 2609 sepeliri
1063 2526 1261 2588 mandarunt.
1303 2543 1391 2584 com·

298 2607 466 2689 prehensus
489 2629 564 2668 vero
589 2616 766 2688 praeterea.
784 2617 817 2670 ct
835 2610 1078 2685 Barishacurius,
1097 2612 1216 2692 primus
1238 2607 1390 2689 patricius

297 2697 329 2752 et
350 2709 452 2752 comes
482 2691 647 2773 obsequii,
680 2691 883 2774 interemptus
904 2703 960 2755 est.
1002 2713 1102 2774 porro
1124 2693 1214 2756 Helia
1236 2711 1391 2752 unacum

296 2791 335 2834 co
359 2773 414 2856 qui
435 2794 538 2835 secum
558 2781 627 2834 erat
657 2773 840 2836 ascendente
864 2777 896 2837 in
915 2775 1103 2852 Damnstrin,
1122 2785 1154 2837 et
1174 2774 1213 2837 ad
1231 2793 1390 2836 sermones

295 2875 367 2915 cnm
387 2875 425 2916 ao
448 2856 503 2937 qui
526 2855 588 2916 illic
610 2865 678 2917 erat
699 2859 840 2921 exercitu
862 2861 1014 2936 veniente,
1034 2861 1229 2943 verbumque
1251 2857 1389 2938 impuni-

295 2938 366 2997 tatis
388 2938 505 3034 papulo
527 2937 581 3020 qui
606 2949 673 3004 erat
703 2961 776 3002 cum
796 2943 965 3007 Iustiniana
997 2943 1180 3024 praebente,
1201 2939 1387 3025 sequestrati

294 3031 367 3083 sunt
388 3019 522 3080 universi
555 3031 587 3082 et
608 3019 811 3085 discesserunt
830 3049 850 3087 a
876 3027 1055 3106 Iustiniana,
1074 3026 1174 3086 solum
1195 3025 1279 3086 huuc
1298 3024 1388 3084 dese·

294 3113 398 3164 rentes
428 3102 521 3184 etad
542 3112 646 3185 partes
668 3106 836 3188 Philippici
866 3111 1067 3173 confluentes.
1109 3119 1188 3171 tuuc
1209 3107 1388 3191 praedictus

295 3185 396 3252 Helias
416 3187 591 3268 spatharius
614 3188 724 3250 furore
745 3211 885 3271 currens,
906 3193 987 3255 collo
1008 3195 1072 3256 eius
1094 3191 1299 3274 apprehenso,
1323 3211 1386 3272 pu-

293 3269 395 3350 gione,
415 3291 478 3353 quo
493 3279 562 3333 erat
584 3272 746 3347 accinctus,
768 3279 942 3356 amputavit
960 3284 1055 3374 caput
1070 3276 1173 3359 ipsius,
1195 3285 1225 3337 et
1269 3294 1304 3334 er
1318 3275 1385 3334 Ro-

195 3359 285 3436 pddt
295 3373 418 3414 manum
438 3353 631 3437 spatharium
652 3355 692 3418 ad
705 3355 916 3438 Plsiiippicmn
937 3361 1031 3422 misu-
1075 3367 1109 3420 at
1129 3379 1204 3420 vero
1225 3295 1384 3438 Philippi.

293 3457 345 3496 cus
367 3456 425 3518 per
445 3437 578 3500 eundem
598 3433 792 3520 spatharimn
805 3439 867 3506 hoc
887 3443 928 3506 ad
937 3441 1153 3506 Occidentnles
1169 3449 1273 3525 partes
1289 3460 1385 3523 usque

291 3519 422 3581 Romam
444 3521 621 3582 transmisit

371 3620 540 3681 Praeterea
567 3621 748 3704 prinsquam
774 3623 945 3706 imperaret
971 3634 1041 3688 erat
1071 3625 1198 3708 quidam
1231 3621 1384 3684 inclausus

291 3701 322 3762 io
346 3703 535 3765 monasterio
558 3704 723 3768 Callistrati
744 3709 907 3790 praevisor
938 3717 969 3770 et
990 3709 1175 3784 haereticus,
1195 3706 1252 3789 qui
1275 3725 1383 3766 ascen.

290 3783 378 3846 denti
409 3783 500 3850 adse
520 3786 697 3870 Philippico
728 3790 804 3851 dixit
823 3791 1015 3873 “imperium
1035 3801 1081 3854 est
1101 3791 1159 3853 tihi
1180 3789 1382 3870 repositum.'’

290 3876 324 3929 st
344 3870 395 3931 ille
416 3870 557 3932 turbatus
578 3879 632 3931 est.
654 3873 740 3933 etsit
761 3872 912 3936 inclausus
933 3877 977 3936 “si
1000 3877 1075 3938 deus
1096 3875 1193 3949 iubet,
1215 3883 1251 3934 tu
1270 3891 1383 3954 quam-

291 3951 402 4013 ohrem
423 3953 631 4016 coutradIcis?
674 3955 735 4017 hoc
751 3965 855 4018 autem
875 3958 946 4020 dico
961 3959 1028 4035 tihi,
1050 3959 1124 4040 quia
1142 3965 1225 4019 serta
1245 3954 1382 4038 synodus

185 4049 189 4058 ·
290 4035 370 4096 malo
390 4036 470 4098 iacta
491 4044 547 4100 est.
597 4035 622 4098 si
651 4059 727 4120 ergo
760 4039 969 4120 imperaveris,
1000 4041 1081 4104 hanc
1105 4029 1238 4121 proiice,
1262 4047 1295 4098 et
1315 4036 1385 4098 effi-

291 4117 393 4178 cIetur
413 4121 579 4201 imperinm
599 4119 657 4182 tibi
682 4123 768 4183 forte
789 4133 884 4206 atque
903 4124 1117 4208 longaevurn.”
1159 4122 1214 4206 qui
1237 4141 1310 4181 cum
1332 4121 1383 4180 iu-

292 4209 432 4264 ramento
456 4201 628 4287 spopondit
654 4204 682 4268 ei
712 4225 744 4270 se
757 4206 820 4269 hoc
841 4207 1010 4277 naturam..
1028 4227 1100 4274 cnm
1119 4217 1225 4272 autem
1233 4203 1382 4268 Leontius
