3050 4900
274 214 351 299 aas
434 224 646 291 suasraar
675 224 871 289 arsroms
905 184 1216 289 camuranam

276 393 365 457 chael
387 390 630 459 Laelianodraco
660 413 756 457 cursu
782 391 910 455 modico
936 410 995 455 suo
1024 387 1194 455 debellasit
1228 408 1318 469 eum,
1336 396 1369 462 et

268 478 427 562 ‚iugulavit
447 480 578 541 fratrem
598 474 817 543 Theumamae.
1155 480 1160 489 ’
1319 525 1323 535 .

358 562 481 623 Eodem
502 582 630 645 quoque
652 582 755 623 mense
780 568 912 645 quartae
941 554 1120 619 indictionis
1152 564 1296 617 mortuns
1323 563 1369 617 est

275 644 340 706 Leo
364 646 441 705 trtius
462 644 656 711 Constantini
679 644 740 707 hoc
760 644 865 707 modo.
917 661 989 703 curn
1012 640 1160 702 insaniret
1180 638 1264 700 circa
1285 638 1366 720 lapi.

193 762 197 773 ·
275 728 338 805 des,
361 730 448 788 nimis
473 726 627 789 adamavit
649 748 802 791 coronam
820 746 951 811 magnae
982 723 1136 799 ecclesiae,
1158 732 1191 785 et
1212 720 1368 803 accipiens

276 814 416 893 portavit
436 833 522 889 earn,
551 822 582 875 et
613 814 755 874 exierunt
781 806 965 873 carbunculi
989 810 1019 871 in
1042 806 1145 887 capite
1165 806 1238 883 eius,
1260 814 1293 867 et
1314 826 1369 867 ca-

274 905 346 977 ptus
366 917 381 954 a
404 892 506 955 valida
527 895 616 959 febre
638 905 783 960 mortuus
803 905 851 959 est
862 939 872 973 ,
894 914 968 956 cum
988 900 1145 975 regnasset
1164 890 1252 951 annis
1272 888 1368 973 qnin-

276 998 348 1061 que,
371 978 479 1039 diebus
497 998 547 1039 sex
572 979 716 1061 exceptis.
1200 986 1207 995 ’

357 1076 466 1139 Mundi
487 1098 569 1139 anno
589 1076 681 1157 6776,
706 1076 829 1139 divinae
849 1072 1072 1138 incarnationis
1093 1090 1174 1134 anno
1195 1067 1267 1149 776,
1290 1066 1369 1133 Hei·

274 1182 352 1222 rene
371 1160 505 1242 piissima
528 1184 589 1223 nna
617 1182 686 1223 curn
717 1162 782 1222 filio
803 1181 859 1222 suo
889 1158 1093 1222 Constantino
1114 1155 1250 1239 gloriose
1271 1153 1369 1236 impe-

274 1244 356 1305 rium
386 1244 532 1307 divinitus
570 1246 686 1327 accipit
723 1254 809 1306 sexto
837 1242 903 1305 idus
943 1242 1152 1325 septembrias
1189 1237 1367 1299 indictionis

275 1334 419 1410 quartae,
443 1328 587 1411 quatinus
608 1328 757 1390 mirabilis
784 1324 1022 1412 praedicaretur
1043 1326 1117 1386 deus
1133 1322 1226 1385 etiarn
1243 1323 1274 1381 in
1297 1322 1369 1399 hcc,

275 1432 334 1493 per
356 1410 479 1473 viduam
501 1414 647 1473 feminam
678 1422 706 1473 et
729 1432 864 1493 puerum
888 1408 1063 1493 orphanum
1086 1405 1284 1488 depositums
1305 1405 1366 1464 im.

274 1516 409 1555 mensam
446 1504 557 1557 contra
592 1518 624 1557 se
646 1496 841 1577 famulosque
862 1514 934 1555 snos
957 1493 1149 1575 impietatem
1169 1500 1201 1552 et
1223 1488 1369 1549 adversus

274 1586 402 1637 cunctas
422 1578 562 1641 ecclesias
583 1588 701 1639 motam
724 1577 949 1660 impugnatoris
970 1576 1020 1638 dei
1039 1572 1235 1636 Constantini
1255 1582 1366 1656 tyran.

276 1659 389 1739 uidem,
414 1670 450 1722 ut
473 1664 547 1724 olim
571 1662 687 1724 diaboli
708 1682 767 1743 per
785 1663 977 1743 piscatorum
1007 1668 1039 1721 et
1062 1658 1296 1719 illitteratorum
1320 1656 1368 1715 in-

174 1768 203 1823 p.
213 1746 466 1805 infirmitatem.
509 1754 754 1828 postquattunr
775 1764 852 1805 vero
875 1743 939 1805 dies
968 1742 1092 1825 imperii
1114 1740 1172 1815 sui,
1199 1760 1270 1800 cum
1289 1738 1369 1799 filius

273 1848 345 1889 suus
368 1826 475 1889 decem
500 1838 578 1891 essct
598 1849 764 1905 asinorum,
787 1824 1257 1908 consilinmfacicntes‘quidam
1278 1842 1368 1883 sessa.

275 1919 382 1972 torum
405 1912 575 1973 voluerunt
599 1911 732 1973 educere
760 1910 971 1995 Nicephorum
1001 1930 1037 1973 es
1061 1912 1193 1970 Caesare
1211 1916 1244 1967 et
1268 1906 1368 1985 impe-

269 2003 415 2055 ratorem
435 2002 584 2065 statuere.
628 2018 700 2056 cum
721 2005 827 2055 autem
850 1992 889 2055 ad
913 1995 1058 2055 notitiam
1077 2012 1168 2053 cansa
1189 1986 1368 2066 devenisset,

259 2077 353 2140 .tenti
371 2080 624 2163 suntGregorius
644 2076 804 2161 logotheta
818 2078 931 2154 dromi,
954 2087 986 2140 et
1004 2075 1119 2139 Esrdas
1135 2074 1251 2137 dudam
1272 2092 1368 2157 prae.

269 2170 330 2221 ¹tor
339 2162 605 2239 Armeniacornm,
617 2162 838 2224 Constantinus
862 2184 901 2224 ue
913 2161 1019 2223 vicarii
1028 2158 1201 2242 spatharius
1214 2166 1246 2219 ct
1260 2158 1372 2218 dome-

177 2232 195 2274 :-
275 2244 367 2304 sticus
395 2246 630 2323 excubitorum,
668 2268 705 2307 ac
733 2184 984 2331 Theophylsctns
1008 2243 1154 2326 Rangahe
1184 2240 1370 2323 drungarius

276 2326 479 2391 duodecimae
492 2329 618 2407 insulae,
639 2330 777 2393 etmulti
800 2329 869 2404 alii;
892 2350 971 2413 quos
991 2348 1093 2390 caesos
1106 2336 1138 2388 et
1150 2336 1254 2387 tonsos
1273 2324 1305 2385 in
1321 2323 1370 2384 di-

276 2410 369 2474 versis
387 2412 462 2474 locis
483 2412 574 2476 exitio
597 2410 755 2497 relegavit.
777 2434 878 2495 porro
894 2413 955 2476 viri
975 2412 1022 2476 sui
1045 2412 1158 2474 iratres
1171 2410 1315 2472 Caesares
1333 2429 1371 2470 ao

275 2495 480 2560 nobilissimos
502 2505 606 2560 tonsos
626 2497 803 2560 sacerdotio
826 2499 914 2580 tangi
929 2507 962 2560 et
981 2496 1102 2579 populo
1115 2493 1369 2556 commonionem

275 2579 306 2638 in
328 2580 494 2643 testivitate
516 2581 631 2642 Christi
662 2582 830 2643 nativitatis
860 2581 1026 2663 porrigere
1047 2579 1130 2654 fecit,
1153 2579 1184 2638 in
1207 2599 1268 2662 qna
1289 2597 1370 2658 pro·
1427 2593 1432 2600 ·

275 2662 387 2724 cedens
408 2665 614 2745 imperatorio
636 2685 726 2726 more
747 2663 873 2748 publice
894 2687 963 2725 cnm
976 2685 1076 2746 puero
1101 2662 1209 2723 retulit
1225 2661 1371 2723 ecclesiae

274 2752 412 2822 stemma,
435 2745 523 2830 quod
545 2749 649 2808 facerat
684 2769 702 2809 a
727 2750 842 2808 marito
863 2748 1034 2824 sublatum,
1055 2746 1244 2830 pulcerrime
1264 2745 1370 2806 fabre·

275 2829 448 2890 factumst
476 2830 619 2912 pretiosis
644 2829 797 2912 lapidibus
824 2839 1031 2893 venustatum.
1083 2830 1244 2912 promovit
1265 2838 1371 2889 antem

277 2909 457 2992 Hclpidinm
490 2922 673 2994 praetorem
705 2913 735 2974 in
758 2914 886 2992 Sicilia,
916 2915 1025 3000 quiet
1057 2921 1129 2974 ante
1158 2911 1220 2973 illic
1240 2919 1370 2995 praetor

277 2994 431 3054 extiterat
474 3017 576 3078 porro
598 2997 718 3059 decimo
734 3000 867 3079 septimo
882 2995 1088 3059 kalendarum
1102 2996 1255 3058 Maiarum
1277 3016 1369 3056 accu-

276 3085 358 3137 satus
382 3077 463 3140 idem
483 3079 539 3140 Hel
566 3078 644 3140 idias
664 3082 751 3164 quod
773 3103 845 3142 cnm
859 3081 1038 3144 Caesaribus
1059 3080 1200 3156 sentiret
1226 3087 1258 3142 ct
1277 3077 1369 3139 misso

275 3159 453 3243 Theophila
473 3101 632 3246 spathario
655 3165 818 3246 praecepit
839 3176 875 3227 ut
897 3163 1085 3247 compendio
1107 3171 1235 3245 raperet
1256 3171 1288 3223 et
1308 3163 1369 3223 du-

179 3241 364 3316 p'tttlceret
385 3265 467 3306 enm.
511 3246 565 3330 qai
587 3267 658 3308 cnm
679 3250 872 3330 perrexisset,
895 3269 958 3308 non
977 3246 1132 3310 dederunt
1152 3249 1238 3308 ittnm
1258 3246 1368 3307 Sicuti.

277 3335 309 3387 at
331 3327 381 3389 illa
402 3328 492 3392 huius
514 3350 643 3393 uxorem
666 3353 702 3392 ac
730 3333 808 3392 filios
830 3353 932 3394 caesos
961 3342 993 3393 et
1016 3339 1121 3393 tonsos
1141 3329 1284 3412 praetori
1306 3331 1369 3389 mi.

275 3411 315 3473 sit
337 3411 567 3476 custodiendos.
623 3418 711 3478 lunio
743 3425 847 3476 autem
865 3435 969 3478 mense
998 3415 1102 3476 omnia
1123 3414 1276 3476 ulteriora
1295 3413 1368 3474 the

274 3503 358 3554 nanta
383 3494 546 3558 destinavit
575 3497 628 3560 ad'
647 3501 803 3560 clausuras
828 3499 1022 3560 custodiendi
1046 3509 1078 3560 et
1097 3495 1281 3559 observandi
1302 3497 1370 3558 exi·-

274 3588 342 3639 tum
364 3579 510 3658 Arabum,
531 3601 712 3663 proponens
735 3583 778 3644 eis
801 3591 897 3665 capnt
920 3586 1067 3643 loannem
1088 3581 1290 3658 sacellarium,
1312 3580 1368 3663 qni

273 3673 343 3722 erat
364 3662 523 3725 eunuchus
537 3673 569 3726 et
591 3665 778 3728 domesticus
798 3667 871 3727 eins.
913 3677 947 3726 at
968 3687 1044 3726 vero
1067 3667 1150 3726 Madi
1171 3665 1253 3725 misit
1273 3664 1368 3725 Cebir

274 3765 346 3805 cnm
369 3747 486 3808 virtute
504 3749 611 3824 multa,
633 3758 665 3810 et
696 3749 921 3811 occurrentia
945 3751 1048 3810 locam
1070 3757 1284 3830 nuncupatum
1305 3747 1367 3807 Mi.

276 3827 351 3904 lum,
373 3837 405 3892 et
427 3831 507 3891 inito
528 3831 610 3893 hello
634 3843 826 3916 superantur
844 3833 968 3910 hrahes,
999 3843 1031 3894 et
1052 3832 1243 3895 occidantur
1262 3851 1298 3892 en
1322 3829 1365 3892 cis

273 3912 375 3989 multi,
401 3922 433 3975 ct
453 3913 496 3974 its
519 3937 589 3976 cnm
608 3917 790 3978 confusione
819 3918 934 3977 reversi
954 3925 1034 3977 snat
1077 3925 1250 3998 coeperunt
1271 3934 1367 3996 prae·

275 4002 361 4056 terea
383 3997 511 4096 piissimi
529 3998 687 4080 principes
711 3998 897 4077 fiducialiter
918 4021 1020 4082 agere,
1041 4007 1073 4063 et
1090 4001 1223 4060 verbam
1245 3997 1366 4058 domini

275 4075 418 4159 dilatari,
440 4093 472 4145 et
507 4084 562 4166 qui
595 4081 738 4147 volebant
766 4083 897 4163 salvari,
919 4083 985 4148 sine
1006 4084 1223 4168 prohibitione
1243 4082 1363 4144 mundo
