3050 4900
257 314 329 387 19⁰
414 316 634 385 sussrssn.
655 314 852 384 merome
879 315 1188 387 amissum

256 500 293 555 ut
312 486 629 552 virumsebementer
645 488 803 566 idoneum,
823 489 1010 572 singularem
1019 493 1354 574 praetoscmomaium

256 576 446 637 estariorum
469 574 659 655 equestrium
674 573 868 635 exercituum
890 584 1074 655 promotum
1095 576 1127 635 iu
1150 587 1257 658 partes
1269 580 1355 662 Cap.

257 658 408 742 padoeiae
428 676 466 717 ac
485 658 702 718 clausurarum
732 657 913 720 discursura
932 668 1110 743 contraque
1124 662 1226 723 bostss
1245 682 1356 725 curam

257 754 293 805 et
314 740 547 823 dispositionem
569 740 672 801 facere
696 740 790 801 misit.

160 866 251 941 usos
342 856 451 919 Mundi
472 850 655 933 snn06191,
679 854 802 917 divinae
829 854 1051 918 incarnationis
1073 880 1154 920 anno
1176 854 1248 937 691,
1271 885 1355 924 auno

260 962 336 1004 vero
357 940 480 1022 imperii
507 940 659 1000 Absimari
690 940 806 1021 primo,
828 938 884 1022 qni
905 948 1023 1023 septem
1043 941 1172 1004 circiter
1191 943 1357 1025 imperavit

260 1026 357 1101 annis,
379 1022 582 1086 tumultuatus
600 1031 646 1084 est
658 1020 894 1084 Abderscbman
918 1022 951 1083 in
972 1024 1107 1109 Perside,
1128 1035 1161 1088 et
1180 1022 1357 1092 dominatus

261 1109 616 1190 circumponeremus
637 1114 682 1168 est
702 1107 741 1168 ab
762 1107 828 1188 ipsa
850 1104 980 1190 chagan.

347 1226 438 1287 duno
463 1220 588 1305 imperii
599 1222 751 1285 Absimari
770 1221 906 1287 secundo
917 1224 1048 1289 Romani
1068 1246 1126 1309 per
1138 1226 1260 1309 Syriam
1280 1250 1359 1311 pec·

264 1316 421 1391 agrantes,
443 1317 475 1368 ct
500 1306 654 1369 venientes
675 1328 772 1391 usque
794 1306 834 1367 ad
857 1308 1061 1384 Samosatam,
1082 1319 1115 1370 et
1134 1310 1358 1392 depraedantes

265 1390 1359 1543 ‘³¹⁰imq¹¹⁰‘lieflli¹⁰l⁰litnll⁰¹t⁰iuii⁰ldi⁹i'ibiifillidifi‘ii

131 1624 135 1634 ⁸
257 1482 473 1703 'daritiiigiiotie
502 1518 639 1621 Arabuin
674 1556 773 1621 multa
789 1496 913 1621 'reisru
939 1497 1030 1639 suist,
1056 1497 1170 1625 timore
1186 1501 1303 1647 magnii
1324 1564 1357 1627 iu
1436 1526 1442 1535 -

261 1664 315 1707 eos
334 1665 375 1727 pa
390 1663 423 1702 ra
441 1664 470 1707 o.

349 1760 440 1819 Anno
462 1756 586 1841 imperii
608 1753 762 1819 Absimari
786 1756 1078 1821 tertio-exercitum
1102 1760 1203 1821 movit
1223 1761 1357 1824 Abdelas

261 1840 296 1903 io
317 1841 530 1919 Romaniam,·
554 1848 587 1902 et
616 1859 793 1923 expugnans
821 1840 996 1903 Tarentum
1026 1842 1166 1927 nihilque
1191 1846 1359 1928 proficiens

260 1922 365 2071 mil}
373 1968 383 2003 ,
412 1944 451 1989 ac
482 1921 656 1987 aedilioarit
687 1924 924 2005 Mopsuesliam,
956 1928 990 1987 et
1017 1928 1124 2009 posuit
1160 1930 1192 1989 iu
1232 1950 1269 1990 na
1301 1950 1359 1992 cu·

345 2124 436 2184 Auno
457 2120 582 2205 imperii
593 2118 747 2183 bhsimari
767 2130 881 2206 quarto
894 2120 1010 2185 Baanea
1029 2134 1238 2209 cognomento
1259 2124 1361 2211 Epta.

264 2204 376 2269 demon
433 2217 556 2267 uurtam
587 2203 766 2273 Armeniam
796 2205 950 2269 »trabibus
983 2206 1129 2275 subdidit.
1182 2208 1360 2275 Absimarus

167 2312 194 2369 p.
204 2294 256 2351 570
265 2310 341 2353 sero
361 2228 704 2393 Phiiippicum,·filium
724 2288 895 2371 Niceplsori
916 2290 1054 2372 patricii,
1078 2292 1107 2352 in
1122 2281 1361 2376 ‚Cephalleniam

266 2372 383 2437 exulem
412 2382 494 2435 misit
520 2382 556 2435 ut
589 2372 765 2457 imperandi
794 2373 916 2437 somnio
947 2373 1178 2438 venundatum:
1206 2380 1361 2441 asserebat

264 2458 399 2522 enimse
435 2459 465 2520 in
489 2455 602 2520 somnis
629 2457 741 2521 vidisse
773 2455 860 2542 quod
880 2467 978 2540 caput
1004 2480 1093 2520 suum
1116 2461 1362 2527 obumbraretur

177 2579 183 2588 ·
264 2543 303 2604 ab
327 2541 439 2624 aquila.
494 2541 607 2628 quibus
635 2541 809 2627 imperator
840 2539 953 2604 auditis
981 2541 1065 2604 buno
1094 2543 1238 2638 protinus
1269 2546 1359 2610 csilio

265 2623 426 2710 relegavit.

348 2744 440 2803 Auno
460 2739 584 2822 imperii
605 2737 756 2802 Absimari
776 2739 889 2823 quinto
918 2738 1102 2804 seditionem
1122 2741 1363 2809 concisurus-unt

265 2824 426 2908 principes
455 2824 622 2887 Armeniae
657 2829 770 2884 contra
789 2823 981 2900 Saracenos,
1013 2833 1047 2886 et
1063 2847 1117 2887 eos
1138 2829 1193 2909 qui
1215 2839 1308 2890 eraut
1328 2829 1361 2891 ia

266 2907 413 2971 Armenia
443 2913 669 2988 peremerunt,
693 2906 860 2970 etiterum
881 2905 921 2968 sd
941 2908 1140 2973 Absimarnm
1163 2911 1305 2985 mittunt,
1328 2920 1362 2974 et

267 2993 425 3056 Romanos
448 2991 481 3052 in
501 2989 662 3072 regionem
687 3009 774 3050 suam
795 2988 963 3054 adducunt.
1005 3013 1106 3075 porro
1127 2995 1272 3058 binamed
1293 2997 1363 3058 soie

269 3074 415 3136 adversus
437 3093 489 3136 eos
513 3071 632 3134 directa
660 3072 775 3136 multos
796 3073 923 3152 occidit,
948 3083 980 3137 et
999 3077 1181 3140 Armeniam
1198 3081 1362 3144 Saracenis

268 3158 432 3234 submittit,
455 3157 680 3238 optimatesque
694 3157 915 3220 Armeniorum
926 3152 1133 3222 coacervatim
1148 3161 1181 3222 is
1202 3183 1268 3224 uno
1291 3166 1362 3224 loca

268 3241 405 3304 viventes
431 3240 582 3304 incendit.
637 3261 695 3321 per
722 3239 804 3302 idem
823 3263 901 3303 vero
929 3253 1050 3325 tempos
1074 3245 1244 3308 exercitum
1264 3249 1365 3309 morit

268 3328 348 3386 Aaar
368 3323 400 3385 in
426 3323 561 3387 Ciliciam
578 3343 650 3386 eum
673 3321 779 3386 decem
792 3325 939 3403 milibus3
960 3326 1094 3388 cuicum
1107 3327 1223 3391 obrias
1242 3348 1360 3391 occur.

269 3409 359 3472 sisset
381 3408 541 3470 Heraclius
562 3409 660 3468 fruter
682 3407 900 3489 imperatoris,
924 3408 1077 3492 plurimos
1099 3429 1212 3476 eornm
1231 3413 1363 3496 occidit,

267 3491 407 3558 residuus
426 3510 504 3554 vero
525 3491 646 3554 vinctos
664 3491 848 3573 imperatori
868 3493 1048 3556 transnabit.

285 3671 288 3678 ¹
354 3607 443 3662 Anno
464 3597 588 3680 imperii
604 3597 752 3661 Absimari
775 3608 860 3659 sesto
881 3597 994 3661 Auidus
1013 3599 1112 3670 Cnoel
1133 3600 1229 3664 aciem
1250 3612 1364 3666 contra

269 3684 408 3746 Ciliciam
430 3683 540 3759 movit,
563 3701 802 3765 expugnansque
823 3681 902 3742 Sissi
920 3693 1057 3745 castrum
1078 3728 1086 3744 .
1108 3725 1117 3743 .
1140 3729 1148 3745 .
1169 3729 1178 3746 .
1201 3684 1363 3750 Heraclius

268 3767 468 3852 imperatoris
490 3767 588 3827 frater
606 3765 754 3844 obtinuit,
777 3774 810 3826 et
827 3765 944 3827 bellum
959 3767 991 3827 iu
1013 3787 1085 3828 eum
1100 3787 1257 3852 aggressus
1280 3772 1365 3832 sss-

269 3851 345 3916 bum
368 3849 534 3912 duodecim
563 3849 647 3910 milia
679 3859 780 3910 necat.
822 3849 941 3914 interea
969 3849 1153 3918 lastinianus
1173 3872 1246 3914 cam
1267 3872 1364 3937 penes

268 3933 460 3997 Cbersouam
490 3932 617 4015 degeret
641 3941 673 3993 et
694 3951 725 3993 se
753 3933 868 3994 itesam
896 3935 939 3996 im
964 3942 1125 3996 eratnrnm
1160 3937 1364 4000 concionatus

175 4017 489 4097 p-tttdenuntiaret,
511 4017 634 4078 accolae
656 4015 801 4078 locorum
827 4035 927 4080 eornn
950 4039 1000 4080 em
1019 4015 1184 4081 discrimen
1206 4041 1242 4082 ex
1263 4023 1365 4106 impe-

272 4101 321 4164 rio
342 4103 513 4184 provenire
533 4107 713 4177 metuentes,
736 4099 890 4162 consiliatl
910 4110 983 4162 suut
1004 4100 1089 4162 launo
1110 4103 1288 4168 interficere
1311 4106 1361 4169 uel

197 4259 203 4273 ἱ
254 4195 359 4249 .esrtc
394 4184 577 4268 imperaturi
613 4184 836 4248 transmittere.
886 4185 951 4268 ipse
969 4205 1047 4248 vero
1068 4185 1364 4270 missamissa,
