3050 4900
209 387 210 392 ,
288 317 359 390 118
438 320 649 388 anastasis
669 318 865 385 uts‘rotttt
893 315 1204 384 accursusrtca

285 491 395 554 audito
418 489 519 554 hostes
541 489 703 552 imminere
732 489 795 550 sibl
813 489 1017 550 existimantes
1046 485 1077 547 ln
1111 489 1217 567 lugam
1236 485 1380 546 corsversi

285 585 369 646 aunt,
393 575 517 649 “torna,
539 577 650 634 tornu'’
676 572 812 634 maximis
828 572 956 634 vocibus
969 571 1181 633 exclamantes.
1222 567 1378 650 chaganus

285 667 390 719 autem
414 658 567 738 ingentem
590 657 793 718 formidinem
814 653 939 716 indatus
960 655 1083 736 penitus
1104 651 1252 733 fugiebat,
1274 661 1305 712 et
1328 651 1378 710 vi-

286 738 443 802 debantur
465 740 593 801 barbari
622 749 654 802 et
675 739 808 800 Romani
829 740 961 799 invicem
987 739 1104 816 fugere,
1128 735 1247 796 tremine
1271 753 1380 814 perse·-

286 831 416 907 qucnte.
459 833 624 906 practerea
656 821 811 905 chaganus
831 821 960 905 sumptis
979 819 1150 880 virtutibus
1171 818 1311 899 Apiriam
1331 818 1379 878 ci.

286 906 417 968 vitatem
441 906 574 984 obsedit,
597 908 820 988 inventumque
841 905 941 966 Busan
963 902 1050 964 urhis
1073 902 1308 984 manganarium
1329 901 1381 961 in·

287 991 431 1052 terlicerc
447 989 617 1072 nitebatur,
638 989 693 1072 qui
714 988 861 1071 pecunias
878 987 1011 1070 rogabat
1032 987 1060 1047 ci
1085 984 1196 1046 multas
1215 986 1380 1067 praebere,

286 1071 311 1134 si
330 1073 425 1134 vitam
445 1072 504 1134 sibi
525 1071 670 1135 donaret.
714 1071 765 1133 ille
787 1092 865 1134 vero
885 1070 970 1132 bunc
988 1071 1117 1150 ligatum
1138 1067 1211 1128 urbi
1231 1089 1381 1150 praesen.

288 1157 378 1218 tavit.
402 1165 434 1219 at
456 1156 521 1238 ipse
542 1155 713 1240 quaerebat
734 1154 908 1216 habitantes
929 1154 1041 1216 urbem
1062 1164 1097 1214 ut
1117 1159 1284 1232 erneretur,
1306 1173 1383 1212 nar.

289 1260 359 1300 rans
381 1261 475 1322 quam
496 1261 587 1322 saepe
608 1259 669 1320 pro
685 1236 812 1300 civitate
833 1237 1013 1300 certaverit.
1056 1236 1131 1298 civis
1152 1231 1278 1317 quidam
1298 1234 1384 1295 mul-

288 1319 472 1384 titudinibus
493 1321 646 1405 persuasit
666 1319 729 1381 boc
744 1321 871 1383 minime
890 1319 1076 1382 faciendum.
1100 1319 1173 1402 quia
1196 1339 1272 1400 ergo
1293 1318 1384 1400 parvi

288 1427 399 1488 pensus
431 1416 477 1467 cst
500 1407 599 1484 Busa,
621 1405 820 1485 repromittit
845 1405 986 1486 chagano
1009 1426 1042 1466 sc
1062 1401 1188 1464 tradere
1212 1403 1382 1474 civitatem,

289 1495 322 1550 at
344 1489 599 1550 exterminatorio
621 1489 828 1548 instrumento
848 1489 942 1563 lacto,
963 1486 1050 1570 quod
1066 1486 1194 1546 arietem
1210 1486 1383 1566 nominant,
1416 1485 1422 1500 “

289 1568 447 1633 civitatem
469 1572 600 1654 adeptus
624 1579 687 1644 est;
711 1571 858 1632 ducentes
872 1570 959 1654 quod
980 1569 1108 1632 barbari
1132 1578 1385 1649 argumentosum

291 1653 450 1738 ingenium
473 1661 514 1732 t),
539 1665 570 1718 et
591 1655 664 1716 alias
684 1653 788 1734 plures
810 1655 902 1716 urbes
923 1654 955 1714 in
976 1654 1158 1715 servitutem
1182 1653 1382 1733 redegerunt,

189 1747 321 1828 pauset
343 1759 414 1798 cum
437 1738 534 1798 multa
557 1737 738 1819 captivitate
759 1738 876 1800 reversi
897 1746 982 1798 sunt.
1026 1736 1184 1797 audientes
1206 1747 1309 1797 autem
1320 1737 1384 1818 By..

289 1820 383 1888 aautii
415 1820 503 1906 quod
525 1819 631 1882 Castus
666 1843 682 1880 a
714 1819 857 1884 barbaris
879 1820 1019 1903 captivat
1047 1820 1174 1881 affectus
1195 1819 1245 1894 sit,
1267 1818 1386 1900 magnis

289 1903 438 1965 conviciis
468 1913 579 1964 contra
601 1901 790 1966 Mauricium
810 1906 992 1984 utebantur,
1011 1913 1046 1966 et
1065 1903 1148 1964 bunc
1171 1903 1204 1962 in
1223 1903 1385 1964 manifesto

290 1986 487 2069 blasphemiis
504 1987 704 2070 appetebant.

373 2093 437 2156 Per
459 2093 542 2156 idem
561 2115 690 2178 quoque
710 2101 832 2175 tempus
854 2092 1013 2154 Heraclius
1035 2091 1173 2155 Heraclii
1194 2101 1286 2176 pater
1304 2091 1385 2153 Pcr-

291 2175 391 2238 aieum
408 2198 565 2259 aggressus
583 2185 628 2238 est
642 2185 789 2253 castrum,
812 2176 900 2259 quod
911 2185 944 2238 et
962 2177 1054 2260 cepit.
1075 2177 1218 2239 similiter
1238 2185 1269 2238 et
1278 2177 1307 2235 T
1309 2175 1389 2236 hec-

292 2259 389 2323 dorus
419 2271 555 2322 eastriun
589 2263 807 2336 Mazarorum,
836 2261 993 2342 amboque
1021 2259 1150 2322 Bavides
1172 2260 1311 2321 veniunt.
1354 2268 1386 2320 et

292 2365 365 2406 eum
387 2353 523 2406 castrum
543 2343 781 2406 munitissimum
803 2352 889 2425 esset,
910 2345 997 2406 miles
1017 2343 1144 2428 quidam
1163 2343 1308 2426 Saphires
1331 2365 1388 2403 nc-

291 2426 387 2504 mine,
408 2427 547 2491 stimulos
571 2436 615 2491 est
636 2435 806 2511 operatus,
836 2433 869 2489 et
890 2436 1002 2491 contra
1033 2427 1230 2511 compagines
1250 2423 1387 2507 lapidum

293 2510 350 2574 hos
371 2512 464 2593 figens
487 2532 546 2594 per
568 2532 620 2576 eos
641 2512 761 2573 aditum
783 2511 869 2572 fecit.
892 2533 964 2573 cum
982 2523 1087 2573 autem
1106 2512 1197 2573 sortis
1213 2510 1263 2572 ille
1283 2531 1388 2570 ascen·

294 2594 387 2657 disset
408 2597 490 2657 muri
521 2616 693 2672 coronam,
729 2596 780 2655 vir
797 2596 891 2656 Persa
919 2595 1003 2655 hunc
1023 2594 1163 2676 expulsit.
1204 2593 1290 2655 cadit
1309 2614 1388 2676 crgo

295 2676 440 2760 Sapbires
464 2678 619 2755 deorsum,
644 2686 676 2739 et
696 2678 868 2758 suscipiunt
892 2698 963 2738 eum
994 2678 1026 2738 in
1046 2679 1141 2739 acutis
1161 2678 1221 2739 auis
1241 2678 1386 2737 Romani.

295 2769 328 2821 et
350 2780 455 2822 rursus
477 2782 555 2841 opus
578 2760 731 2822 audenter
753 2760 879 2841 arripit,
901 2768 934 2821 et
956 2760 1059 2823 denuo
1081 2762 1262 2823 atirmitate
1284 2760 1390 2842 repel-

296 2842 382 2907 litur.
425 2843 604 2927 iterumque
628 2842 762 2906 Romani
793 2843 878 2905 hunc
905 2844 998 2905 acutis
1019 2846 1200 2927 suscipiunt,
1237 2854 1269 2906 et
1290 2842 1389 2905 tertio

297 2924 337 2985 ad
356 2924 636 2989 machinamentum
657 2934 788 2989 conatus
809 2936 868 2988 est.
884 2947 1020 3011 cumque
1034 2928 1074 2989 nd
1093 2928 1174 2989 muri
1196 2936 1291 3011 caput
1310 2947 1388 3009 per-

295 3008 438 3086 venisset,
457 3010 584 3072 Persam
601 3010 724 3087 excidit,
750 3008 861 3073 deiude
879 3019 974 3093 caput
989 3011 1052 3072 eius
1071 3013 1217 3073 Romanis
1238 3012 1390 3093 praebens

294 3090 352 3153 hos
374 3091 487 3156 fiducia
497 3114 608 3176 magna
628 3092 781 3176 replevit3
804 3095 970 3178 multisque
990 3094 1182 3157 imitantibus
1197 3096 1300 3155 airum
1322 3095 1391 3153 for·

295 3183 376 3253 tem,
405 3186 437 3239 et
457 3198 516 3262 por
543 3175 629 3260 palos
655 3175 888 3238 ascendentibus
908 3200 1056 3255 murum,
1085 3178 1231 3240 Romanis
1254 3178 1391 3237 traditur

200 3268 442 3356 „menstruam
492 3270 524 3323 et
550 3261 625 3323 alios
646 3258 773 3344 quidem
801 3262 969 3323 Persarum
989 3260 1192 3341 occiderunt,
1216 3261 1292 3322 alias
1314 3280 1391 3321 vero

298 3344 438 3427 captivos
460 3343 617 3407 duxemnt
638 3364 699 3405 una
722 3364 794 3405 cum
813 3345 1017 3426 supellectili,
1041 3345 1105 3429 igni
1126 3344 1256 3427 prodito
1278 3352 1391 3405 castm.

298 3426 418 3487 interea
443 3427 634 3509 Philippicas
658 3448 763 3489 rursus
785 3428 969 3511 Byzantium
991 3428 1053 3490 iter
1073 3428 1146 3510 egit,
1169 3429 1313 3490 fleraclio
1326 3430 1392 3488 llo·

298 3530 465 3571 manorum
497 3509 576 3571 duce
610 3511 730 3573 relicto.
781 3511 906 3573 veniens
928 3522 1033 3573 autem
1052 3513 1201 3593 Tarsum,
1233 3519 1264 3572 et
1286 3511 1391 3572 dicens

299 3591 386 3676 quod
409 3594 584 3675 imperator
603 3593 743 3654 Priscum
764 3594 902 3657 Orientis
931 3605 1111 3675 praetorem
1140 3604 1280 3656 creatum
1305 3594 1393 3655 dire·-

300 3678 391 3757 xerit‚
409 3676 519 3739 scribit
532 3676 674 3739 Heraclio
696 3678 822 3740 dimisso
835 3678 973 3741 exercitu
987 3680 1018 3740 ia
1030 3679 1207 3741 Armeniam
1221 3677 1329 3740 venire
1352 3678 1392 3739 ad

347 3897 682 4023 'tstttztttltt'
703 3900 1393 4039 ttttfh'tttitt„tttt·..t:‚fttttt::

370 4048 429 4093 tum
452 4041 588 4109 ingenium
609 4042 811 4115 interpretatur.
830 4042 892 4095 vida
918 4042 1146 4095 Elinanhorstium
1173 4042 1207 4094 ad
1228 4043 1306 4111 Apul.
1325 4042 1395 4094 hiet.

370 4108 471 4237 mnu·
491 4112 552 4168 tot.
584 4112 695 4168 Glauca
722 4113 860 4168 Doaithei:
892 4122 1094 4187 argumentum,
1118 4124 1214 4187 argute
1243 4114 1396 4169 inventum.
