3050 4900
268 310 340 389 cat
417 326 625 392 snasrnsn
657 326 852 391 nrsroan
879 325 1185 391 accersasrrcn

232 528 236 537 ·
264 496 393 580 sumptis
421 494 570 580 indigenis
590 496 666 560 adiit
687 496 852 579 Aprilium,
876 506 909 559 et
933 518 1004 570 cnm
1025 496 1212 559 transivisset
1231 494 1352 559 Cauca.

166 590 328 663 p-bdlseos
351 590 470 643 montes
491 581 577 643 venit
598 582 630 643 in
655 580 802 643 hionium.
825 580 1007 642 lastinianus
1030 590 1134 643 nutem
1154 580 1260 643 rolens
1281 602 1359 655 cum,

261 664 405 747 perdere,
430 663 529 741 misit,
550 672 583 727 at
611 663 683 725 tulit
709 664 855 747 pecunias
886 684 922 727 ex
943 664 1083 729 Phaside.
1138 664 1226 726 Alani
1249 672 1354 725 autem

261 748 454 829 spatharium
466 768 538 809 eum
558 748 644 809 omui
665 747 788 810 horrore
805 749 1013 830 suscipientes,
1032 756 1128 832 atque
1142 747 1240 819 rerba
1260 746 1353 831 ipsius

262 828 437 907 audientes,
468 832 661 893 introierunt
692 840 724 893 et
743 832 888 915 praedati
910 840 985 893 sunt
1006 831 1177 915 Abasgiam.
1220 838 1354 892 atvero

263 913 405 977 dominus
418 914 612 996 abasgorum
636 914 759 978 intimat
782 914 883 977 Alanis
907 914 1011 977 dicens
1031 919 1089 975 “ut
1103 914 1240 992 invenio,
1261 913 1355 975 ulium

261 997 356 1059 talem
378 998 619 1060 mentionarium
651 998 835 1061 lastinianus
862 1020 926 1060 non
949 997 1076 1076 habuit,
1104 1018 1198 1081 quem
1229 998 1355 1061 mittere

261 1078 415 1143 debuisset
436 1090 468 1144 et
490 1090 703 1145 commoveret
722 1102 777 1145 vos
798 1093 911 1144 contra
931 1104 987 1144 uos
1011 1080 1128 1144 ricinos
1149 1089 1276 1157 vestros,
1297 1082 1353 1142 uisi

262 1162 419 1227 hominem
442 1165 555 1227 istum:
585 1166 693 1229 fefellit
720 1167 803 1229 enim
833 1188 889 1227 ros
910 1174 943 1227 ct
975 1164 1059 1226 circu
1080 1164 1355 1247 repromissionem

264 1268 391 1331 quoque
413 1249 634 1330 pecuniarum:
650 1250 792 1332 ,mittens
819 1250 901 1312 enim
927 1249 1113 1311 lastinianus
1146 1248 1199 1309 has
1219 1248 1355 1311 abstulit.

262 1331 316 1393 sed
340 1330 411 1393 date
431 1331 519 1393 nohis
539 1355 631 1410 eum,
663 1342 696 1394 et
724 1334 908 1417 praebemus
933 1332 1022 1394 robis
1055 1332 1273 1394 numismatum
1292 1332 1355 1393 tris

262 1414 370 1491 milia,
391 1424 423 1477 et
452 1415 554 1498 prisce
578 1418 689 1479 caritas
712 1426 819 1478 nostra
843 1438 907 1479 non
925 1414 1092 1482 solvetur.''
1133 1436 1244 1477 verum
1266 1415 1356 1477 Alani

264 1498 409 1561 dixerunt
430 1502 506 1561 “nos
522 1520 585 1561 non
630 1508 741 1582 ropter
757 1500 921 1583 pecuniam
935 1499 1129 1563 obedivimus
1143 1499 1182 1577 ei,
1204 1499 1257 1561 sed
1279 1520 1357 1583 pro·

262 1590 335 1665 pter
367 1583 563 1665 imperatoris
599 1522 826 1645 dilectionemss'
877 1584 1054 1668 iterumque
1079 1582 1192 1666 Abasgi
1224 1583 1355 1645 mittunt

262 1665 303 1728 ud
324 1685 394 1741 eos,
416 1664 551 1728 dicentes
578 1665 671 1729 “data
702 1667 792 1730 nobis
819 1688 902 1744 cum,
926 1676 958 1729 et
980 1666 1153 1730 tribuemus
1173 1665 1356 1728 numismata

261 1770 311 1811 sex
333 1750 449 1812 milia.''
489 1770 590 1834 porro
610 1752 698 1813 Alani
730 1751 867 1814 volentes
888 1749 1008 1813 discere
1036 1750 1197 1833 regionem
1216 1749 1356 1834 Abasgo-

264 1852 354 1909 rum,
384 1832 634 1915 repromiserunt
663 1856 695 1896 se
728 1836 873 1918 accipere
891 1834 942 1896 illa
964 1834 1183 1896 numismatum
1201 1854 1251 1895 ser
1272 1834 1357 1894 milia

263 1924 296 1977 et
315 1916 392 1979 darc
412 1915 615 1999 spatharium.
657 1917 745 1980 Alani
765 1938 842 1980 sero
859 1918 1076 1980 confessisunt
1094 1916 1256 2003 spathario
1276 1914 1356 1978 cub-

265 2006 327 2075 cta,
350 2008 382 2061 et
402 1998 511 2061 dicunt
531 2000 560 2063 ei
581 2002 864 2084 “quemadmodum
885 2000 981 2080 sides,
1015 2001 1063 2062 viu
1084 2001 1217 2085 quaein
1240 2002 1357 2064 Romu.

267 2082 350 2143 niam
372 2082 460 2145 ducit
480 2084 582 2145 clausa
605 2096 659 2163 est,
682 2094 714 2147 ct
732 2085 893 2169 quomodo
916 2096 1052 2147 transeas
1072 2104 1136 2145 nou
1161 2082 1263 2145 hahes.
1303 2082 1358 2146 sed

170 2204 198 2259 1,
207 2167 372 2248 ooapotius
393 2167 502 2229 callide
523 2188 665 2252 agemus,
684 2178 716 2231 et
743 2170 948 2252 polliceamur
968 2168 1010 2230 eis
1032 2166 1118 2251 qnod
1136 2167 1294 2231 tradamus
1316 2174 1359 2242 te,

270 2260 301 2311 ct
323 2250 472 2313 mittimus
491 2250 632 2315 homines
652 2260 777 2315 nostros
810 2274 883 2315 cum
903 2251 965 2328 eis,
986 2260 1019 2315 et
1040 2251 1183 2314 discimus
1204 2252 1360 2313 clausuras

171 2382 175 2387 .
270 2355 391 2414 eornm,
415 2344 447 2397 et
469 2336 632 2413 irruemus,
654 2345 686 2400 et
709 2336 979 2401 exterminabimus
1007 2336 1168 2419 regionem
1190 2335 1358 2417 ipsorum''

270 2417 464 2500 apocrisiarii
487 2440 561 2483 vcro
585 2420 755 2483 blacorum
778 2421 925 2484 abeuntes
947 2418 978 2482 in
1000 2419 1170 2503 Abasgiam,
1194 2427 1226 2482 et
1243 2439 1360 2501 repro·

269 2501 425 2566 mittentes
445 2503 637 2586 spatharium
658 2505 804 2588 prodere,
827 2505 962 2587 plurima
981 2506 1069 2566 xenia
1090 2512 1300 2585 perceperunt
1319 2503 1360 2564 ab

271 2587 322 2648 cis.
365 2598 398 2650 et
419 2589 524 2670 plures
539 2589 645 2652 missos
664 2588 768 2652 denuo
789 2589 929 2666 mittunt,
948 2585 1038 2650 simul
1058 2586 1151 2649 etism
1166 2609 1238 2647 cum
1261 2608 1360 2671 qaan-

271 2673 362 2732 titatc
385 2673 453 2732 auri
476 2671 515 2732 ad
538 2671 751 2753 recipiendum
772 2671 973 2755 spatharium.
1025 2671 1112 2732 Alani
1134 2692 1211 2732 vero
1233 2669 1360 2753 spatha-

272 2753 321 2815 rio
343 2753 430 2814 aiunt
452 2753 611 2816 “homines
635 2749 702 2836 isti,
731 2765 763 2818 et
791 2753 1053 2840 quemadmodum
1080 2753 1296 2837 praediximus,
1319 2753 1361 2815 ad

271 2844 303 2898 tc
326 2835 538 2918 recipiendum
569 2848 740 2915 venerunt,
768 2848 800 2900 et
838 2839 971 2920 Abasgia
999 2846 1031 2901 te
1060 2839 1284 2922 praestolatur.
1327 2847 1361 2899 et

271 2917 419 3062 quoniam
442 2921 576 3002 proximi
598 2939 702 2984 sumus
725 2922 777 3004 eis,
798 2923 1006 3004 negotiatores
1024 2931 1131 2986 euntes
1146 2923 1186 2985 ad
1208 2921 1274 2983 illos
1295 2941 1360 2980 non

293 3001 430 3064 eliciunt.
474 3023 549 3087 crgo
573 3005 740 3088 neprodas
760 3006 801 3068 eis
824 3005 987 3068 consiliam
1008 3013 1161 3068 nostrum.
1201 3004 1361 3066 trademus

272 3097 304 3147 te
322 3085 495 3162 manifeste,
519 3096 552 3150 et
572 3107 643 3148 cum
655 3111 709 3150 nos
728 3089 808 3150 moti
821 3089 1043 3166 recesserimus,
1059 3088 1215 3150 mittemus
1237 3086 1361 3149 occulte

271 3178 345 3250 post
365 3177 497 3253 tergum,
518 3181 550 3234 et
572 3171 638 3234 illos
661 3169 786 3254 quidem
804 3175 989 3252 occidemus,
1009 3181 1040 3235 te
1059 3182 1162 3234 antem
1185 3169 1361 3233 occultati.

272 3273 339 3316 mus
360 3251 460 3316 donec
484 3263 688 3318 coacervetur
706 3256 840 3339 populus
852 3265 959 3318 noster
979 3267 1011 3319 et
1032 3253 1235 3319 concorditer
1254 3255 1361 3337 ingrc-

273 3334 396 3399 diamur
421 3338 739 3420 terram-ipsorum.”
789 3341 875 3424 quod
907 3347 940 3402 ct
970 3341 1087 3402 factum
1107 3349 1162 3402 est.
1211 3359 1360 3420 compre-

273 3417 368 3481 henso
398 3419 532 3505 denique
566 3421 646 3484 missi
680 3423 872 3504 Abasgorum
904 3423 1063 3508 spathario
1087 3445 1160 3484 cum
1181 3421 1360 3484 bominibus

174 3503 336 3591 panarius
357 3504 523 3567 vincientes
546 3527 616 3568 eum
637 3506 775 3570 abibant.
819 3507 892 3569 dein
913 3507 1157 3570 retrovcnientes
1177 3506 1266 3568 Alani
1288 3525 1362 3566 cum

271 3587 392 3650 llictaxi
414 3587 542 3652 domiuo
563 3610 620 3651 sao
644 3589 793 3652 occidunt
815 3591 959 3673 Abasgos,
979 3590 1171 3674 spatharium
1197 3590 1361 3654 occultan-

272 3680 337 3743 tes;
357 3681 388 3733 et
410 3671 512 3734 electis
534 3672 680 3734 militibus
706 3683 808 3734 motus
832 3683 878 3735 est
905 3675 936 3736 in
958 3675 1129 3758 Abasgiam,
1151 3682 1184 3736 et
1206 3673 1362 3754 insperate

271 3753 427 3816 clausuras
457 3776 568 3818 eorum
596 3757 745 3838 ingressus
777 3760 907 3819 multam
933 3757 965 3819 in
988 3759 1121 3843 Abasgos
1154 3757 1304 3838 praedam
1327 3765 1361 3816 et

271 3837 487 3899 exterminium
521 3848 667 3922 operatus
697 3851 754 3904 est.
809 3843 920 3925 quibus
952 3841 1063 3904 auditis
1096 3840 1298 3915 lastinianus,
1327 3847 1361 3899 et

271 3933 435 4003 comperto
457 3922 656 4006 quodetiam
678 3923 743 3985 sine
765 3926 905 4006 pecuniis
920 3935 1086 4008 praecepta
1108 3945 1161 3985 sun
1182 3933 1254 3985 snut
1276 3931 1360 4000 acta,

270 4005 366 4062 rnittit
390 4005 506 4067 litteras
528 4005 565 4067 ad
588 4008 732 4090 Abasgos,
754 4009 827 4092 quia
848 4011 880 4070 s'r
894 4011 1020 4086 salvum,
1043 4007 1202 4091 inquiens,
1235 4003 1361 4088 spatha-

271 4087 353 4146 rium
376 4101 517 4152 nostrum
540 4091 750 4156 custodieritis
768 4101 799 4153 ct
818 4114 876 4174 per
896 4114 950 4152 vos
971 4093 1108 4154 illaesum
1129 4091 1263 4152 transire
1283 4108 1360 4170 pcr-

271 4169 436 4251 nriscritis,
467 4195 571 4239 omncs
601 4195 734 4240 excessus
758 4187 876 4240 vostros
908 4176 996 4240 vobis
1020 4174 1215 4260 ignoscimus.
1255 4171 1357 4235 atilli
