3050 4900
618 366 768 432 hortu.
1145 356 1218 433 487

215 534 286 616 983,
305 535 352 606 19.
400 535 624 624 Αὕγοοστέως]
657 544 863 625 Augusteum,
886 541 1086 625 opsoniorum
1114 545 1220 606 forum

131 623 331 706 appellatum,
353 621 439 704 quod
460 622 559 683 idibus
570 624 718 687 Octobris
740 626 903 708 regionum
925 637 1096 701 curatores,
1119 629 1219 690 etSe-

130 705 316 787 bustophori
338 704 369 764 in
392 707 518 789 Augusti
535 707 687 768 honorem
702 709 744 768 ibi
767 710 934 786 saltarent3
957 711 1004 770 vel
1024 709 1107 794 qnod
1131 713 1219 771 Con-

129 790 257 852 stantini
279 797 312 850 et
339 787 475 852 Helenae
500 797 621 852 statuae
641 791 673 851 iu
697 810 734 852 eo
764 802 862 854 essent
883 803 1017 855 erectae.
1060 791 1167 856 Suidas
1187 817 1216 854 v.

129 869 356 952 Adyouurct‘ou.

213 974 284 1056 284,
317 979 344 1038 1.
394 975 564 1040 Ἰουλιανόν
591 973 740 1061 Πρόβοο]
771 981 920 1042 lulianum
948 1004 1018 1044 curn
1048 983 1217 1044 coniuratis

130 1073 284 1122 memoret
312 1060 485 1122 chronicon
510 1061 655 1123 Alexand.
677 1064 817 1124 Probum
843 1065 971 1148 llypatii
995 1067 1217 1130 consobrinum

129 1145 335 1222 Marcellinus,
356 1153 388 1206 et
408 1145 583 1226 Procopius
606 1145 657 1210 lib.
686 1145 700 1207 1
724 1145 863 1208 debello
886 1149 1026 1210 Persico.

178 1264 184 1282 ·
213 1250 335 1313 thius.
377 1251 494 1326 ξενῶνα
514 1251 574 1314 τοῦ
587 1247 741 1335 Σαμψών]
765 1253 996 1316 aConstantino
1011 1255 1216 1320 aedificatum.

130 1332 357 1417 euchologium.

212 1441 294 1502 thid.
317 1439 347 1506 7.
398 1437 433 1500 ἐκ
452 1438 649 1522 seruaturus]
678 1441 849 1503 chronicon
880 1444 1119 1508 Alexandrinum
1143 1445 1215 1527 legit

127 1517 188 1585 οὖν
210 1529 275 1593 τοῖς
295 1524 450 1605 φοβεροῖς,
471 1520 526 1584 uui
544 1525 745 1599 θαυμαστοῖς
766 1525 846 1588 κίοσι
870 1529 948 1587 πᾶσι
967 1529 1000 1591 ἐκ
1021 1529 1215 1610 τειραέντου·

128 1607 270 1689 adeoque
291 1606 506 1667 columnarum
527 1609 708 1689 materiam,
728 1617 760 1670 et
779 1611 942 1672 marmoris
966 1633 1059 1694 genus
1082 1631 1143 1672 vor
1163 1613 1215 1674 illu

126 1691 293 1774 peregrina
316 1688 440 1754 indicat.

212 1797 289 1860 thid.
309 1795 356 1858 18.
398 1793 461 1856 u'nd
484 1796 688 1880 Φλοβιοοῶν]
711 1797 882 1859 chronicon
898 1799 1133 1864 Alexandrinum
1157 1805 1214 1864 bn.

127 1881 183 1944 bet
203 1875 265 1941 u’nd
291 1879 554 1940 Koumasenoi·
597 1890 629 1942 ut
649 1891 713 1942 tum
736 1883 939 1958 Constantini,
962 1907 1053 1968 quarn
1076 1889 1214 1948 Flaviani

127 1967 215 2025 luere
251 1963 413 2043 legionarii
455 1964 667 2025 comitatenses
712 1967 768 2026 suh
804 1967 950 2047 magistro
989 1970 1120 2032 militum
1153 1991 1212 2052 per

127 2047 285 2122 Thracias,
308 2069 326 2106 u
342 2045 450 2106 Fluvio
472 2048 685 2124 Constantino,
707 2048 762 2130 qui
784 2071 919 2130 magnus,
942 2052 1084 2114 instituti.
1129 2055 1214 2115 uoti..

126 2131 172 2191 tiu
190 2131 263 2210 imp.
288 2129 410 2191 Orieut.
432 2136 463 2188 ct
483 2130 676 2191 Pursoirollus
698 2131 730 2190 in
750 2153 818 2192 eam
842 2153 909 2215 cop.
929 2132 979 2195 53.

154 2313 163 2333 .
212 2237 291 2302 thid.
320 2234 368 2299 19.
409 2231 586 2317 διακόσιοι]
629 2238 802 2301 chronicon
838 2241 918 2303 idem
953 2237 1108 2304 διακόσιοι
1141 2263 1213 2304 πεν-

124 2339 266 2401 τηκοοτα.
320 2343 343 2366 ·

208 2425 287 2493 [su.
327 2419 517 2506 tuopseoiros]
543 2424 623 2488 idem
645 2427 814 2511 φοροῦντες
848 2423 956 2507 ζαβᾰς.
989 2430 1088 2508 saba,
1109 2430 1211 2493 lorica

123 2510 287 2573 mutuus.
311 2509 473 2572 Meursius.
510 2522 514 2532 “
568 2594 572 2603 ,
685 2502 698 2529 ⁸

206 2608 278 2685 285,
299 2610 331 2672 9.
375 2608 421 2681 εἰς
449 2602 488 2669 roi
520 2604 671 2688 λεγόμενα
690 2602 873 2686 Πούλποτα]
905 2610 1003 2671 locum
1025 2611 1108 2672 hunc
1129 2621 1212 2673 tacet

121 2692 298 2775 Procopius
322 2692 361 2756 de
381 2692 463 2755 hello
485 2693 612 2755 Persico
635 2694 687 2754 lib.
703 2695 730 2769 1,
749 2701 873 2754 coetero
897 2694 1045 2756 describit
1067 2696 1211 2757 enuclea.

122 2778 192 2839 tius.
234 2777 342 2838 eadem
364 2775 537 2838 chronicon
559 2776 809 2861 Alexandrinum.

206 2876 284 2939 tutu
306 2865 437 2937 ὄπισθεν
458 2876 517 2935 τοῦ
535 2872 741 2954 καθὼμαοος]
760 2874 944 2956 Procopius.
968 2876 1019 2937 ubi
1047 2878 1212 2959 rhrperutor

121 2960 279 3019 consistere
297 2960 466 3035 consueuit,
486 2980 523 3020 ac
550 2973 680 3042 eqrcestre
699 2960 930 3044 gymnicumque
952 2960 1059 3020 solitus
1078 2973 1120 3021 est
1141 2982 1211 3045 spe.

124 3056 209 3105 stare
225 3056 389 3103 certamen.
431 3042 525 3102 infra.
548 3045 736 3123 Augusteum
757 3044 894 3103 throrucm
918 3052 1087 3125 nuncupat.

164 3227 190 3292 'a
211 3149 289 3211 lbid.
310 3148 343 3211 6.
381 3144 600 3231 σαοθαρίοος]
629 3150 796 3227 cedrenus,
816 3144 1004 3231 οπαθάριος,
1027 3144 1043 3209 d
1066 3167 1210 3229 σωματο-

192 3254 212 3290 a
231 3279 239 3295 0

123 3251 169 3315 φν
203 3232 286 3396 leid.
307 3330 337 3394 8.
380 3324 811 3416 (loysdu1erogo,distn‘buo.
840 3332 981 3415 superius
1005 3329 1043 3393 de
1063 3352 1149 3413 roga.

205 3438 286 3501 Ibid.
309 3433 359 3500 14.
401 3436 454 3500 dud
482 3441 536 3518 τῆς
557 3437 740 3521 σφενδόνης]
772 3462 810 3501 an
832 3433 986 3521 σφενδόνη
1018 3438 1113 3500 fuerit
1132 3438 1208 3500 circi

118 3516 287 3603 ἄφετηρία,
309 3544 418 3585 carcer
431 3522 577 3585 nimirum
599 3544 634 3585 ex
656 3543 731 3606 quo,
754 3524 841 3584 velut
863 3545 879 3583 e
888 3523 999 3601 sunda
1019 3522 1105 3604 lupis,
1128 3542 1208 3605 pro-

116 3606 287 3666 currebant
309 3608 453 3689 aurigae,
474 3606 652 3689 velutrurn
684 3606 760 3666 circi
784 3626 855 3689 purs
878 3614 1023 3682 extrema,
1049 3615 1081 3666 et
1102 3625 1206 3688 oppo-

119 3688 187 3763 situ,
208 3709 287 3771 quae
307 3703 406 3765 meta,
437 3696 469 3748 et
488 3686 629 3766 καματὸς
652 3690 765 3750 Suiduc
792 3710 818 3748 v.
841 3688 971 3767 βαλβίς,
1004 3690 1091 3772 quod
1114 3711 1148 3751 ex
1172 3708 1207 3750 ea

117 3769 281 3917 gppnppppi
304 3770 460 3834 curricula
480 3772 623 3854 etspatio
646 3780 782 3855 spectatu
804 3770 932 3833 fundarn
956 3772 1103 3851 referunt,
1127 3771 1207 3835 diri·

202 3952 283 4015 Ibid.
309 3954 357 4017 15.
399 3950 454 4017 dcci
477 3952 535 4015 roe*
556 3949 746 4030 μοοοαάτοο]
767 3954 938 4016 chronicon
963 3952 1126 4015 Alexandr.
1150 3946 1205 4015 dui
1232 4022 1234 4027 ,

113 4033 171 4095 τοῦ
191 4031 398 4118 μονοπόρτοο.
446 4038 605 4121 Rigaltius.
634 4030 823 4115 μοοοαᾰτια,
852 4040 963 4099 itinera
991 4045 1129 4119 ungusta,
1148 4056 1208 4118 per

115 4138 197 4219 ptrue
221 4123 276 4180 uni
295 4128 418 4182 tanturn
439 4129 526 4203 patet
546 4121 686 4183 incessus.
728 4124 815 4185 dnon
841 4142 916 4182 mus.
937 4116 1101 4202 ὀφείλουσι
1121 4117 1157 4181 dl
1176 4111 1206 4180 οἱ

112 4200 204 4267 sudor
224 4203 282 4267 τοῦ
302 4200 456 4287 τάγματος
477 4200 593 4290 μικρᾶς
606 4196 700 4277 iducis
720 4144 895 4290 uipopulsrr,
910 4196 950 4267 soi
973 4196 1125 4283 λεγόμενα
1147 4220 1208 4283 μα·
