3050 4900
301 308 375 389 tta
671 324 711 384 m
739 319 1014 384 unsaramma

300 509 435 562 mortem
458 497 645 582 oppetiisset
668 520 703 562 er
719 519 784 584 quo
807 495 1006 559 additamenti
1027 492 1065 559 ad
1077 491 1289 556 Marcellinum
1302 491 1381 576 Epi..

299 583 405 666 phanii
427 583 581 644 decessum
603 585 634 644 in
657 603 772 647 annam
794 581 952 642 lastiniani
982 579 1004 642 8
1028 580 1201 647 revocantia
1223 595 1317 641 error
1337 577 1387 638 al.

302 677 351 728 ter
371 667 452 726 lnaanl
471 666 562 727 dubie
583 667 730 749 pinguior
749 665 954 727 convincitur.

382 772 455 846 337,
480 773 528 840 11.
568 769 700 834 σύνοδον
712 767 890 852 ἒκρότησεν]
912 770 1065 853 synodum
1083 769 1222 852 quintam
1234 769 1290 830 sub
1304 772 1385 852 Aga-

300 864 374 939 peto
395 867 533 918 coactam
566 856 658 938 ipsius
687 857 781 917 verba
814 864 985 916 testantur:
1014 865 1045 914 et
1076 854 1106 912 in
1130 853 1235 913 eadem
1255 861 1386 933 tempus,

301 939 431 999 indictio
452 941 598 1001 nimirum
622 936 671 1017 14,
695 962 775 1022 qnae
789 938 939 1000 Balissarii
962 936 1154 998 consulatum
1176 936 1304 1018 excepit,
1326 935 1385 995 ob-

300 1032 451 1082 servatur.
496 1024 645 1106 quocirca
666 1034 702 1086 ut
723 1045 789 1084 eam
815 1032 927 1083 auctor
947 1021 977 1080 in
1002 1020 1152 1082 decimam
1172 1021 1312 1106 quintam
1334 1039 1388 1082 re-

302 1103 396 1183 liciat,
418 1127 480 1165 non
503 1105 604 1167 viden.
647 1116 715 1167 acta
737 1105 847 1190 synodi
867 1107 887 1167 5
910 1105 1075 1170 lustranda.

384 1215 464 1275 Ibt'd.
488 1212 536 1277 18.
578 1208 774 1296 Σιὶβεστρος]
796 1214 851 1298 qui
873 1211 1039 1296 Sylrerius.

380 1311 452 1390 338,
473 1312 503 1374 3.
544 1309 621 1394 μηνὶ
639 1313 835 1396 Δεκεμβριζιι]
859 1314 888 1374 in
916 1335 1029 1372 annum
1047 1311 1203 1372 Iustiniani
1227 1309 1263 1372 10
1283 1319 1315 1371 et
1337 1311 1386 1369 in.

302 1395 469 1458 dictionem
486 1395 524 1457 15
546 1400 671 1476 reponit
694 1397 769 1456 hacc
791 1397 961 1457 Marcellini
981 1395 1240 1458 additamentum:
1262 1401 1295 1454 at
1316 1415 1388 1454 cum

297 1491 414 1541 auctor
435 1503 451 1540 a
470 1481 646 1560 Septembri
667 1482 853 1562 auspicetur,
875 1501 991 1540 annum
1014 1499 1109 1539 unum
1132 1489 1164 1540 et
1184 1477 1385 1538 indictionem

298 1563 428 1625 alteram
449 1562 571 1626 adiecit·

382 1664 464 1724 Ibid.
488 1662 537 1724 19.
578 1657 608 1724 oi
629 1654 825 1742 Βουλγᾶρεις
846 1659 907 1722 daia
929 1657 1034 1744 ῥῆγες]
1058 1659 1199 1723 miscella.
1224 1659 1343 1742 Vulger
1361 1673 1392 1721 et

299 1746 440 1827 Drongo.
462 1748 578 1828 inepte.
1391 1743 1393 1748 ’

380 1843 451 1917 339,
471 1843 502 1907 o.
544 1838 657 1919 amada]
688 1845 883 1926 interpretor
914 1857 1035 1922 restem,
1059 1850 1113 1904 aut
1133 1839 1299 1920 vinculum,
1322 1861 1386 1924 quo

298 1931 416 2012 fugiens
437 1929 532 1989 hostis
554 1928 812 2010 apprehenditur.
863 1929 971 1990 σωκέω
998 1939 1084 2004 vero,
1110 1927 1157 1988 vel
1178 1925 1313 2000 σωκίζω,
1335 1927 1387 1984 lao-

299 2025 372 2074 atem
396 2015 455 2072 reti
476 2013 636 2073 involvere.

381 2127 459 2192 Ibid.
484 2127 535 2188 11.
578 2127 755 2205 παρέλαβεν
785 2121 801 2188 ὅ
830 2120 980 2206 Χσσρόῃς
1011 2121 1172 2202 βασιλεύς]
1206 2119 1388 2183 Antiochiae

300 2219 333 2272 et
353 2213 505 2291 Apameae
526 2211 736 2294 direptionem
758 2233 776 2270 a
791 2207 951 2291 Procopio
973 2210 1023 2270 lib.
1048 2212 1066 2272 9
1089 2209 1128 2270 de
1161 2207 1241 2268 hello
1262 2204 1388 2284 copiose

300 2293 487 2376 descriptam
516 2296 622 2376 paucis
632 2293 835 2377 Theophanes
862 2295 1029 2358 contraxit.
1074 2291 1244 2354 Marcellini
1264 2290 1388 2350 addita-

299 2389 456 2455 mentum,
478 2389 510 2440 et
538 2378 690 2461 Euagrius
719 2387 790 2438 ante
810 2385 926 2460 pestem
957 2376 1079 2440 annis2
1111 2373 1256 2438 accidisse
1280 2379 1389 2434 narrat

299 2458 354 2525 lib.
369 2460 477 2543 4‚eap.
498 2459 558 2540 38,
580 2460 618 2523 de
640 2484 701 2545 qua
723 2463 859 2523 inferius.

381 2563 461 2624 Ida'ct.
487 2560 534 2625 14.
576 2557 760 2640 noooeppa'q
775 2557 942 2637 Ῥωμαίοις
964 2554 1127 2633 Μοῦνδος]
1150 2579 1212 2619 non
1232 2557 1292 2619 boc
1314 2556 1389 2637 pri-

298 2666 387 2707 mum
406 2668 489 2706 anno
509 2667 573 2708 sese
585 2645 730 2706 Romanis
752 2642 899 2721 adiunxit,
922 2665 1013 2727 quem
1026 2644 1205 2725 praeclarae
1226 2662 1273 2703 rea
1292 2661 1389 2721 prae-

300 2729 412 2789 teritae
436 2730 497 2789 iam
518 2737 590 2791 ante
612 2728 666 2789 diu
686 2729 743 2789 sub
767 2728 931 2789 Iustiniana
955 2727 1099 2788 meruisse
1121 2726 1296 2787 ostendunt.
1324 2724 1390 2785 sola

300 2810 399 2892 igitur
422 2812 461 2873 de
482 2810 644 2895 bulgaris,
681 2832 775 2894 quam
805 2810 837 2871 in
861 2810 1019 2893 Illyricum
1049 2812 1247 2893 profecturus
1269 2806 1390 2881 retulit,

300 2894 341 2955 ad
362 2916 478 2955 annum
499 2904 695 2977 praesentem
714 2904 835 2976 spectat
855 2894 996 2955 victoria.
1038 2895 1147 2975 priora
1160 2892 1328 2953 lornandes
1348 2890 1388 2951 de

301 2976 397 3039 rebus
416 2979 530 3039 Geticis
557 2979 600 3038 ita
623 2978 768 3059 exprimit
798 2979 837 3039 ad
860 2978 932 3039 libri
951 2979 1052 3042 finem.
1095 2978 1239 3039 “Petram
1262 2994 1390 3058 quoque

302 3082 392 3130 anum
413 3062 559 3125 comitem
594 3063 678 3123 inter
704 3063 824 3141 primos
844 3061 975 3121 electum
997 3058 1034 3121 ad
1058 3060 1256 3123 obtinendam
1279 3056 1389 3120 Sirmi·

303 3166 404 3207 ensem
426 3144 639 3207 Theodoricus
650 3144 757 3225 dirigit
772 3146 948 3205 civitatem=
970 3168 1063 3229 quam
1086 3144 1146 3221 ille,
1170 3143 1292 3227 expulso
1317 3160 1389 3238 rege

303 3227 369 3289 eius
390 3226 584 3306 Transarico,
606 3229 670 3289 lilio
701 3228 849 3303 Trastile,
871 3236 992 3289 retenta
1023 3228 1086 3289 cius
1108 3236 1219 3303 matre,
1242 3226 1390 3287 obtinuit.

302 3310 437 3395 indeque
461 3321 572 3375 contra
597 3310 797 3374 Sabinianum
821 3310 932 3395 lllyrici
965 3310 1144 3395 magistrum
1164 3310 1310 3387 militiae,
1335 3306 1388 3391 qui

300 3400 378 3455 tunc
400 3418 470 3456 cum
491 3391 650 3458 Mundone
678 3406 844 3477 paraverat
868 3394 1065 3473 conflictum,
1085 3394 1123 3455 ad
1153 3394 1310 3455 civitatem
1334 3411 1390 3451 co-

186 3520 190 3534 ,
302 3478 449 3559 gnomine
468 3482 628 3561 Margum,
652 3501 731 3561 quae
752 3481 834 3540 inter
854 3479 1031 3539 Danubium
1053 3478 1308 3559 Marcia'numque
1329 3474 1391 3534 llu-

301 3563 386 3623 miua
408 3561 586 3639 adiacebat,
619 3584 690 3623 cum
710 3562 832 3623 duobus
855 3562 987 3623 millibus
1010 3560 1158 3644 peditum,
1182 3572 1213 3623 et
1234 3559 1389 3643 equitibus

303 3646 490 3727 quingentis,
511 3647 542 3705 in
563 3646 729 3707 Mundonis
749 3646 856 3707 solatia
880 3646 1012 3718 veniens,
1040 3645 1247 3730 Illyricianam
1263 3640 1390 3704 ⁴exerci-

302 3737 370 3790 tum
392 3728 563 3790 demolivit.
606 3750 676 3789 nam
703 3728 756 3790 hie
777 3730 894 3791 Mando
926 3730 1067 3791 Attilanis
1090 3730 1247 3811 quondam
1269 3728 1390 3808 origine

301 3810 508 3889 descendens,
529 3812 721 3894 Gepidarnm
748 3824 872 3895 gentem
895 3812 1029 3895 lugiens,
1053 3813 1136 3875 ultra
1159 3811 1336 3873 Danubium
1358 3808 1390 3868 in

301 3896 431 3957 occultis
446 3898 531 3971 locis,
551 3897 618 3958 aius
629 3896 697 3957 ullis
707 3906 811 3957 terrae
832 3898 1005 3960 cultoribus
1020 3895 1249 3959 debacchatur:
1270 3904 1302 3955 et
1320 3892 1391 3975 pla-

303 3979 408 4061 rieqna
426 3980 644 4057 abactoribus,
665 3982 897 4063 Scamariaque,
920 3990 952 4043 et
980 3981 1151 4043 latronibus
1174 3978 1392 4059 undecumque

302 4062 447 4139 collectis,
472 4064 598 4138 turrim,
617 4084 709 4147 »quae
736 4064 834 4125 Hertn
853 4063 986 4143 dicitur,
1014 4084 1110 4145 snpra
1128 4062 1264 4124 Danubii
1290 4061 1392 4142 ripam

301 4166 468 4234 occupem
491 4146 603 4234 mique
619 4144 732 4232 agresti
754 4148 817 4210 ritu
831 4149 992 4232 praedone
1004 4146 1130 4227 ricinos,
1152 4166 1256 4230 regem
1277 4164 1309 4207 ee
1328 4143 1391 4205 sais
