3050 4900
773 127 785 166 k

621 383 770 450 nosse.
1054 422 1061 476 ·.
1168 387 1240 458 309

156 573 226 615 mae
242 549 433 637 praetoriani
455 551 652 614 Maxentium
673 555 814 618 Herculii
830 555 956 639 filium,
981 557 1143 640 Arignotum
1165 581 1242 622 nun-

154 649 358 720 carpeserunt:
380 657 441 718 quo
459 638 567 696 nuntio
589 638 808 700 Memmiana
827 639 991 702 Heraclius
1011 643 1056 700 ad
1076 663 1156 725 spem
1177 665 1240 704 ere.

151 733 217 780 ctas
237 717 410 780 manendi
420 720 561 800 fastigii,
581 721 707 782 Romam
734 723 915 784 advolavit:
939 739 967 784 et
975 724 1082 806 filiam
1106 727 1242 788 Marm-

152 804 226 864 tium
247 801 405 862 denudate
425 815 567 862 conatus:
588 803 661 865 inde
679 805 726 866 ad
736 805 864 866 Gallias
880 810 1042 886 profectus,
1067 809 1138 870 dolo
1160 829 1241 870 com-

148 887 261 969 posito,
283 885 411 944 moliens
430 898 535 946 tamen
556 881 759 948 Uomtasstium
791 903 906 970 reperta
926 892 1076 952 occasione
1094 889 1244 976 interfice·

154 989 200 1046 ne,
224 969 279 1052 qai
299 969 333 1028 ia
357 967 472 1028 Galliis
492 981 521 1028 et
538 970 668 1029 resilitum
688 984 717 1032 et
735 971 969 1052 prouincialium
986 976 1177 1051 iamsccvore
1195 997 1245 1035 re·

151 1053 275 1133 gnabat.
296 1050 423 1111 detectis
440 1052 534 1130 igitw·
542 1053 659 1114 insidiis
676 1074 736 1135 per·
751 1056 900 1116 Faustam
913 1055 1032 1136 filiam,
1049 1078 1167 1140 poesim
1186 1059 1246 1119 de-

152 1135 200 1196 dit
223 1135 384 1278 ipsstissimo
406 1136 492 1194 exitu
519 1137 570 1195 vir
593 1136 638 1197 ad
662 1157 778 1199 omnem
810 1139 1005 1224 asperitatem
1031 1144 1247 1226 saevitiamque

155 1239 233 1300 proc
246 1238 323 1278 sous.

242 1325 291 1400 15,
312 1322 343 1385 8.
389 1319 545 1403 Εὐσέβιος
566 1323 601 1386 tt
626 1317 643 1386 ι1
664 1321 867 1414 Katenneis]
897 1327 943 1390 bis
965 1329 1039 1392 eccl.
1060 1329 1114 1392 lib.
1137 1328 1158 1392 8
1178 1352 1246 1414 cap.

155 1407 215 1468 ult.
237 1429 332 1489 penes
353 1407 478 1470 exitam.

238 1515 322 1580 Ibid.
350 1515 400 1576 19.
442 1515 473 1577 Γ
472 1510 598 1587 strictos
618 1513 654 1578 δὲ
675 1507 909 1598 ὃΚαισαρειάς
929 1517 986 1599 τῆς
1006 1516 1119 1602 aisis]
1139 1519 1248 1582 Pelso·

155 1598 254 1660 stione
288 1599 436 1659 nimirum
458 1598 497 1660 de
528 1601 612 1660 cuius
643 1600 765 1684 scriptis
787 1601 917 1664 Photius
942 1601 1066 1665 conte&
1090 1613 1121 1664 et
1139 1603 1248 1666 Posse-

157 1685 245 1743 vinus
271 1680 302 1742 in
326 1692 489 1766 apparatu.
510 1705 538 1743 v.
560 1681 705 1744 Gelasius.

241 1785 292 1866 16,
316 1790 344 1851 1.
393 1784 716 1873 Χριστιαιιιιώτατος]
749 1811 813 1852 non
844 1791 914 1854 solis
945 1791 1121 1854 Christiano
1151 1792 1249 1878 dignis
1317 1780 1323 1790 ¹

156 1873 307 1950 moribus,
328 1873 382 1956 qui
401 1872 433 1933 in
448 1872 585 1935 Etbnico
608 1873 718 1956 quovis
734 1874 833 1936 altero
849 1886 979 1956 possunt
999 1876 1174 1938 observari:
1196 1876 1249 1940 sed

157 1977 215 2017 uec
234 1956 425 2038 baptismatis
446 1957 544 2038 signo,
567 1977 630 2042 quo
654 1958 793 2019 nondum
815 1970 883 2036 erut
904 1959 1034 2020 tinctus:
1055 1959 1122 2021 solo
1143 1959 1249 2044 itaque

157 2037 283 2101 interno
304 2038 378 2100 fidei
409 2039 569 2123 symbolo,
590 2051 772 2124 secretaque
798 2041 835 2100 ad
858 2043 948 2104 {idern
974 2041 1074 2124 palam
1097 2044 1251 2124 profiten-

161 2123 234 2184 dum
254 2122 467 2207 propensione
481 2118 641 2195 θειότατος
660 2120 715 2184 nai
737 2121 1047 2204 Χρισιιαιικαὶτιιτος
1069 2127 1249 2190 Constanti.

156 2227 226 2267 nus
266 2229 338 2269 sane
359 2214 482 2289 patrem
501 2206 566 2268 eius
588 2207 802 2268 Constantium
825 2203 1104 2289 Χριστιανόφρονα
1127 2209 1165 2272 ab
1188 2232 1246 2270 uu.

159 2299 250 2351 etore
269 2301 341 2352 ante
360 2291 435 2352 duas
456 2288 550 2352 lineas
570 2312 632 2350 non
655 2291 811 2352 immerito
834 2301 976 2352 vocatum
999 2291 1164 2353 confirmat
1183 2293 1246 2354 Eu·

158 2372 259 2434 sebius
284 2375 321 2436 de
344 2375 537 2436 Constantini
557 2373 621 2434 vita
642 2372 695 2434 lib.
723 2374 737 2433 1
762 2395 829 2457 cap.
853 2375 901 2449 11,
930 2397 1023 2457 quem
1041 2369 1079 2434 16
1099 2375 1245 2459 θεοφιλῆ,

154 2457 398 2539 τρισμακάριον,
420 2457 536 2535 εὐσεβῆ
545 2502 555 2534 ,
574 2458 630 2517 καὶ
649 2452 800 2540 φιλόθεον
821 2458 970 2519 celebrat.
1014 2481 1032 2519 a
1053 2456 1135 2519 fideti
1157 2467 1247 2540 petre

156 2541 374 2601 Constantinus
397 2538 436 2601 ad
468 2540 629 2601 idolorum
663 2542 783 2600 'cultum
807 2540 956 2601 divertit?
998 2540 1091 2601 matri
1112 2541 1247 2603 Helenae

157 2644 221 2683 nou
244 2625 323 2685 adeo
344 2622 454 2699 fidem,
476 2645 569 2707 quum
589 2623 738 2705 pietatem
759 2624 918 2705 antiquam
940 2622 1029 2685 fuisse
1052 2625 1156 2683 asserit
1178 2624 1245 2685 Eu.

153 2707 254 2769 sebius
278 2708 317 2769 de
337 2709 401 2768 vita
425 2708 529 2771 eonst
552 2706 605 2767 lib.
626 2704 646 2767 3
665 2726 732 2787 cap.
744 2702 794 2767 46.
821 2716 852 2767 nt
872 2702 992 2769 sanctus
1011 2706 1169 2784 Pontinus,
1191 2708 1246 2791 qui

154 2789 265 2852 eodem
285 2794 408 2853 saeculo
440 2790 569 2851 celebris
599 2791 630 2849 in
659 2799 767 2851 senatu
799 2792 878 2851 famu
906 2790 1055 2863 clarebat,
1080 2801 1146 2851 turn
1165 2809 1244 2870 ρω-Ι

153 2875 239 2954 priis‚
262 2883 334 2936 tum
353 2884 511 2936 maternae
526 2873 598 2935 fidei
613 2873 731 2935 meritis
746 2896 817 2935 eum
833 2874 1057 2954 imperatorem
1077 2875 1244 2935 salutatum

153 2966 343 3019 auctorest.
373 2958 465 3040 epist.
487 2956 704 3018 ud‘Severum
739 2957 774 3017 11
798 2956 844 3017 bis
864 2958 976 3019 verbis.
1020 2959 1163 3041 princeps
1183 2978 1246 3019 esse

147 3042 342 3124 principibus
363 3042 542 3103 Christianis
570 3060 631 3101 non
663 3042 757 3122 magr's
785 3063 839 3101 sua
860 3059 951 3135 qrcam
973 3044 1081 3101 neutris
1105 3040 1244 3101 Helenae

143 3126 212 3209 fide
230 3126 345 3185 meruit.
387 3122 483 3185 fidelis
503 3123 600 3207 igitur
621 3133 723 3185 muter
751 3120 844 3183 fidem
864 3123 987 3205 imperii
1009 3120 1157 3201 πρόξενοι
1178 3120 1243 3185 filio

152 3209 260 3289 coepit
280 3206 440 3284 iustilisre,
458 3207 521 3269 imo
546 3230 563 3267 a
584 3228 686 3289 puero
708 3204 748 3267 nd
766 3206 914 3288 pietatem
929 3206 1093 3267 instituisse
1112 3212 1245 3265 testatur

151 3291 304 3353 Bnronius
327 3290 367 3353 ad
397 3312 511 3351 annum
531 3287 592 3351 315
616 3312 701 3351 num.
729 3290 778 3366 19,
805 3290 942 3373 quamvis
964 3288 1073 3349 necin
1095 3287 1243 3369 eapiene

153 3376 333 3452 instructus,
352 3396 409 3435 nec
431 3375 462 3434 in
492 3396 528 3435 en
550 3375 663 3434 tuenda
692 3374 798 3433 firmus
821 3373 967 3447 extiterit,
990 3382 1061 3433 ante
1081 3370 1244 3431 consilium

153 3457 193 3519 de
215 3456 324 3520 eadem
350 3458 455 3519 verbis
488 3467 519 3517 et
540 3459 626 3517 finctis
655 3455 877 3517 manifestanda
904 3451 1047 3537 deinceps
1070 3464 1243 3536 acceptum,

152 3542 240 3625 quod
260 3540 406 3603 Eusebius
420 3552 529 3600 narrat
547 3538 631 3600 111).1
656 3538 784 3622 capii,
807 3559 887 3623 quae
908 3560 999 3601 cuusn
1021 3538 1082 3598 fuit
1103 3546 1138 3597 ut
1159 3558 1242 3620 pon.

151 3625 243 3685 tificis
266 3624 388 3685 Maximi
410 3624 534 3683 titulum
557 3623 731 3704 imperator
752 3622 952 3683 renunciatus
969 3620 1139 3697 admiserit,
1163 3618 1246 3705 quod

149 3730 171 3768 a
190 3722 273 3769 secto
293 3710 388 3771 saccis
408 3710 440 3767 ia
460 3707 544 3766 mbses
562 3707 620 3767 via
638 3704 822 3790 deflexisset,
844 3718 873 3767 et
878 3704 983 3789 fidem
1005 3704 1242 3773 Christimsonms

149 3792 308 3875 sosptem
329 3803 418 3852 esset.-
439 3789 562 3873 scripsit
583 3789 677 3871 impie
698 3788 839 3849 Zosimus
863 3788 916 3849 111).
936 3788 967 3849 4.

233 3898 315 3958 Ibid.
338 3898 385 3963 19.
428 3894 487 3959 ‹in'o
510 3895 614 3955 κακῶν
634 3889 959 3973 μεγώτωνᾰνιιτολὴν
979 3889 1034 3955 καί
1054 3888 1146 3954 cision
1166 3892 1243 3973 κλη.

148 3978 353 4061 conannas]
376 3980 553 4061 exprimunt
564 3979 619 4039 istu
633 3978 801 4041 Eusebium
817 3978 900 4041 lib.8
922 3977 989 4037 hist.
1012 3976 1086 4040 eccl.
1110 3997 1176 4057 cop.
1192 3974 1241 4037 97.

147 4058 289 4144 τοσαύτη
310 4063 391 4143 δῆτα
411 4059 522 4134 κακίας
536 4057 621 4145 φορὰ
645 4057 702 4141 ὑφ’
722 4056 778 4123 ἕνα
800 4056 921 4122 καὶτὸν
943 4054 1040 4119 av’siv
1062 4060 1242 4139 συιηιὲχθι]

147 4141 269 4226 καιρόν,
290 4144 368 4227 πρὸς
392 4147 456 4207 τῶν
478 4144 537 4206 δύο
565 4142 727 4222 cepissem
753 4138 910 4221 αἰιατολὴν
932 4142 986 4203 ιιιιιΙ
1009 4135 1100 4201 tino
1123 4140 1242 4221 ‹issetq-

148 4224 259 4312 φότων
282 4231 553 4310 κατεργασθεῑσα·
604 4224 650 4298 τίς
671 4226 702 4287 δ’
721 4217 763 4289 ts
781 4222 837 4307 τήν
858 4226 921 4287 esis
942 4220 1097 4288 τοσούτων
1118 4222 1241 4303 sisenes.
