3050 4900
455 385 458 393 '
496 388 499 395 '
573 380 626 444 EX
652 378 912 447 THEOPHANE.
1210 370 1284 445 253

185 547 505 632 stantinopolltauuss
528 548 583 633 qul
604 550 709 612 miuus
728 550 862 632 Romam
875 546 1029 635 synodicis
1049 548 1157 611 suiset
1177 544 1283 609 libello

188 636 261 697 lidei
280 654 355 697 suae
387 642 533 715 receptus
564 640 610 695 cst
634 634 673 696 ab
693 634 854 696 Hadriano
885 655 980 718 papa.
1029 634 1154 695 mittens
1174 640 1283 694 autem

186 730 223 783 et
243 718 426 799 imperatrix
447 716 539 813 petiit
560 724 597 778 nt
613 719 755 781 mitteret
769 719 888 781 litteras
907 738 976 780 suas
995 728 1027 780 et
1047 716 1198 791 homines,
1216 733 1284 801 quo

189 801 411 865 invenirentur
445 820 477 860 ru
521 800 659 883 syuod03
692 802 747 885 qui
792 802 905 864 direxit
942 802 1072 863 Petrum
1111 798 1284 860 vicedomi-

187 908 263 949 num
284 888 310 963 *l
333 882 480 947 ecclesiae
501 902 584 960 suae,
606 895 639 946 et
658 884 790 947 Petrum
811 884 1024 967 Hegameuum
1049 883 1083 944 S.
1102 882 1212 958 Sabae,
1232 882 1379 955 vt-puts

188 988 244 1032 ros
266 965 466 1029 honorabiles
489 966 633 1029 ac'omni
652 968 773 1030 virtute
799 968 978 1030 adornatos.
1021 968 1105 1029 misit
1126 974 1230 1029 autem
1250 974 1285 1026 et

186 1050 387 1115 Antiochiam
419 1061 451 1113 et
474 1051 688 1113 Alexandriam
717 1060 782 1113 tam
815 1051 995 1135 imperatrix
1030 1072 1123 1135 quam
1144 1048 1283 1129 patriam

187 1135 273 1199 cha:
310 1132 414 1197 adhuc
435 1156 569 1217 namque
590 1156 660 1217 pax,
685 1156 766 1217 quae
787 1135 880 1208 ,usu
902 1135 1008 1197 luerat
1026 1155 1097 1195 cum
1122 1132 1283 1207 trabibus,

188 1238 252 1280 nou
273 1228 343 1281 erat
366 1219 478 1280 soluta.
505 1224 539 1279 et
559 1216 716 1281 duxerunt
736 1216 777 1279 ab
800 1217 965 1279 Antiochia
988 1217 1115 1302 quidem
1136 1219 1283 1278 loannem

186 1322 335 1385 maguum
359 1310 454 1385 atque
474 1301 634 1377 famosam,
658 1301 757 1364 verbo
778 1310 811 1363 et
841 1322 939 1384 opere
959 1302 1129 1363 sanctitutis
1150 1300 1285 1382 partici-

187 1407 272 1470 pem,
295 1385 350 1469 qui
370 1392 402 1447 et
419 1382 571 1468 syncellus
607 1384 793 1447 Antiocbcui
827 1386 1028 1469 patriarchae
1051 1386 1122 1460 suit,
1145 1394 1177 1446 ct
1194 1382 1284 1444 Tho·

186 1492 273 1531 mam
293 1467 548 1547 Alexandrinum,
568 1468 670 1529 virum
693 1468 863 1531 relatorem
882 1480 914 1531 et
936 1469 1206 1551 religiosissimum,
1229 1466 1287 1549 qui

188 1562 221 1615 et
240 1551 476 1614 Thessalonicae
491 1572 620 1635 maguae
637 1552 785 1631 civitatis,
806 1561 951 1636 quaeest
974 1553 1006 1613 in
1026 1552 1163 1636 illyrico,
1185 1552 1285 1611 iactus
1305 1626 1310 1632 ἢ

188 1635 442 1718 archiepiscopus
474 1636 620 1699 effloruit.
672 1636 792 1697 interea
818 1646 946 1698 mortuo
969 1638 1056 1698 Mose
1087 1634 1124 1697 fit
1147 1633 1285 1696 Arabum

187 1719 249 1782 dux
271 1720 372 1781 frater
389 1720 453 1782 eius
472 1722 588 1797 Aaron,
615 1721 669 1803 qui
694 1719 795 1783 tribus
817 1728 851 1782 et
864 1720 979 1783 siceuis
1001 1719 1044 1783 eis
1065 1718 1203 1803 praefuit
1225 1738 1285 1778 au·

189 1804 236 1866 uis
257 1813 291 1866 et
310 1802 410 1863 multa
422 1802 502 1865 mala
513 1802 694 1867 Christianis
715 1802 861 1866 ostendit.

268 1920 362 1982 Anno
385 1918 510 2003 imperii
541 1920 695 1983 miserto
717 1920 875 1982 mittentes
898 1920 1285 2002 impemtcres'ccuvocm

186 2010 303 2065 vernat
325 2022 442 2079 omnes,
458 2004 513 2087 qui
532 2004 589 2065 sub
609 2026 719 2066 eorum
733 2011 825 2066 erant
838 2010 1003 2087 potestate,
1024 2004 1185 2083 antistites,
1206 2026 1284 2087 per-

186 2084 381 2149 venientibus
412 2106 475 2169 quo
501 2108 539 2149 ue
570 2088 705 2149 aRoma
732 2087 915 2149 transmissis
947 2086 986 2148 ab
1019 2086 1178 2150 Hadriano
1201 2109 1284 2170 papa

186 2168 298 2233 litteris
317 2179 351 2233 ct
371 2168 489 2231 bomini
514 2192 557 2247 us,
581 2180 618 2231 ut
639 2168 855 2253 praediximus,
878 2177 911 2232 et
930 2170 969 2231 ab
990 2170 1157 2232 Antiochia
1171 2174 1284 2234 etAle·

187 2250 326 2315 xandria.
368 2263 400 2315 et
423 2254 556 2335 septimo
581 2254 648 2315 idus
669 2260 820 2338 Augustus
843 2274 946 2317 nouae
965 2252 1142 2316 indictionis
1163 2256 1285 2337 praesi.

191 2336 296 2399 dentes
316 2336 346 2399 iu
375 2338 493 2419 templo
523 2344 705 2399 suncmrum
734 2338 953 2421 apostolorum
974 2338 1058 2420 apud
1081 2338 1199 2422 regiam
1225 2362 1281 2400 ur-

113 2448 118 2456 ·
188 2418 263 2483 bem
281 2440 412 2504 coepere
428 2428 547 2484 sanctas
569 2422 738 2506 scripturas
761 2422 908 2504 relegere,
932 2419 1120 2483 et'obiicere
1139 2421 1377 2500 invicem,p.tt.'s

187 2503 432 2586 imperatoribus
463 2525 500 2565 ac
537 2503 765 2566 catechumenis
795 2503 1036 2588 inspicientibus.
1079 2513 1126 2565 ast
1145 2506 1280 2588 populus

184 2586 418 2650 scholariorum
439 2596 471 2651 et
493 2587 691 2650 excubituum
725 2597 819 2672 atquc
853 2587 1002 2649 ordinum
1024 2595 1205 2649 ceterorum
1226 2610 1282 2649 uc-

184 2671 284 2733 cusati
313 2693 331 2731 a
351 2670 547 2754 principibus
574 2672 652 2746 suis,
686 2692 757 2732 cum
781 2669 931 2732 baberent
959 2669 1062 2732 adhuc
1083 2679 1115 2733 et
1135 2673 1283 2756 magiste-

184 2753 270 2817 rium
292 2773 421 2840 quoque
449 2775 582 2838 nequam
610 2755 750 2816 doctoris
771 2754 837 2831 sui,
860 2752 1023 2816 denudatis
1042 2753 1150 2836 gladiis
1173 2756 1282 2818 irrue·

182 2845 263 2900 runt
282 2837 314 2898 iu
337 2857 401 2914 eos,
421 2837 596 2900 minitantes
612 2837 804 2900 mortificare
825 2847 887 2899 tam
909 2859 1063 2900 summum
1084 2839 1280 2902 sacerdotem

185 2941 281 3006 qnam
303 2919 497 2984 orthodoxos
527 2921 688 3065 episcopos
715 2931 747 2983 et
774 2921 912 2984 abbates.
966 2923 1100 3004 imperio
1122 2944 1281 3006 veropcr

184 3004 357 3066 assistentes
375 3004 435 3066 sibi
446 3005 609 3068 familiares
656 3005 773 3066 omines
794 3005 851 3066 hos
871 3006 980 3069 sedare
1000 3006 1119 3067 nitente
1140 3029 1204 3068 non
1226 3029 1281 3068 ac·

185 3087 393 3170 quieverunt,
422 3087 497 3172 quia
526 3089 632 3172 potius
651 3089 938 3169 ‘exprobraverunt
990 3109 1062 3149 cum
1094 3099 1198 3152 autem
1222 3113 1282 3171 pn.

187 3169 328 3232 triurcba
348 3171 528 3233 surrexisset
559 3181 591 3234 et
622 3171 761 3234 tribunal
795 3193 867 3233 cum
889 3173 1041 3254 episcopis
1071 3180 1103 3232 et
1123 3173 1282 3233 monachis

185 3253 292 3316 fuisset
312 3255 473 3337 ingressus,
496 3253 529 3316 hi
552 3255 606 3340 qui
629 3254 755 3338 maligni
776 3275 878 3317 sensus
899 3276 1011 3318 eorum
1031 3263 1122 3318 erant
1142 3255 1283 3339 episcopi

186 3337 330 3400 exierunt
352 3338 392 3400 ad
412 3359 476 3417 eos,
495 3337 661 3401 clamantes
685 3348 780 3422 utque
794 3337 928 3402 diceutes
950 3337 1133 3398 “uicimus’'
1154 3349 1188 3404 et
1206 3361 1283 3421 gra.

185 3421 232 3482 tis
256 3420 308 3484 dei
330 3422 445 3483 nemini
466 3429 644 3486 nocuerunt
664 3421 778 3484 furiosi
798 3422 842 3483 illi
860 3428 892 3484 et
913 3419 1083 3493 inhumani.
1126 3431 1158 3487 et
1177 3425 1283 3487 taliter

186 3502 335 3567 dissoluta
354 3504 473 3590 syuodo
495 3507 572 3568 abiit
591 3506 806 3589 uuusquisque
829 3503 870 3566 sd
890 3504 1033 3588 propria.

272 3613 361 3674 Anno
381 3612 503 3696 imperii
532 3612 587 3675 sui'
605 3611 737 3696 septimo
766 3613 858 3674 misso
883 3613 1018 3678 Heircne
1036 3612 1199 3678 Stauracio
1222 3635 1283 3712 pa-

186 3693 285 3758 tricio
308 3704 340 3757 et
360 3696 521 3780 logotheta
556 3699 588 3758 in
609 3697 785 3776 Thracem,
813 3719 917 3762 meuse
945 3697 1160 3781 septembrio,
1190 3697 1282 3760 initio

188 3779 328 3842 decimae
348 3779 544 3854 indictionis,
579 3780 617 3842 ad
647 3780 800 3843 ulteriora
821 3780 967 3860 themata,
986 3784 1139 3864 persuasit
1158 3781 1201 3844 eis
1221 3781 1281 3844 sibi

188 3863 358 3946 cooperari
380 3875 412 3927 et
434 3862 589 3947 depellere
611 3865 649 3926 ab
665 3865 745 3927 urbe
768 3863 898 3948 impium
918 3864 1082 3948 populum,
1106 3887 1201 3950 quem
1221 3886 1280 3928 ne·

188 3947 351 4032 quissimus
374 3947 594 4012 Constantinus
625 3949 814 4011 instruxerat
840 3959 873 4011 et
893 3947 1064 4012 erudierat.
1107 3958 1140 4013 ct
1157 3969 1229 4042 cum
1245 3969 1278 4014 se
1287 3971 1315 4026 p·
1325 3951 1379 4009 716

224 4179 250 4249 ')
266 4177 452 4236 vicedominus
471 4188 513 4234 est
531 4195 703 4232 oeconomus.
720 4195 745 4230 r.
767 4180 908 4248 ttugcuem
928 4175 1088 4232 tdcuardom
1107 4179 1143 4230 ud
1157 4157 1288 4244 Concor--

260 4247 332 4304 diam
349 4253 501 4323 regularum
516 4269 538 4306 c.
556 4251 601 4306 28.
617 4251 663 4304 cui
682 4249 754 4304 adds
770 4248 951 4306 mmmmm
969 4251 985 4304 1
1007 4250 1061 4304 tt.¹
1086 4249 1165 4304 Fara.
