3050 4900
252 254 327 333 ttta
624 269 666 331 tn
694 265 978 335 rneoarsansn

252 439 335 501 enhu
355 436 513 521 quondam
543 440 722 501 monasterii
748 438 943 521 praefectus,
961 446 1028 499 tum
1050 457 1126 500 vero
1146 436 1342 521 episcopatus

250 523 484 583 administrator
517 523 548 581 S.
572 522 811 584 resurrectionis
832 522 958 603 tempii,
987 532 1019 583 et
1047 521 1202 583 Bethleem
1234 523 1341 583 ruinas

252 613 467 752 {pparaverats'
485 603 633 703 Modesto·
647 605 772 667 demum
793 606 869 704 vivis
892 614 1003 687 erepto
1024 604 1064 750 pb
1088 606 1281 705 imperatore
1300 608 1341 668 ad

252 710 418 857 piffidid.
426 710 500 833 eoppa
522 709 726 771 commissum,
745 709 904 773 proprius,
918 708 983 751 nou
1004 708 1117 751 arenas
1139 710 1230 772 agens
1252 710 1342 771 arces,

335 869 409 950 505,
433 870 480 935 13.
520 866 652 950 hidacio
672 862 688 930 ὃ
708 864 822 933 radron
843 863 926 953 uidi]
949 890 1069 953 regum,
1114 871 1145 931 ui
1165 871 1265 933 Persis
1285 870 1347 933 do.

251 954 360 1017 minuti
382 962 463 1031 sunt,
485 954 544 1015 alia
567 952 650 1035 apud
675 953 887 1038 Nicephorum
907 961 940 1016 et
959 892 1167 1017 Schikardum
1188 954 1228 1017 de
1252 954 1344 1017 rebus

231 1041 237 1052 “
253 1038 383 1101 Persicis
404 1038 541 1100 offerunt
561 1059 593 1099 se
611 1036 747 1099 nomina.

334 1151 406 1231 506,
429 1148 462 1221 A.
502 1144 519 1215 ὃ
540 1149 741 1236 πατριάρχης
760 1153 824 1216 stis
843 1152 1037 1238 inundantia]
1059 1153 1348 1217 auctorMooothe-

252 1236 380 1301 litorum
401 1236 550 1299 historiae
569 1238 722 1299 Combefis
745 1238 786 1301 de
805 1238 1016 1301 Iacobitarum
1039 1236 1157 1300 haeresi
1177 1246 1349 1300 tractatum

253 1320 369 1398 edidit,
392 1342 427 1383 ex
450 1342 513 1403 quo
535 1340 635 1403 pauca
657 1322 829 1403 proferam.
879 1312 1058 1397 ὃἸάκωβος
1080 1319 1139 1402 ἀφ’
1161 1308 1201 1381 od
1217 1318 1271 1381 xci
1290 1310 1349 1381 od-

252 1424 302 1467 τοι
321 1402 493 1465 καλοῦνται
511 1398 650 1481 μοναχός
670 1424 718 1475 τις
737 1400 843 1485 γέγονε
854 1397 967 1483 Σύρος,
994 1401 1172 1480 Τςᾰγζαλος
1190 1401 1347 1475 inmune.

255 1484 402 1631 (paroc,
430 1480 483 1548 aad
505 1480 560 1566 τήν
580 1478 662 1567 dyas
683 1484 804 1567 αὐτοῦ,
836 1482 880 1559 ὥς
908 1478 1012 1563 οἶμαι,
1044 1478 1214 1548 εὐτέλειαν.
1255 1478 1351 1559 οὗτος

254 1590 271 1631 o
295 1592 312 1630 ν
333 1562 560 1647 ἀναδεξάμενος
580 1565 665 1649 nupsi
689 1575 756 1641 τοῖς
769 1567 884 1649 Σύροις
905 1568 999 1632 τοῦτο
1020 1562 1201 1649 ἐκήρυττεν.
1245 1580 1277 1631 et
1298 1570 1349 1632 in·

255 1653 327 1715 fras
361 1648 392 1713 ot
418 1650 462 1735 τῷ
489 1651 626 1737 Ἰακώβῳ
645 1651 775 1737 prorupti
793 1646 888 1737 Σύρῳ
914 1652 1095 1723 πεισθέντες
1116 1647 1349 1733 ὠνομάσθησαν

253 1733 439 1814 inradians.
487 1734 636 1811 Iacobus,
656 1756 680 1799 a
707 1757 767 1820 qno
795 1738 846 1797 nrt
869 1736 1104 1819 appellationem
1139 1738 1238 1798 sortiti
1265 1749 1349 1813 snut,

254 1816 351 1897 Syrus
366 1818 491 1902 qrsidam
518 1820 692 1895 monachare,
726 1818 869 1901 ignobilis
887 1818 983 1880 valde
1002 1830 1094 1903 utqroe
1114 1818 1254 1881 obsum
1268 1819 1347 1899 suit,

254 1903 430 1981 cognomine
453 1900 588 1963 Tamna!
608 1902 735 1982 (Culex)
756 1901 796 1963 oh
817 1922 981 1973 mam,
1001 1916 1083 1985 puto,
1102 1904 1165 1961 eiras
1182 1904 1345 1964 vilitatem.

255 1986 307 2131 did
325 2004 394 2082 ergo
401 1982 573 2064 Eutyches
585 1985 747 2070 nrnpleoens
759 1984 942 2063 doctrinan,
960 1986 1044 2071 apud
1050 1984 1147 2065 Syros
1160 2008 1228 2047 eum
1246 2004 1348 2070 prae·

306 2080 380 2131 nvtt.
1058 2076 1061 2085 '

342 2182 423 2245 tbrtt.
447 2181 497 2247 10.
537 2180 697 2267 η’ρῶτησέν
724 2204 758 2247 rs
780 2178 835 2247 rtis
854 2182 1002 2267 βασιλέα]
1030 2189 1220 2245 memoratus
1241 2192 1351 2245 unctor

262 2263 418 2329 Athanasii
433 2290 503 2330 cum
524 2268 669 2331 Heraclio
684 2268 908 2353 congressionis
930 2268 1156 2349 aTheophane
1177 2266 1267 2328 iidem
1289 2268 1352 2327 eie-

261 2358 400 2427 vaturus,
415 2350 463 2413 his
484 2374 552 2413 cam
571 2363 733 2435 oppugnat
756 2351 958 2435 argumentis.
1003 2352 1031 2417 l,
1054 2350 1146 2411 atteri
1168 2372 1238 2412 cum
1251 2350 1350 2411 Paulo

260 2432 430 2497 Severiano
452 2435 615 2500 abeodem
632 2434 776 2498 Heraclio
805 2436 929 2497 habitae
942 2435 1146 2517 persimilem:
1168 2457 1260 2520 qnam
1273 2456 1353 2517 per-

260 2517 335 2580 inde
356 2519 429 2581 iicet
467 2519 607 2582 locorum
639 2531 672 2582 et
702 2528 881 2600 temporum
912 2521 1163 2580 circumstantiae
1189 2519 1353 2593 diversam,

261 2601 412 2700 pleraque
443 2611 544 2664 tamen
562 2601 704 2666 eandem
737 2601 910 2664 ostendant.
959 2603 988 2664 2.
1017 2603 1054 2664 iis
1087 2602 1270 2663 auctoribus
1298 2611 1353 2662 ant

262 2683 386 2766 scriptis
411 2705 479 2746 eam
506 2707 568 2747 non
601 2685 784 2761 memorari,
819 2687 932 2770 quibus
961 2685 1025 2748 eius
1053 2684 1172 2748 mentio
1200 2685 1354 2748 debueret

263 2787 325 2828 esse
346 2769 568 2830 commendata.
610 2769 641 2830 3.
656 2790 823 2850 perperam
845 2767 1022 2830 Heraclium
1042 2770 1146 2830 animo
1169 2777 1354 2831 consterna-

262 2857 330 2910 tum
352 2851 535 2930 (attonitum
556 2851 695 2936 argutius
718 2853 900 2934 scripsisset)
924 2853 1031 2914 audita
1052 2851 1208 2914 Athanasii
1228 2863 1353 2914 senten-

262 2932 307 2995 tia
337 2935 509 3010 recenseri,
541 2937 591 2997 cui
620 2936 681 2996 iam
707 2935 795 2998 Pauti
818 2937 981 3018 Sergiique
1009 2956 1093 2998 mens
1120 2936 1224 2996 similis
1246 2937 1351 2996 fuisset

264 3025 382 3098 aperta.
431 3017 461 3078 4.
489 3018 619 3080 Paulum
642 3019 846 3082 Severianum
871 3019 1052 3100 episcopatu
1084 3019 1280 3080 Antiocheno
1311 3017 1354 3078 ob

264 3099 415 3164 haeresim
440 3101 585 3164 simulate
613 3103 810 3185 repudiatam
839 3102 879 3162 ab
898 3103 1042 3164 Heraciio
1075 3102 1243 3177 donatum,
1265 3100 1355 3163 Penii

265 3185 369 3245 forsan
393 3185 537 3249 abiecisse
556 3205 680 3264 nomen,
702 3191 734 3248 et
744 3183 901 3248 Athanasii
921 3207 1018 3247 assum
1042 3185 1126 3246 sisse.
1169 3185 1287 3247 leviora
1305 3195 1355 3246 ta.

264 3288 336 3328 men
357 3277 428 3330 sunt
449 3269 526 3332 hoec
548 3269 627 3347 tela,
657 3289 752 3354 quam
774 3269 886 3350 quibus
917 3207 1120 3331 confodiatur
1138 3267 1356 3350 Theophanes,

265 3361 297 3413 et
311 3349 460 3414 historiae
488 3353 528 3415 ah
555 3374 593 3415 eo
628 3351 823 3434 conscriptae
851 3352 965 3414 veritas
995 3351 1148 3415 laedatur.
1205 3372 1242 3412 ac
1262 3352 1357 3434 primi

266 3434 394 3518 quidem
413 3437 547 3518 impetus
567 3437 599 3496 in
628 3457 697 3499 eam
717 3435 819 3496 nulius
846 3444 905 3512 est,
939 3445 994 3497 aut
1026 3446 1113 3498 certe
1145 3435 1272 3513 debitis,
1305 3433 1359 3517 qui

265 3518 420 3600 geminum
444 3519 598 3598 Heraclii,
622 3541 684 3602 qua
705 3539 776 3581 cum
793 3519 901 3601 Panto,
917 3540 979 3602 qua
1001 3540 1073 3580 cum
1090 3517 1256 3580 Athanasio
1278 3537 1358 3578 con.

265 3621 402 3684 gressum
425 3601 578 3680 admittet,
609 3612 704 3686 atque
723 3611 760 3662 ut
781 3603 934 3677 eundem,
957 3601 1006 3664 vei
1027 3602 1157 3663 similem
1176 3602 1307 3662 materia
1328 3609 1362 3670 et

265 3686 440 3766 proposito,
465 3685 506 3746 ita
521 3707 736 3768 personarum,
760 3687 832 3762 ioci,
854 3696 1033 3768 temporum
1049 3685 1291 3747 circumstantiis
1311 3684 1362 3744 di-

266 3788 399 3830 versum.
444 3769 471 3830 Ω.
493 3770 697 3851 scriptoribus
722 3769 875 3831 nonnuliis
897 3769 970 3829 iicet
984 3769 1141 3835 Athanasii
1163 3767 1361 3830 fraudesoh-

266 3852 435 3913 volvantur
455 3851 594 3928 silentio,
618 3853 684 3913 aliis
706 3861 808 3914 tamen
830 3853 915 3914 reiut
938 3852 1121 3934 sophronio
1141 3851 1363 3932 concrepanti-

266 3933 324 3995 bus
339 3933 445 3997 huccis
459 3937 578 3998 casdem
593 3936 748 3998 execranti
771 3957 887 3997 sonore
906 3937 1108 3997 ventilantur.
1149 3957 1216 3996 cnm
1237 3935 1361 4019 mribus,

268 4015 380 4099 inquit,
400 4022 560 4080 anathema
582 4023 643 4080 sint
658 4033 688 4080 et
706 4018 1094 4095 consummatarum
1113 4039 1230 4104 quoqne
1252 4017 1362 4099 Syr-tn,

267 4113 296 4162 et
315 4100 526 4184 Apozygorim
540 4104 737 4179 Anastasia,
757 4114 817 4166 ete.
859 4101 890 4166 3.
914 4103 1072 4166 Athanasii
1094 4101 1197 4166 serbis
1217 4101 1360 4183 stupefa-
