3050 4900
501 363 557 428 ax
583 359 843 430 mauranus.
953 363 1003 394 ’κ
1147 353 1221 444 nte
1305 451 1310 460 ι

134 546 206 590 nem
218 538 423 610 peccatoram
435 539 630 593 nostrorum.
653 531 703 594 isti
718 530 822 594 locum
835 529 893 592 snb
910 529 1043 614 imperio
1065 527 1130 595 eins
1144 527 1228 612 acle·¹
1248 523 1263 560 ³
1345 577 1348 584 ·

159 611 183 672 ti
193 619 268 674 sunt
289 613 444 693 intrepide
466 613 690 690 conversandi3
721 615 805 678 unde
825 614 913 676 multi
938 615 1090 694 leviorum
1115 614 1222 680 inlan-

155 694 180 754 is
201 715 314 756 eornm
332 699 476 778 corrupti
505 706 579 759 sunt
610 698 708 760 sectis.
752 701 783 759 in
808 697 975 760 Exacioniu
997 717 1072 760 vero
1095 696 1220 780 quidam
1230 725 1255 781 p.
1271 709 1322 766 760

133 777 225 838 fabrus
247 780 376 842 eremita
398 780 539 842 Nicotaus
559 783 685 843 nomine
700 789 737 842 et
751 781 877 863 quidam
898 803 970 842 enm
991 801 1028 844 eo
1050 777 1220 863 blasphemi

135 859 209 922 lacti
232 861 356 924 fumant
369 866 462 926 etiam
479 865 557 926 recti
571 863 724 926 sermonis
744 864 1031 948 venerabiliumque
1054 864 1114 924 ima
1137 864 1224 928 inum

134 943 323 1019 adversarii,
348 968 426 1030 quos
447 947 639 1028 Nicephorus
659 945 853 1024 defendebat,
874 956 907 1010 et
926 950 1088 1010 Summum
1108 885 1223 1012 dauer-

135 1026 244 1090 dotem
275 1048 444 1114 omnesque
476 1032 645 1094 secundum
679 1031 773 1093 deum
802 1031 937 1095 viventes
958 1033 1059 1094 tristes
1081 1031 1140 1096 bae
1161 1052 1222 1115 pro

135 1121 226 1172 ausa
257 1111 416 1175 reddebat.
467 1134 559 1194 saepe
591 1135 726 1196 namque
757 1112 899 1175 adversus
921 1135 973 1176 eos
995 1117 1222 1200 queritantibus

134 1192 310 1276 indignatus
335 1205 397 1272 est,
426 1195 599 1258 iuimicitias
629 1197 758 1258 invicem
786 1197 1010 1280 coagitantibns
1032 1197 1119 1260 valde
1142 1219 1223 1262 cun.

134 1277 308 1358 gratulans,
339 1278 480 1344 deridens
512 1301 637 1342 omnem
657 1280 867 1344 Christianum
888 1281 1066 1363 proximum
1089 1281 1222 1364 diligen..

133 1369 196 1421 tem
216 1362 312 1423 veluti
332 1363 513 1426 divinorum
533 1364 752 1430 mandatorum
769 1385 905 1440 eversor,
927 1365 976 1425 cui
997 1365 1132 1428 studium
1155 1372 1223 1426 erat

133 1443 250 1509 indicia
270 1446 497 1508 irrationabilia
520 1455 552 1508 et
572 1446 772 1508 rationabilia
792 1449 903 1508 eontra
925 1468 1050 1510 omnem
1064 1448 1222 1510 hominem

133 1525 166 1586 in
187 1529 376 1608 ldagnnurae
407 1529 554 1611 poenalio
586 1529 823 1607 commovendi,
857 1551 937 1613 quae
968 1550 1060 1592 nemo
1096 1538 1224 1593 vacaret

135 1629 227 1692 agere
245 1611 392 1674 adversus
421 1613 593 1710 impietates
615 1614 688 1675 eius.
738 1612 874 1696 denique
896 1613 1044 1676 militares
1064 1615 1223 1696 principes

135 1715 225 1756 more
245 1710 409 1758 serrorum
428 1705 474 1756 uti
495 1697 645 1778 episcopis
657 1695 689 1757 et
704 1694 861 1760 inferioris
883 1696 1001 1758 ordinis
1016 1697 1135 1760 clericis
1157 1699 1222 1758 ius-

132 1778 183 1850 sit,
204 1774 365 1840 audituros
399 1780 557 1862 episcopia
587 1789 619 1841 et
652 1779 860 1857 monasteria,
891 1779 989 1842 ethis
1011 1801 1224 1864 quaeeorum

132 1868 232 1922 esem
252 1861 490 1924 auctorabiliter
512 1863 680 1936 sbusnros;
708 1867 826 1946 eosque
854 1864 907 1946 qni
928 1885 946 1922 a
965 1862 1087 1924 saeculo
1110 1862 1222 1926 divinis

133 1943 333 2006 contulerant
353 1946 507 2030 obsequiis
528 1968 624 2011 aurea
645 1945 695 2008 rel
709 1955 855 2028 argentea
870 1966 939 2006 vasa
961 1945 1169 2029 vituperabat,
1190 1953 1224 2008 et

133 2027 331 2090 oecleaiarum
352 2049 495 2112 quaeque
510 2037 628 2092 sacrata
645 2049 707 2110 pro
725 2029 940 2090 communibus
964 2029 1071 2090 haberi
1092 2028 1223 2112 dignum

132 2111 204 2172 t'ore
235 2111 477 2193 dogmatizabat,
511 2115 608 2178 instar
631 2109 724 2174 ludas
758 2115 821 2176 tale
848 2111 925 2196 quid
945 2134 1039 2195 anper
1061 2112 1221 2174 dominico

134 2191 326 2256 decernentis
358 2205 527 2278 unguento.
575 2204 783 2258 antecessores
808 2217 885 2258 vero
908 2215 980 2256 snos
1016 2197 1222 2278 imperatores

136 2276 295 2338 universos
322 2279 408 2340 velut
435 2279 628 2360 improvidos
657 2279 843 2356 accusabat,
871 2277 1059 2361 generaliter
1081 2279 1223 2344 omnium

135 2358 367 2440 providentiam
393 2363 557 2440 auferens,
577 2363 666 2424 simul
695 2371 728 2424 et
747 2363 851 2424 dicens
881 2361 1035 2424 neminem
1055 2383 1144 2443 posse
1166 2364 1223 2423 im·

132 2452 295 2525 perantem
326 2445 564 2523 circumveniri,
589 2446 615 2507 si
643 2444 781 2507 voluerit
809 2445 911 2529 isqui
943 2443 1077 2526 imperat
1096 2453 1223 2507 strenue

130 2526 346 2609 principatum
374 2538 490 2597 tenere.
539 2530 593 2593 sed
614 2549 708 2589 vanus
738 2528 837 2599 factus
859 2536 906 2589 est
928 2528 958 2587 iu
982 2528 1222 2608 cogitationibus

130 2610 192 2673 suis
212 2610 360 2675 divinitus
381 2611 580 2680 occidendus.
633 2610 752 2675 interea
770 2630 873 2683 mense
894 2610 1068 2675 Februario
1087 2608 1221 2673 eiusdem

130 2694 272 2757 decimae
285 2704 415 2779 quartae
435 2696 625 2772 indictionis,
640 2694 745 2777 primo
765 2694 893 2757 sabbato
915 2693 1113 2791 ieiuniorum,
1136 2694 1221 2757 obvii
1229 2718 1257 2775 p.
1271 2704 1321 2762 tet

129 2778 204 2839 laeti
224 2778 372 2841 Saraceni
399 2800 493 2861 penes
514 2779 698 2842 Euchaitam
722 2777 824 2841 Leoni
853 2776 994 2859 praetori
1018 2777 1221 2841 Armeniaco.

133 2882 216 2937 rum,
236 2860 390 2925 deserenti
411 2862 554 2925 thematis
580 2882 698 2945 rogam,
726 2861 808 2923 banc
828 2860 1021 2923 abstulerunt
1045 2882 1117 2923 cum
1135 2860 1218 2923 mul-

130 2942 267 3007 titudine
286 2946 397 3027 populi
417 2947 554 3029 copiosa.
606 2946 723 3009 talento
743 2966 820 3007 uero
844 2952 934 3007 erunt
954 2942 1117 3024 sexdecim,
1138 2966 1220 3027 quae

128 3038 200 3089 sunt
220 3028 321 3091 libras
340 3029 423 3090 mille
452 3040 486 3091 et
510 3040 677 3093 trecentae.
729 3037 762 3091 et
784 3049 840 3089 nec
860 3028 905 3107 sio¹
925 3028 1108 3124 redargutus
1128 3028 1219 3091 Nice·

128 3110 247 3191 phorus
280 3113 320 3175 ab
349 3112 479 3175 avaritia
506 3136 561 3177 sua
589 3114 728 3175 cessarit.
784 3112 815 3171 in
838 3110 882 3173 bis
908 3132 982 3193 ergo
1006 3110 1096 3191 signis
1119 3130 1217 3173 novus

127 3193 234 3259 Achab
256 3216 320 3255 non
340 3198 501 3271 eruditus;
553 3197 586 3258 ui
618 3206 746 3270 eontra,
768 3192 932 3257 Phalaride
952 3213 988 3255 ae
1006 3192 1093 3255 Mida
1114 3192 1216 3255 ambi.

126 3277 241 3339 tiosior
261 3280 370 3352 laetus,
394 3288 506 3343 eontra
524 3220 676 3363 llutgares
695 3278 849 3363 praelium
869 3284 1038 3359 praeparat
1057 3295 1119 3337 una
1143 3296 1216 3339 cum

126 3362 292 3425 Stanracio
323 3363 388 3425 tilio
409 3384 478 3426 suo.
517 3373 550 3427 et
570 3362 649 3427 lulio
671 3382 776 3426 mense
805 3361 929 3443 aregio
952 3359 1030 3421 urbe
1050 3356 1214 3443 digressus,
1248 3422 1251 3434 ,

125 3444 211 3507 iussit
231 3447 356 3509 Nicetes
376 3448 511 3529 patricio
531 3458 564 3510 et
595 3446 729 3529 generali
750 3440 929 3527 logothetae
948 3441 1090 3525 publicos
1110 3444 1214 3505 eccle·-

124 3528 242 3593 siarum
262 3538 295 3597 et
313 3530 574 3593 monasteriorum
596 3551 703 3593 census
724 3532 896 3611 imponere,
920 3535 951 3587 et
967 3536 1040 3589 octo
1057 3547 1213 3591 annorum
1271 3568 1274 3575 ·

123 3612 370 3691 praeteritorum
388 3614 611 3677 redhibitiones
625 3636 645 3675 a
659 3612 837 3697 principum
854 3608 995 3671 domibus
1016 3608 1156 3691 exigere,
1178 3619 1212 3672 et
1231 3628 1236 3639 “
1317 3648 1319 3655 ,

123 3705 191 3757 erat
211 3694 382 3759 lamentum
402 3720 559 3783 magnum.
582 3719 654 3759 cnm
675 3705 779 3759 autem
800 3691 1027 3777 querimoniam
1048 3690 1170 3755 audiret
1190 3712 1212 3755 a

123 3777 260 3860 quodam
281 3781 415 3864 proprio
430 3768 558 3857 famulo,
570 3780 748 3843 Theodosio
761 3774 1050 3840 videlicetSalibara
1060 3772 1207 3857 patricio,

122 3862 246 3927 dicente
259 3865 318 3927 sibi
338 3870 474 3942 “omnes‚
496 3886 517 3927 o
532 3862 669 3941 domine,
679 3871 791 3924 contra
806 3881 861 3921 uos
876 3860 1021 3935 clamant,
1034 3865 1065 3918 et
1079 3858 1109 3919 iu
1122 3864 1206 3951 tem-

120 3967 202 4027 pore
220 3949 401 4011 tentationis
417 3968 524 4011 omues
544 3948 627 4010 casui
640 3957 748 4009 nostro
769 3942 1098 4027 congratulabuntur,'’
1110 3949 1155 4002 art
1165 3936 1206 4001 ad

120 4048 192 4093 enm
212 4032 258 4094 “si
280 4030 355 4095 deus
373 4032 529 4093 obdurans
543 4028 712 4093 obduravit
730 4049 788 4091 cor
803 4048 906 4089 meum
926 4022 1106 4101 ntPharao,
1126 4020 1203 4107 quid

120 4112 196 4175 boni
209 4116 271 4176 erit
290 4114 336 4175 bis
355 4116 410 4199 qni
425 4116 483 4177 sub
495 4136 588 4178 mauu
604 4135 671 4177 mea
691 4112 782 4175 sunt?
799 4108 1013 4190 allicepboro,
1034 4105 1201 4185 Theodosi,

119 4198 184 4261 noti
204 4208 369 4281 erpeetare
386 4206 514 4282 praeter
534 4220 616 4283 quae
636 4206 706 4289 ate
733 4192 1003 4277 conspiciuntur.''
1043 4188 1120 4255 haec
1139 4190 1300 4277 ‹to-pass
1374 4240 1377 4249 ·

221 4322 399 4396 respuam
420 4324 456 4376 n.
985 4310 1019 4365 ¹⁸
