3050 4900
447 373 888 442 norsarosrmroars.
1150 359 1234 438 6451

129 534 328 616 medonem,
345 538 476 603 collibuit
494 566 561 602 cum
583 545 688 624 copiis.
737 543 789 606 liic
811 551 897 606 certe
917 565 996 605 unus
1020 562 1121 606 sensus
1144 565 1223 604 con.

130 622 231 706 gruit;
255 631 290 682 ut
311 623 355 684 ita
378 623 482 686 victor
502 627 684 687 Abusbulim
708 628 739 685 in
763 627 858 711 Syros
878 627 993 688 Arabus
1013 627 1137 690 irruere
1164 648 1222 687 vo-

130 705 237 778 luerit,
261 726 326 766 non
346 708 584 790 utSyriArnbes
607 710 693 773 clude
709 719 793 771 tanta
811 713 910 771 attriti
932 713 963 770 in
978 711 1115 773 victores
1133 712 1222 770 Mau·

130 787 306 870 ropl10r0s3
327 789 415 873 quod
437 792 521 853 edita
546 814 580 854 ex
600 793 677 876 Reg.
698 802 730 854 et
750 795 815 855 eliis
836 793 963 856 habent.
986 793 1107 858 ideirco
1128 793 1221 855 etiam

129 893 165 933 ea
187 873 319 954 repressi
343 882 472 936 conatus
493 875 606 937 iniuria
627 876 657 936 in
687 875 835 938 Abdelam
857 877 1065 954 exacerbatus,
1085 877 1117 938 in
1138 877 1224 938 inte-

132 955 250 1016 riorem
273 956 432 1019 Persidem
453 960 584 1021 movisse
600 958 705 1020 statim
723 969 888 1032 narratur-5
912 983 972 1044 qua
996 961 1027 1020 in
1048 959 1223 1042 expeditio.

129 1059 170 1100 ne
194 1037 332 1100 eiusdem
344 1039 477 1103 Abdelae
495 1041 568 1103 dolo
582 1043 717 1104 sublatus
732 1053 790 1106 est.
815 1043 860 1116 εἷς
880 1041 936 1123 τὴν
958 1041 1131 1124 ἐνδοτέρω.
1144 1042 1221 1128 Reg.

129 1130 189 1185 ete.
213 1143 278 1182 non
302 1131 338 1185 ut
359 1126 439 1187 male
458 1123 586 1208 editam,
608 1124 839 1210 redditumque,
860 1125 1021 1204 δευτέραν.

212 1242 285 1323 661,
309 1243 357 1309 19.
398 1241 528 1322 ἓνωθείς
549 1270 583 1310 τε
603 1248 705 1334 αὐτῷ]
722 1251 771 1310 illi
799 1251 916 1325 unitus,
940 1271 1011 1310 cum
1031 1271 1070 1310 eo
1095 1246 1134 1309 ed
1156 1247 1221 1310 col.

129 1329 271 1412 loquium
292 1328 448 1410 admissus,
469 1354 506 1393 ae
530 1354 601 1394 cum
630 1335 658 1394 ei
682 1344 716 1394 ut
737 1355 857 1394 summo
887 1353 1009 1394 emesae
1030 1331 1224 1414 dominoque

130 1412 193 1474 dux
217 1412 283 1494 ipse
303 1415 409 1476 minor
430 1416 582 1494 astitisset,
602 1418 642 1479 ab
661 1437 700 1477 eo
724 1417 882 1478 occiditur
901 1416 1042 1498 propriis
1061 1415 1222 1488 maribam

126 1494 277 1578 dissipatis
304 1498 410 1560 statim
436 1499 521 1581 larga
549 1521 716 1561 munerum
742 1499 949 1581 exhibitione,
978 1521 1052 1642 Ἕως
1084 1497 1222 1559 adduxe-

128 1588 188 1656 rat,
209 1581 329 1641 turmis.
352 1580 428 1643 lmec
451 1583 591 1646 auctoris
611 1584 694 1646 clarc
708 1585 870 1662 sententia,
892 1584 989 1644 nonni
1013 1583 1033 1644 il
1058 1581 1222 1644 obscurius

126 1663 260 1745 interpr.
283 1687 434 1747 expressa.

209 1766 282 1844 669,
308 1768 337 1836 9.
380 1769 425 1844 εἷς
445 1767 502 1852 τῆν
527 1767 665 1859 Θρᾴκην.
694 1769 749 1836 διὰ
771 1766 812 1835 sci
841 1771 1007 1836 κτισθέντα
1029 1765 1162 1852 κᾶστρα]
1183 1770 1222 1832 ob

124 1873 218 1915 novas
245 1854 383 1916 conditas
411 1857 516 1936 urbm,
536 1871 566 1919 et
582 1857 720 1940 oppida:
749 1855 861 1940 quibus
889 1855 1007 1918 scilicet
1028 1855 1220 1934 habitarent,

126 1937 180 2019 qni
203 1937 343 1998 translati
365 1939 491 2000 fuerant
512 1941 637 2024 eSyrin,
660 1950 692 2002 et
708 1939 871 2003 Armenia:
892 1941 1005 2002 clarius
1029 1939 1116 2019 haec,
1137 1960 1220 2024 pnn-

125 2019 222 2104 loque
251 2021 337 2084 sorte
361 2020 480 2085 diversa
510 2024 540 2084 S.
563 2024 690 2106 Nicepb.

208 2143 288 2206 Ibid.
301 2143 351 2206 20.
372 2144 466 2242 τῇδ’
483 2145 574 2248 ndrp‘
593 2141 669 2232 ἔτει]
691 2169 764 2210 enm
784 2145 825 2210 sit
850 2165 947 2208 novus
967 2164 1073 2223 annus,
1095 2140 1215 2207 emend.

125 2248 162 2289 ex
181 2227 275 2312 Peyr.
296 2239 357 2294 ete.
370 2249 470 2314 τοττῳ
489 2250 533 2314 τῳ
552 2250 624 2293 eres.

201 2347 274 2433 664,
292 2346 325 2414 ⁴l.
366 2351 468 2432 μηδὲν
488 2348 650 2433 ἀξιόλογον
668 2353 725 2432 τῆς
744 2353 845 2415 ἐκεῖσε
866 2351 1058 2434 κληρουχίας
1077 2345 1214 2430 ἔχοντες]

117 2456 190 2583 {122
189 2458 350 2584 ἔφθητε
370 2437 421 2498 illi
433 2434 615 2500 haereditati
634 2438 715 2501 nibil
729 2437 943 2523 comparabile,
963 2456 1000 2497 ac
1012 2435 1134 2518 deputem
1154 2435 1213 2493 lma

202 2668 285 2735 Ilid.
310 2666 359 2733 14.
401 2664 574 2753 στρατηγὸν
593 2670 656 2735 reis
681 2666 908 2755 Ἀρμεντᾰκων]
930 2668 1033 2728 Anast.
1054 2665 1129 2749 Reg.
1149 2670 1213 2767 etc.

200 2786 284 2852 Ibid.
308 2784 356 2848 17.
399 2782 503 2849 ἐλθών
523 2788 568 2862 εἰς
588 2786 786 2871 Βερὲγαβαν]
809 2784 901 2849 Cedr.
925 2782 971 2855 εἷς
990 2776 1050 2863 τὴν
1069 2778 1212 2842 κλειτοῦ-

118 2890 180 2949 ραν
200 2869 394 2950 Βερὲγαβαν.
425 2874 547 2933 veniens
572 2873 616 2933 ad
642 2873 790 2933 clusuram
823 2870 990 2952 Beregala‚
1021 2884 1083 2927 non
1106 2872 1141 2925 ut
1159 2861 1212 2925 bic

119 2955 253 3035 interpr.
275 2952 421 3035 distinxit.

204 3066 277 3150 665,
295 3068 325 3135 6.
367 3068 488 3151 μττέθη
507 3064 528 3149 ἡ
547 3066 650 3146 κάρα]
675 3068 713 3132 de
733 3072 927 3132 Graecorum
953 3071 1021 3126 tots
1042 3062 1217 3126 traditione

119 3154 204 3216 circa
225 3154 256 3215 S.
279 3154 401 3217 loannis
422 3160 537 3235 eaput,
559 3154 686 3237 eiusque
708 3154 864 3236 triplicem
887 3150 1099 3246 inventionem
1121 3144 1216 3209 docte

121 3237 214 3301 brevi
232 3235 399 3320 proditura
415 3258 446 3297 v.
462 3235 502 3297 el.
513 3237 620 3299 Caroli
636 3236 679 3297 dn
698 3239 814 3298 Fresne
834 3234 1044 3297 Ambianensu
1064 3228 1216 3291 lucubre-

120 3322 182 3399 tio,
201 3321 287 3402 petri
309 3322 397 3381 Gonr
417 3320 522 3381 andito
544 3328 575 3381 et
596 3316 770 3403 expectate,
792 3318 867 3381 mihi
891 3318 983 3379 etiam
1005 3312 1213 3375 auctorisbn·

120 3405 280 3483 manitste,
301 3405 422 3487 qualem
446 3404 512 3465 fere
524 3402 656 3486 digessit,
672 3405 755 3477 visa;
778 3425 835 3465 nec
855 3401 919 3463 sine
940 3397 1100 3479 veluptate
1120 3396 1212 3457 lecta.

123 3486 164 3549 nd
183 3487 298 3550 calcem
330 3486 498 3563 extabunt,
521 3508 598 3569 quos
619 3488 695 3548 mihi
719 3496 870 3548 tractatus
891 3479 1120 3543 eminentissimi
1139 3499 1212 3539 car.

127 3570 236 3633 dinalis
256 3572 405 3633 Maearini
425 3571 457 3630 in
477 3591 545 3632 eum
565 3591 632 3632 rem
650 3570 825 3631 luculentos
845 3564 1033 3629 bibliotheca
1056 3582 1213 3645 suggesse-

122 3666 195 3717 rats
221 3654 386 3738 inquibus
407 3656 595 3735 proecipuus
617 3654 672 3735 qni
695 3655 819 3715 tertiam
836 3649 980 3713 Comanis
991 3645 1216 3709 Constantino-

122 3738 222 3820 polim
243 3738 462 3800 inventionem
492 3758 528 3797 ne
558 3738 793 3799 translationem
821 3735 900 3797 sueri
933 3730 1073 3815 pignoris
1092 3728 1212 3811 lgnntio

123 3820 320 3903 patriarcba,
346 3820 559 3902 Michaeleque
587 3829 621 3881 et
637 3821 807 3882 Theodora
828 3821 889 3880 ΔΑ.
922 3814 1058 3877 auctoris
1079 3811 1214 3895 aequalis

122 3904 204 3988 stylo
223 3906 312 3987 gravi
331 3914 469 3978 enarrat,
493 3902 625 3966 necdum
645 3905 719 3966 iuris
731 3905 829 3965 fectus
849 3899 985 3983 publici;
1010 3896 1096 3957 cuius
1118 3896 1211 3993 etiam

121 3990 240 4051 Romae
260 4009 353 4070 penes
375 3988 595 4061 doctissimum,
617 4008 653 4048 ac
672 3987 888 4049 amicissimum
909 3984 1045 4045 Leonem
1066 3978 1212 4041 Allatmm

124 4072 281 4155 exemplar
292 4080 384 4133 extat.
405 4066 451 4151 τό,
470 4066 548 4132 κατὰ
562 4069 618 4150 τήν
633 4061 918 4151 &commendite
940 4086 1007 4147 ego,
1023 4064 1212 4147 intemptans
1311 4078 1314 4085 ’

123 4156 203 4233 eius,
231 4156 314 4239 quod
333 4168 419 4217 extat
446 4150 640 4237 magnifieum
668 4156 701 4217 ln
721 4153 795 4217 urbe
815 4153 951 4227 Is'mesa3
982 4149 1012 4209 in
1035 4167 1095 4230 qua
1118 4147 1211 4210 etiam

124 4248 193 4303 erat
211 4238 333 4323 spelaei
352 4238 584 4303 monesterium.
937 4256 942 4264 ·
