3050 4900
297 377 372 457 ttls
458 390 667 456 anssrasn
696 383 890 453 nrs‘roars
918 383 1223 454 soctsssssrscs

296 563 395 627 minus
416 565 512 624 norit.
564 563 628 644 ipss
651 579 710 658 ego
730 557 930 641 conscriptor
951 557 1065 620 borum
1084 557 1155 618 vivs
1174 569 1255 618 reos
1274 553 1380 616 andri

296 647 520 710 u'l'hcodosio.
563 644 700 707 collectis
719 643 826 726 itaque
843 641 969 718 militiis,
996 659 1060 703 non
1080 640 1180 700 solum
1201 659 1237 700 er
1257 638 1383 700 Tbraoe

295 731 518 792 verumetiam
548 748 584 790 ex
604 727 826 803 ulterioribus,
848 745 920 786 cum
941 723 987 784 bis
1017 723 1109 786 etiam
1130 742 1242 806 egenos
1256 722 1382 802 ‘pedites

295 833 368 874 cum
388 812 525 895 propriis
544 810 703 892 stipendiis
724 819 837 871 contra
851 809 1012 890 Vulgares,
1035 805 1136 868 nasta
1158 817 1191 867 et
1210 805 1306 886 virgis
1328 827 1382 866 er.

295 905 396 960 matos
417 906 450 958 ct
469 894 713 976 blaspbemantes
740 892 878 953 minavit.
931 893 1084 954 Cromnos
1115 896 1218 950 autern
1238 889 1385 950 multitu..

167 1017 176 1028 κ
296 979 383 1042 dines
415 981 542 1055 timeus,
571 999 642 1038 cnm
672 984 749 1040 esset
769 974 937 1052 Marcellis,
967 973 1096 1056 petebat
1116 993 1235 1055 pacem.
1276 978 1310 1032 et
1329 971 1385 1036 ille

296 1078 429 1146 nequam
453 1061 587 1124 consiliis
604 1070 637 1124 et
657 1061 746 1143 paria
759 1057 1018 1120 consentientium
1032 1057 1233 1118 consiliorum
1253 1073 1384 1118 suorum

295 1145 487 1207 suasionibus
507 1144 685 1245 prohibitus
702 1153 759 1220 est,
781 1153 813 1206 et
833 1150 905 1225 post
924 1142 1039 1203 multos
1058 1141 1213 1201 anlractus
1234 1158 1294 1220 per
1314 1139 1383 1200 avie

296 1229 365 1290 loca
384 1229 648 1312 praecipitanter,
671 1227 854 1290 temerarius
882 1224 972 1286 simul
992 1233 1023 1286 et
1039 1221 1185 1306 pavidus,
1207 1220 1385 1304 ingreditur

294 1311 477 1396 vulgariam
497 1313 618 1374 decimo
638 1312 733 1372 tertio
753 1307 898 1370 kalendas
920 1311 1090 1390 Augustas,
1112 1327 1185 1368 curn
1205 1306 1301 1366 Sirius
1324 1325 1384 1388 ap-

294 1405 422 1478 pareret
442 1404 553 1457 cuncta
567 1412 755 1469 camaracus,
776 1395 959 1475 frequenter
976 1389 1094 1457 aliatus.
1135 1389 1225 1474 “quis
1238 1390 1313 1451 ibie’
1331 1389 1384 1448 in.

295 1479 404 1562 quiens
424 1483 477 1540 “et
499 1477 633 1561 decipiet
653 1477 808 1554 debebab,
833 1476 906 1558 quia
929 1476 993 1537 sive
1014 1474 1087 1535 deus
1105 1473 1169 1536 sive
1189 1471 1382 1534 adversarius

295 1562 393 1624 trehit
413 1560 676 1624 menolcntemi’'
697 1579 799 1643 porro
819 1559 1001 1640 priusquam
1020 1558 1169 1639 ingressus
1189 1555 1384 1618 luissetVul-

294 1646 423 1728 geriem,
433 1643 596 1728 Byzantius
616 1643 707 1704 buius
731 1641 859 1704 dilectus
876 1639 1005 1702 leuralns
1020 1641 1059 1702 ad
1075 1642 1246 1701 Crumnum
1267 1641 1384 1700 abiar.

295 1729 378 1791 cellis
401 1730 553 1810 confugit,
574 1747 678 1789 secum
698 1733 843 1808 surrepta
874 1733 957 1786 veste
981 1723 1134 1806 imperiali
1153 1733 1185 1784 et
1209 1721 1277 1783 auri
1298 1723 1385 1786 libris

295 1820 431 1872 centnm.
472 1811 561 1872 multi
582 1817 686 1870 autem
707 1809 797 1870 buius
821 1809 925 1888 fugem
949 1807 979 1868 ia
1000 1808 1115 1867 malum
1134 1805 1303 1886 nicephori
1324 1829 1384 1867 au-

295 1895 403 1976 spicati
426 1903 506 1955 sunt.
548 1893 649 1954 tribus
672 1893 789 1975 quippe
810 1891 915 1954 diebus
936 1897 1008 1973 post
1027 1889 1145 1972 primos
1168 1889 1328 1950 conflictus
1350 1909 1384 1952 ss

199 1977 476 2072 p‚7oeprosperari
508 1979 652 2057 opinatus
684 1997 748 2036 nnn
779 1993 933 2058 prospera
963 1973 1087 2034 facienti
1123 1973 1183 2036 deo
1215 1973 1384 2034 victoriam

297 2061 490 2137 ascribebat,
509 2059 561 2121 sed
583 2060 736 2119 Stauracii
757 2059 850 2119 salius
880 2057 996 2118 bonam
1023 2057 1183 2116 fortunam
1201 2055 1387 2140 bonumque

297 2143 460 2206 consilium
474 2142 685 2224 praedicebat,
706 2149 737 2202 et
755 2139 959 2224 principibus,
982 2139 1036 2224 qui
1057 2139 1223 2202 introitum
1238 2137 1385 2201 labibus-

297 2236 380 2303 rant,
403 2226 590 2288 minabatur.
632 2225 861 2287 irrationabilia
907 2243 1025 2308 uaeque
1052 2223 1234 2300 animantia,
1255 2223 1386 2286 infantes

298 2317 331 2370 et
359 2329 484 2370 omnem
512 2317 647 2371 aetatem
677 2245 966 2370 immisericorditer
1002 2305 1104 2366 occidi
1139 2305 1321 2390 praecepit,
1353 2313 1387 2368 et

296 2401 423 2454 mortue
455 2391 765 2475 comprovincialium
802 2411 940 2474 corpora
971 2387 1119 2473 insepulta
1149 2389 1271 2469 dimisit,
1293 2389 1388 2455 solius

298 2476 474 2575 spoliorum
501 2476 694 2539 collectionis
721 2473 914 2558 diligentiam
934 2472 1055 2537 sedens.
1099 2474 1205 2551 ⁸claves
1229 2482 1333 2537 autem
1354 2480 1390 2537 et

297 2558 454 2643 signacula
468 2558 678 2644 penetralibus
691 2559 821 2620 Crismni
836 2556 1118 2641 superimponebat,
1140 2578 1175 2619 ca
1199 2564 1235 2617 nt
1255 2556 1390 2641 proprie

299 2642 341 2705 dc
360 2652 465 2706 cetero
487 2645 638 2709 muniens.
661 2662 752 2705 aures
775 2644 868 2703 etiarn
888 2650 920 2703 et
937 2650 1117 2703 ceterorum
1138 2640 1388 2703 Christianos-nur

298 2726 450 2805 membra,
472 2726 527 2809 qui
550 2729 657 2788 saltem
676 2725 847 2807 tetigissent
861 2724 1028 2807 quicquam
1051 2744 1087 2785 ex
1107 2724 1224 2807 spoliis,
1247 2722 1389 2787 abscide-

298 2808 366 2883 bat,
390 2816 424 2870 et
452 2808 554 2871 aulam
579 2807 717 2871 incendit
744 2828 826 2890 quae
846 2806 1009 2868 dicebatur
1037 2808 1388 2885 nursiamcasam

301 2892 367 2973 ipse
387 2891 587 2955 vehementer
605 2890 881 2967 essetbnmiliatus,
904 2900 936 2952 et
955 2888 1151 2973 significasset
1171 2891 1274 2954 dicens
1294 2896 1389 2955 “eeee

302 2974 413 3035 'vicisti-
453 2974 618 3057 tollcergc
639 2974 787 3057 quiequid
809 2973 867 3036 tibi
889 2974 1041 3056 placabile
1060 2974 1166 3052 luerit,
1187 2984 1218 3037 et
1239 2975 1389 3059 egredere

298 3057 334 3118 in
355 3060 463 3140 pace.’'
504 3066 536 3119 at
559 3058 619 3135 ille,
643 3078 713 3118 cum
736 3058 820 3139 pacis
842 3068 919 3121 esset
940 3056 1099 3136 iuimicus,
1121 3056 1203 3121 banc
1223 3058 1389 3123 admittere

302 3141 414 3203 noluit.
456 3140 488 3202 in
501 3141 623 3239 'quibus
642 3142 776 3202 saeviens
797 3137 847 3203 ills
868 3142 898 3202 in
920 3140 1054 3224 regionis
1075 3140 1221 3204 introitus
1238 3154 1270 3205 el
1291 3143 1389 3207 exilu

301 3225 403 3307 lignee
424 3225 595 3285 munimina
614 3226 738 3285 mittens
758 3224 892 3286 maceria
919 3220 1132 3286 circumdabat
1151 3234 1183 3285 el
1246 3226 1388 3289 vtulerit.

301 3308 492 3390 Iiicepboms
504 3318 607 3369 autem
618 3306 679 3368 boc
691 3317 856 3388 comperto
867 3326 937 3371 mox
953 3308 1111 3384 attonitus,
1123 3247 1271 3391 quidddm
1282 3316 1391 3392 ageret

301 3391 485 3453 circumiens
502 3393 510 3450 i
533 3392 676 3471 notabat,
692 3400 725 3452 et
740 3390 785 3451 bis
799 3392 852 3475 qui
866 3390 955 3452 simul
973 3392 1104 3453 aderant
1125 3392 1263 3454 futuram
1279 3392 1389 3475 perdi..

301 3476 421 3536 tionem
432 3413 641 3556 praedicebat,
656 3493 826 3536 asseverans
838 3475 951 3537 “etiam
964 3474 988 3535 si
1000 3475 1127 3618 immi
1141 3476 1216 3537 iacti
1230 3476 1390 3557 luemnsus,

301 3578 334 3620 se
353 3577 445 3620 nemo
465 3566 569 3640 speret
598 3558 724 3619 exitium
755 3562 963 3620 evasurum.''·

302 3646 393 3704 erant
412 3660 472 3722 per
493 3641 557 3703 dies
578 3638 664 3718 duos,
683 3642 825 3724 quietam
845 3642 989 3705 videlieet
1009 3648 1042 3704 et
1069 3653 1186 3705 sextans
1206 3642 1316 3709 leriam
1327 3668 1335 3717 t
1356 3652 1391 3709 et

301 3732 395 3786 nocte
416 3722 537 3786 sabbati
558 3724 752 3787 turbationes
773 3734 805 3787 et
825 3725 990 3787 turbarum
1019 3736 1210 3789 armatarum
1232 3727 1316 3789 cirea
1335 3727 1392 3788 tti-

303 3806 476 3890 cepborum
509 3818 541 3871 et
562 3829 615 3871 eos
648 3810 701 3891 qui
731 3810 891 3891 cumipse
915 3815 1007 3871 erant
1039 3810 1162 3872 auditae
1183 3811 1263 3872 acies
1282 3828 1391 3873 omnes

206 3916 236 3971 p.
244 3898 296 3958 764
304 3900 543 3953 enervaverunt.
570 3902 642 3953 ante
664 3892 724 3953 diei
739 3912 814 3976 ergo
832 3892 1023 3974 principium
1044 3894 1294 3976 supervenientes
1314 3896 1392 3955 bor.

302 3974 373 4037 bari
401 3983 513 4037 eontra
544 3974 777 4036 tabernaculum
809 3976 978 4057 Nicephori
1007 3985 1039 4037 et
1065 3988 1221 4059 magnates
1242 3978 1295 4061 qui
1316 3998 1391 4039 euru

185 4112 195 4133 ,
303 4057 370 4138 ipso
392 4067 491 4135 erant,
515 4056 597 4120 bunc
620 4058 835 4120 miserabiliter
856 4060 1068 4132 interficiunt;
1097 4064 1182 4123 inter
1200 4080 1278 4145 quos
1299 4070 1395 4123 eraut

302 4141 407 4201 Attius
428 4142 549 4219 Petrus,
571 4150 603 4204 et
624 4141 772 4205 sisinnius
786 4142 948 4226 Tripbyles
968 4140 1104 4225 patricii,
1122 4154 1219 4227 atque
1238 4144 1393 4207 Tbeodoa

301 4224 364 4286 sius
378 4224 536 4288 Helbesus
557 4226 714 4310 patricios,
736 4226 790 4309 qui
804 4226 999 4291 contristavit
1019 4234 1051 4291 et
1065 4226 1162 4291 multa
1180 4228 1289 4293 bealae
1308 4230 1394 4291 mele

1025 3578 1080 3621 aec
1103 3568 1208 3621 autem
1229 3560 1391 3623 molimina
