<?xml version="1.0" encoding="UTF-8"?>
<!DOCTYPE html PUBLIC "-//W3C//DTD XHTML 1.0 Transitional//EN"
    "http://www.w3.org/TR/xhtml1/DTD/xhtml1-transitional.dtd">
<html xmlns="http://www.w3.org/1999/xhtml" xml:lang="en" lang="en">
 <head>
  <title>
</title>
<meta http-equiv="Content-Type" content="text/html;charset=utf-8" />
  <meta name='ocr-system' content='tesseract 3.04.00' />
  <meta name='ocr-capabilities' content='ocr_page ocr_carea ocr_par ocr_line ocrx_word'/>
</head>
<body>
  <div class='ocr_page' id='page_1' title='image "./corpusscriptoru34theogoog_0578.png"; bbox 0 0 3050 4900; ppageno 0'>
   <div class='ocr_carea' id='block_1_1' title="bbox 464 323 1239 401">
    <p class='ocr_par' dir='ltr' id='par_1_1' title="bbox 464 323 1239 401">
     <span class='ocr_line' id='line_1_1' title="bbox 464 323 1239 401; baseline -0.004 0"><span class='ocrx_word' id='word_1_1' title='bbox 464 333 604 401; x_wconf 76' lang='lat' dir='ltr'>NOTAE</span> <span class='ocrx_word' id='word_1_2' title='bbox 632 332 920 400; x_wconf 71' lang='lat' dir='ltr'>POSTElthffl.</span> <span class='ocrx_word' id='word_1_3' title='bbox 1167 323 1239 398; x_wconf 78' lang='grc'>669</span> 
     </span>
    </p>
   </div>
   <div class='ocr_carea' id='block_1_2' title="bbox 149 497 1242 822">
    <p class='ocr_par' dir='ltr' id='par_1_2' title="bbox 149 497 1242 822">
     <span class='ocr_line' id='line_1_2' title="bbox 151 497 1241 588; baseline -0.006 -20"><span class='ocrx_word' id='word_1_4' title='bbox 151 506 246 570; x_wconf 81' lang='lat' dir='ltr'>versis</span> <span class='ocrx_word' id='word_1_5' title='bbox 269 503 395 588; x_wconf 80' lang='lat' dir='ltr'>imperii</span> <span class='ocrx_word' id='word_1_6' title='bbox 414 503 546 566; x_wconf 83' lang='lat' dir='ltr'>Romani</span> <span class='ocrx_word' id='word_1_7' title='bbox 575 503 754 585; x_wconf 81' lang='lat' dir='ltr'>proviaciis.</span> <span class='ocrx_word' id='word_1_8' title='bbox 801 505 850 566; x_wconf 84' lang='lat' dir='ltr'>vel</span> <span class='ocrx_word' id='word_1_9' title='bbox 870 497 925 582; x_wconf 78' lang='grc' dir='ltr'>τό,</span> <span class='ocrx_word' id='word_1_10' title='bbox 947 497 1024 564; x_wconf 78' lang='lat' dir='ltr'>sosoi</span> <span class='ocrx_word' id='word_1_11' title='bbox 1045 499 1152 580; x_wconf 69' lang='lat' dir='ltr'>rosc,</span> <span class='ocrx_word' id='word_1_12' title='bbox 1184 521 1241 582; x_wconf 88' lang='lat' dir='ltr'>per</span> 
     </span>
     <span class='ocr_line' id='line_1_3' title="bbox 149 585 1242 662; baseline -0.008 -8"><span class='ocrx_word' id='word_1_13' title='bbox 149 591 296 654; x_wconf 75' lang='lat' dir='ltr'>tonsilias:</span> <span class='ocrx_word' id='word_1_14' title='bbox 328 588 372 650; x_wconf 86' lang='lat' dir='ltr'>sic</span> <span class='ocrx_word' id='word_1_15' title='bbox 402 588 485 649; x_wconf 88' lang='lat' dir='ltr'>enisu</span> <span class='ocrx_word' id='word_1_16' title='bbox 510 585 728 659; x_wconf 83' lang='lat' dir='ltr'>commodum,</span> <span class='ocrx_word' id='word_1_17' title='bbox 752 587 885 648; x_wconf 87' lang='lat' dir='ltr'>delectas</span> <span class='ocrx_word' id='word_1_18' title='bbox 913 586 1041 648; x_wconf 74' lang='lat' dir='ltr'>familias</span> <span class='ocrx_word' id='word_1_19' title='bbox 1061 585 1242 662; x_wconf 80' lang='lat' dir='ltr'>transferre,</span> 
     </span>
     <span class='ocr_line' id='line_1_4' title="bbox 150 667 1241 822; baseline -0.005 -87"><span class='ocrx_word' id='word_1_20' title='bbox 150 673 388 822; x_wconf 48' lang='grc' dir='ltr'>ἒῖἱιιῗὲιέἓὲιὲασι</span> <span class='ocrx_word' id='word_1_21' title='bbox 417 673 507 734; x_wconf 82' lang='lat' dir='ltr'>brevi</span> <span class='ocrx_word' id='word_1_22' title='bbox 538 671 655 734; x_wconf 85' lang='lat' dir='ltr'>civium</span> <span class='ocrx_word' id='word_1_23' title='bbox 690 693 875 750; x_wconf 87' lang='lat' dir='ltr'>numerum,</span> <span class='ocrx_word' id='word_1_24' title='bbox 897 671 1045 755; x_wconf 79' lang='lat' dir='ltr'>urbisque</span> <span class='ocrx_word' id='word_1_25' title='bbox 1068 667 1241 751; x_wconf 86' lang='lat' dir='ltr'>potentiam</span> 
     </span>
    </p>
   </div>
   <div class='ocr_carea' id='block_1_3' title="bbox 97 855 1240 1197">
    <p class='ocr_par' dir='ltr' id='par_1_3' title="bbox 97 855 1240 1197">
     <span class='ocr_line' id='line_1_5' title="bbox 231 855 1240 944; baseline -0.007 -18"><span class='ocrx_word' id='word_1_26' title='bbox 231 863 285 942; x_wconf 79' lang='lat'>35,</span> <span class='ocrx_word' id='word_1_27' title='bbox 301 858 331 926; x_wconf 79' lang='grc'>4.</span> <span class='ocrx_word' id='word_1_28' title='bbox 373 857 571 933; x_wconf 74' lang='grc' dir='ltr'>εἰσελθόντος</span> <span class='ocrx_word' id='word_1_29' title='bbox 589 859 660 924; x_wconf 73' lang='grc' dir='ltr'><strong><em>ἐκεῖ</em></strong></span> <span class='ocrx_word' id='word_1_30' title='bbox 676 857 841 942; x_wconf 74' lang='grc' dir='ltr'><strong><em>ἱστορῆσαι</em></strong></span> <span class='ocrx_word' id='word_1_31' title='bbox 854 855 930 932; x_wconf 79' lang='grc' dir='ltr'>τούς</span> <span class='ocrx_word' id='word_1_32' title='bbox 949 855 1079 935; x_wconf 78' lang='grc' dir='ltr'><strong><em>τόπους]</em></strong></span> <span class='ocrx_word' id='word_1_33' title='bbox 1099 859 1151 944; x_wconf 78' lang='lat' dir='ltr'>qai</span> <span class='ocrx_word' id='word_1_34' title='bbox 1164 877 1240 943; x_wconf 83' lang='lat' dir='ltr'>pro-</span> 
     </span>
     <span class='ocr_line' id='line_1_6' title="bbox 132 940 1240 1030; baseline -0.009 -18"><span class='ocrx_word' id='word_1_35' title='bbox 132 948 243 1030; x_wconf 59' lang='lat' dir='ltr'>fietus</span> <span class='ocrx_word' id='word_1_36' title='bbox 264 960 336 1009; x_wconf 86' lang='lat' dir='ltr'>esset</span> <span class='ocrx_word' id='word_1_37' title='bbox 358 944 403 1008; x_wconf 82' lang='lat' dir='ltr'>ad</span> <span class='ocrx_word' id='word_1_38' title='bbox 425 967 477 1006; x_wconf 84' lang='lat' dir='ltr'>eos</span> <span class='ocrx_word' id='word_1_39' title='bbox 498 941 636 1006; x_wconf 67' lang='lat' dir='ltr'>visendas</span> <span class='ocrx_word' id='word_1_40' title='bbox 658 946 811 1027; x_wconf 67' lang='lat' dir='ltr'>aegiorus,</span> <span class='ocrx_word' id='word_1_41' title='bbox 834 958 923 1028; x_wconf 79' lang='lat' dir='ltr'>atque</span> <span class='ocrx_word' id='word_1_42' title='bbox 952 941 1136 1006; x_wconf 75' lang='lat' dir='ltr'>leutrandas.</span> <span class='ocrx_word' id='word_1_43' title='bbox 1180 940 1240 1003; x_wconf 89' lang='lat' dir='ltr'>du·</span> 
     </span>
     <span class='ocr_line' id='line_1_7' title="bbox 97 1023 1240 1112; baseline -0.006 -17"><span class='ocrx_word' id='word_1_44' title='bbox 97 1055 106 1086; x_wconf 76' lang='grc' dir='ltr'><strong><em>ι</em></strong></span> <span class='ocrx_word' id='word_1_45' title='bbox 148 1033 215 1094; x_wconf 85' lang='lat' dir='ltr'>rius</span> <span class='ocrx_word' id='word_1_46' title='bbox 237 1030 417 1094; x_wconf 83' lang='lat' dir='ltr'>redditum:</span> <span class='ocrx_word' id='word_1_47' title='bbox 449 1027 495 1090; x_wconf 81' lang='lat' dir='ltr'>ad</span> <span class='ocrx_word' id='word_1_48' title='bbox 511 1029 558 1092; x_wconf 84' lang='lat' dir='ltr'>ibi</span> <span class='ocrx_word' id='word_1_49' title='bbox 574 1030 675 1112; x_wconf 80' lang='lat' dir='ltr'>posita</span> <span class='ocrx_word' id='word_1_50' title='bbox 706 1029 778 1089; x_wconf 85' lang='lat' dir='ltr'>loca</span> <span class='ocrx_word' id='word_1_51' title='bbox 797 1049 929 1112; x_wconf 81' lang='lat' dir='ltr'>qssaeqae</span> <span class='ocrx_word' id='word_1_52' title='bbox 950 1023 1147 1092; x_wconf 82' lang='lat' dir='ltr'>describenda</span> <span class='ocrx_word' id='word_1_53' title='bbox 1162 1044 1240 1109; x_wconf 81' lang='lat' dir='ltr'>pro-</span> 
     </span>
     <span class='ocr_line' id='line_1_8' title="bbox 133 1105 907 1197; baseline -0.008 -18"><span class='ocrx_word' id='word_1_54' title='bbox 133 1119 235 1197; x_wconf 82' lang='lat' dir='ltr'>fecto.</span> <span class='ocrx_word' id='word_1_55' title='bbox 276 1108 317 1176; x_wconf 74' lang='lat' dir='ltr'>nt</span> <span class='ocrx_word' id='word_1_56' title='bbox 340 1105 403 1174; x_wconf 82' lang='lat' dir='ltr'>sissi</span> <span class='ocrx_word' id='word_1_57' title='bbox 426 1109 491 1192; x_wconf 77' lang='grc' dir='ltr'><strong>τῆς.</strong></span> <span class='ocrx_word' id='word_1_58' title='bbox 513 1110 633 1174; x_wconf 74' lang='lat' dir='ltr'>emend·</span> <span class='ocrx_word' id='word_1_59' title='bbox 656 1113 738 1174; x_wconf 89' lang='lat' dir='ltr'>bene</span> <span class='ocrx_word' id='word_1_60' title='bbox 759 1111 792 1171; x_wconf 82' lang='lat' dir='ltr'>in</span> <span class='ocrx_word' id='word_1_61' title='bbox 814 1111 907 1173; x_wconf 83' lang='lat' dir='ltr'>ltarb.</span> 
     </span>
    </p>
   </div>
   <div class='ocr_carea' id='block_1_4' title="bbox 144 1211 1240 1480">
    <p class='ocr_par' dir='ltr' id='par_1_4' title="bbox 144 1211 1240 1480">
     <span class='ocr_line' id='line_1_9' title="bbox 190 1211 1240 1307; baseline -0.002 -19"><span class='ocrx_word' id='word_1_62' title='bbox 190 1267 195 1276; x_wconf 84' lang='lat'><strong>·</strong></span> <span class='ocrx_word' id='word_1_63' title='bbox 230 1229 312 1290; x_wconf 83' lang='lat' dir='ltr'>Ibid.</span> <span class='ocrx_word' id='word_1_64' title='bbox 341 1227 390 1290; x_wconf 85' lang='grc'>18.</span> <span class='ocrx_word' id='word_1_65' title='bbox 430 1226 503 1307; x_wconf 79' lang='grc' dir='ltr'>περὶ</span> <span class='ocrx_word' id='word_1_66' title='bbox 530 1225 592 1287; x_wconf 82' lang='grc' dir='ltr'><strong><em>τῶν</em></strong></span> <span class='ocrx_word' id='word_1_67' title='bbox 621 1218 800 1290; x_wconf 60' lang='lat' dir='ltr'>mancinus</span> <span class='ocrx_word' id='word_1_68' title='bbox 833 1223 1028 1306; x_wconf 70' lang='grc' dir='ltr'><strong><em>Βυζαντίον,</em></strong></span> <span class='ocrx_word' id='word_1_69' title='bbox 1061 1224 1118 1286; x_wconf 72' lang='grc' dir='ltr'><strong><em>ναί</em></strong></span> <span class='ocrx_word' id='word_1_70' title='bbox 1136 1211 1240 1286; x_wconf 74' lang='grc' dir='ltr'><strong><em>ἄλλων</em></strong></span> 
     </span>
     <span class='ocr_line' id='line_1_10' title="bbox 144 1305 1240 1394; baseline -0.005 -20"><span class='ocrx_word' id='word_1_71' title='bbox 144 1311 272 1374; x_wconf 79' lang='grc' dir='ltr'><strong><em>πολλῶν</em></strong></span> <span class='ocrx_word' id='word_1_72' title='bbox 290 1305 396 1374; x_wconf 81' lang='grc' dir='ltr'><strong><em>τόπων</em></strong></span> <span class='ocrx_word' id='word_1_73' title='bbox 407 1308 585 1394; x_wconf 71' lang='grc' dir='ltr'>διεξῆλθεν]</span> <span class='ocrx_word' id='word_1_74' title='bbox 606 1311 764 1372; x_wconf 74' lang='lat' dir='ltr'><em>historiam</em></span> <span class='ocrx_word' id='word_1_75' title='bbox 783 1310 1154 1394; x_wconf 74' lang='lat' dir='ltr'>contexsss&#39;tepsscoporum</span> <span class='ocrx_word' id='word_1_76' title='bbox 1173 1307 1240 1386; x_wconf 76' lang='lat' dir='ltr'>By-</span> 
     </span>
     <span class='ocr_line' id='line_1_11' title="bbox 146 1393 1081 1480; baseline -0.007 -23"><span class='ocrx_word' id='word_1_77' title='bbox 146 1397 250 1472; x_wconf 83' lang='lat' dir='ltr'>zantii,</span> <span class='ocrx_word' id='word_1_78' title='bbox 269 1409 299 1456; x_wconf 85' lang='lat' dir='ltr'>et</span> <span class='ocrx_word' id='word_1_79' title='bbox 310 1394 450 1480; x_wconf 68' lang='lat' dir='ltr'>plasium</span> <span class='ocrx_word' id='word_1_80' title='bbox 470 1395 607 1455; x_wconf 67' lang='lat' dir='ltr'>ebanem</span> <span class='ocrx_word' id='word_1_81' title='bbox 622 1394 790 1455; x_wconf 81' lang='lat' dir='ltr'>ciuitatum.</span> <span class='ocrx_word' id='word_1_82' title='bbox 813 1393 856 1456; x_wconf 89' lang='lat' dir='ltr'>sic</span> <span class='ocrx_word' id='word_1_83' title='bbox 877 1393 957 1454; x_wconf 88' lang='lat' dir='ltr'>bene</span> <span class='ocrx_word' id='word_1_84' title='bbox 978 1399 1081 1454; x_wconf 81' lang='lat' dir='ltr'>Anast.</span> 
     </span>
    </p>
   </div>
   <div class='ocr_carea' id='block_1_5' title="bbox 130 1495 1238 1747">
    <p class='ocr_par' dir='ltr' id='par_1_5' title="bbox 130 1495 1238 1747">
     <span class='ocr_line' id='line_1_12' title="bbox 228 1495 1238 1580; baseline -0.005 -17"><span class='ocrx_word' id='word_1_85' title='bbox 228 1499 280 1580; x_wconf 85' lang='lat'>36,</span> <span class='ocrx_word' id='word_1_86' title='bbox 301 1499 332 1562; x_wconf 84' lang='lat'>6.</span> <span class='ocrx_word' id='word_1_87' title='bbox 373 1496 509 1576; x_wconf 59' lang='lat' dir='ltr'>uastata</span> <span class='ocrx_word' id='word_1_88' title='bbox 529 1499 703 1577; x_wconf 72' lang='grc' dir='ltr'><strong><em>ὑπομείνας</em></strong></span> <span class='ocrx_word' id='word_1_89' title='bbox 723 1495 901 1580; x_wconf 75' lang='grc' dir='ltr'><strong><em>οἰκισμούς]</em></strong></span> <span class='ocrx_word' id='word_1_90' title='bbox 925 1501 1005 1562; x_wconf 88' lang='lat' dir='ltr'>bene</span> <span class='ocrx_word' id='word_1_91' title='bbox 1024 1497 1117 1578; x_wconf 89' lang='lat' dir='ltr'>idem,</span> <span class='ocrx_word' id='word_1_92' title='bbox 1139 1495 1238 1558; x_wconf 79' lang='lat' dir='ltr'>multis</span> 
     </span>
     <span class='ocr_line' id='line_1_13' title="bbox 144 1579 1234 1669; baseline -0.008 -20"><span class='ocrx_word' id='word_1_93' title='bbox 144 1583 272 1666; x_wconf 67' lang='lat' dir='ltr'>affictio</span> <span class='ocrx_word' id='word_1_94' title='bbox 291 1583 482 1647; x_wconf 66' lang='lat' dir='ltr'>verberabant</span> <span class='ocrx_word' id='word_1_95' title='bbox 514 1585 600 1669; x_wconf 91' lang='lat' dir='ltr'>quod</span> <span class='ocrx_word' id='word_1_96' title='bbox 624 1595 656 1647; x_wconf 92' lang='lat' dir='ltr'>et</span> <span class='ocrx_word' id='word_1_97' title='bbox 676 1583 712 1646; x_wconf 87' lang='lat' dir='ltr'>P.</span> <span class='ocrx_word' id='word_1_98' title='bbox 737 1588 826 1647; x_wconf 85' lang='lat' dir='ltr'>Goar</span> <span class='ocrx_word' id='word_1_99' title='bbox 855 1585 938 1646; x_wconf 83' lang='lat' dir='ltr'>forta</span> <span class='ocrx_word' id='word_1_100' title='bbox 961 1583 1093 1646; x_wconf 81' lang='lat' dir='ltr'>reddere</span> <span class='ocrx_word' id='word_1_101' title='bbox 1123 1579 1234 1658; x_wconf 81' lang='lat' dir='ltr'>voluit,</span> 
     </span>
     <span class='ocr_line' id='line_1_14' title="bbox 130 1663 1002 1747; baseline -0.003 -16"><span class='ocrx_word' id='word_1_102' title='bbox 130 1663 284 1732; x_wconf 77' lang='grc' dir='ltr'><strong><em>ἰσιιειιειιε</em></strong></span> <span class='ocrx_word' id='word_1_103' title='bbox 304 1667 494 1744; x_wconf 62' lang='lat' dir='ltr'>aerbertum</span> <span class='ocrx_word' id='word_1_104' title='bbox 516 1689 579 1731; x_wconf 87' lang='lat' dir='ltr'>non</span> <span class='ocrx_word' id='word_1_105' title='bbox 602 1667 732 1747; x_wconf 89' lang='lat' dir='ltr'>iniuriis,</span> <span class='ocrx_word' id='word_1_106' title='bbox 754 1678 791 1731; x_wconf 92' lang='lat' dir='ltr'>ut</span> <span class='ocrx_word' id='word_1_107' title='bbox 811 1665 929 1732; x_wconf 89' lang='lat' dir='ltr'>editum</span> <span class='ocrx_word' id='word_1_108' title='bbox 948 1678 1002 1730; x_wconf 88' lang='lat' dir='ltr'>est.</span> 
     </span>
    </p>
   </div>
   <div class='ocr_carea' id='block_1_6' title="bbox 140 1767 1277 2611">
    <p class='ocr_par' dir='ltr' id='par_1_6' title="bbox 140 1767 1277 2611">
     <span class='ocr_line' id='line_1_15' title="bbox 228 1767 1237 1858; baseline 0.003 -23"><span class='ocrx_word' id='word_1_109' title='bbox 228 1773 314 1844; x_wconf 69' lang='lat' dir='ltr'>laid.</span> <span class='ocrx_word' id='word_1_110' title='bbox 338 1771 386 1836; x_wconf 81' lang='lat'>13.</span> <span class='ocrx_word' id='word_1_111' title='bbox 429 1773 488 1835; x_wconf 77' lang='grc' dir='ltr'>τοῦ</span> <span class='ocrx_word' id='word_1_112' title='bbox 506 1774 661 1854; x_wconf 75' lang='grc' dir='ltr'><strong><em>βασιλέως</em></strong></span> <span class='ocrx_word' id='word_1_113' title='bbox 684 1767 865 1858; x_wconf 71' lang='grc' dir='ltr'><strong><em>Ῥιομαώνν]</em></strong></span> <span class='ocrx_word' id='word_1_114' title='bbox 887 1773 979 1838; x_wconf 88' lang='lat' dir='ltr'>Barb.</span> <span class='ocrx_word' id='word_1_115' title='bbox 1001 1781 1060 1837; x_wconf 88' lang='lat' dir='ltr'>etc.</span> <span class='ocrx_word' id='word_1_116' title='bbox 1083 1773 1237 1854; x_wconf 74' lang='grc' dir='ltr'><strong><em>Συμεῶνα</em></strong></span> 
     </span>
     <span class='ocr_line' id='line_1_16' title="bbox 143 1853 1237 1956; baseline 0.001 -36"><span class='ocrx_word' id='word_1_117' title='bbox 143 1853 389 1938; x_wconf 74' lang='grc' dir='ltr'><strong><em>σ’ρχιεπισκοιιον</em></strong></span> <span class='ocrx_word' id='word_1_118' title='bbox 407 1855 654 1942; x_wconf 74' lang='grc' dir='ltr'>Κτησιφῶντος,</span> <span class='ocrx_word' id='word_1_119' title='bbox 674 1857 730 1920; x_wconf 79' lang='grc' dir='ltr'><strong><em>καί</em></strong></span> <span class='ocrx_word' id='word_1_120' title='bbox 750 1853 806 1919; x_wconf 86' lang='grc' dir='ltr'><strong><em>εὸν</em></strong></span> <span class='ocrx_word' id='word_1_121' title='bbox 827 1858 1006 1933; x_wconf 69' lang='grc' dir='ltr'><strong><em>Σελεοκιας]</em></strong></span> <span class='ocrx_word' id='word_1_122' title='bbox 1031 1860 1237 1956; x_wconf 72' lang='lat' dir='ltr'>arehiepisco-</span> 
     </span>
     <span class='ocr_line' id='line_1_17' title="bbox 140 1939 1277 2027; baseline 0.001 -25"><span class='ocrx_word' id='word_1_123' title='bbox 140 1964 216 2026; x_wconf 83' lang='lat' dir='ltr'>pum</span> <span class='ocrx_word' id='word_1_124' title='bbox 242 1941 437 2024; x_wconf 75' lang='lat' dir='ltr'>Ctesiphontis</span> <span class='ocrx_word' id='word_1_125' title='bbox 455 1939 647 2020; x_wconf 76' lang='lat' dir='ltr'>Symeonem‚</span> <span class='ocrx_word' id='word_1_126' title='bbox 676 1955 706 2002; x_wconf 86' lang='lat' dir='ltr'>ct</span> <span class='ocrx_word' id='word_1_127' title='bbox 724 1941 876 2004; x_wconf 80' lang='lat' dir='ltr'><em>Seleuciae</em></span> <span class='ocrx_word' id='word_1_128' title='bbox 899 1943 1077 2027; x_wconf 82' lang='lat' dir='ltr'>episcopum.</span> <span class='ocrx_word' id='word_1_129' title='bbox 1118 1964 1163 2004; x_wconf 84' lang='lat' dir='ltr'>sse</span> <span class='ocrx_word' id='word_1_130' title='bbox 1186 1944 1238 2003; x_wconf 90' lang='lat' dir='ltr'>in·</span> <span class='ocrx_word' id='word_1_131' title='bbox 1274 2009 1277 2018; x_wconf 57' lang='grc'><strong>,</strong></span> 
     </span>
     <span class='ocr_line' id='line_1_18' title="bbox 145 2023 1236 2108; baseline -0.001 -22"><span class='ocrx_word' id='word_1_132' title='bbox 145 2026 193 2086; x_wconf 82' lang='lat' dir='ltr'>lra</span> <span class='ocrx_word' id='word_1_133' title='bbox 215 2023 303 2085; x_wconf 89' lang='lat' dir='ltr'>unius</span> <span class='ocrx_word' id='word_1_134' title='bbox 320 2023 546 2107; x_wconf 88' lang='lat' dir='ltr'>archiepiscopi</span> <span class='ocrx_word' id='word_1_135' title='bbox 562 2025 722 2108; x_wconf 82' lang='lat' dir='ltr'>Symeouis</span> <span class='ocrx_word' id='word_1_136' title='bbox 735 2025 888 2100; x_wconf 77' lang='lat' dir='ltr'><strong>meminit,</strong></span> <span class='ocrx_word' id='word_1_137' title='bbox 909 2025 1049 2107; x_wconf 88' lang='lat' dir='ltr'>plurium</span> <span class='ocrx_word' id='word_1_138' title='bbox 1071 2025 1236 2108; x_wconf 89' lang='lat' dir='ltr'>episcopo-</span> 
     </span>
     <span class='ocr_line' id='line_1_19' title="bbox 143 2107 1237 2190; baseline 0 -20"><span class='ocrx_word' id='word_1_139' title='bbox 143 2129 235 2184; x_wconf 87' lang='lat' dir='ltr'>rum,</span> <span class='ocrx_word' id='word_1_140' title='bbox 260 2108 291 2169; x_wconf 88' lang='lat' dir='ltr'>in</span> <span class='ocrx_word' id='word_1_141' title='bbox 314 2108 425 2190; x_wconf 85' lang='lat' dir='ltr'>quibus</span> <span class='ocrx_word' id='word_1_142' title='bbox 446 2117 480 2170; x_wconf 89' lang='lat' dir='ltr'>et</span> <span class='ocrx_word' id='word_1_143' title='bbox 502 2109 567 2190; x_wconf 89' lang='lat' dir='ltr'>ipse</span> <span class='ocrx_word' id='word_1_144' title='bbox 587 2107 746 2171; x_wconf 79' lang='lat' dir='ltr'>Seleuciae</span> <span class='ocrx_word' id='word_1_145' title='bbox 778 2109 941 2190; x_wconf 90' lang='lat' dir='ltr'>episcopus</span> <span class='ocrx_word' id='word_1_146' title='bbox 965 2107 1072 2173; x_wconf 86' lang='lat' dir='ltr'>suerit.</span> <span class='ocrx_word' id='word_1_147' title='bbox 1115 2131 1173 2172; x_wconf 88' lang='lat' dir='ltr'>uec</span> <span class='ocrx_word' id='word_1_148' title='bbox 1194 2108 1237 2170; x_wconf 88' lang='lat' dir='ltr'>ita</span> 
     </span>
     <span class='ocr_line' id='line_1_20' title="bbox 140 2191 1237 2275; baseline 0.002 -25"><span class='ocrx_word' id='word_1_149' title='bbox 140 2192 251 2274; x_wconf 86' lang='lat' dir='ltr'>passim</span> <span class='ocrx_word' id='word_1_150' title='bbox 286 2191 338 2252; x_wconf 89' lang='lat' dir='ltr'>illa</span> <span class='ocrx_word' id='word_1_151' title='bbox 372 2199 473 2253; x_wconf 86' lang='lat' dir='ltr'>aetate</span> <span class='ocrx_word' id='word_1_152' title='bbox 494 2191 650 2275; x_wconf 70' lang='lat' dir='ltr'>quibusvis</span> <span class='ocrx_word' id='word_1_153' title='bbox 679 2192 890 2272; x_wconf 73' lang='lat' dir='ltr'>metropolitis</span> <span class='ocrx_word' id='word_1_154' title='bbox 920 2191 1049 2255; x_wconf 88' lang='lat' dir='ltr'>cedebat</span> <span class='ocrx_word' id='word_1_155' title='bbox 1078 2192 1237 2274; x_wconf 84' lang='lat' dir='ltr'>archicpi-</span> 
     </span>
     <span class='ocr_line' id='line_1_21' title="bbox 142 2273 1237 2359; baseline -0.004 -23"><span class='ocrx_word' id='word_1_156' title='bbox 142 2274 230 2356; x_wconf 87' lang='lat' dir='ltr'>scopi</span> <span class='ocrx_word' id='word_1_157' title='bbox 247 2294 371 2354; x_wconf 86' lang='lat' dir='ltr'>nomen,</span> <span class='ocrx_word' id='word_1_158' title='bbox 390 2274 444 2336; x_wconf 92' lang='lat' dir='ltr'>sed</span> <span class='ocrx_word' id='word_1_159' title='bbox 458 2273 505 2335; x_wconf 83' lang='lat' dir='ltr'>vel</span> <span class='ocrx_word' id='word_1_160' title='bbox 515 2273 702 2356; x_wconf 86' lang='lat' dir='ltr'>patriarchis</span> <span class='ocrx_word' id='word_1_161' title='bbox 723 2274 882 2351; x_wconf 78' lang='lat' dir='ltr'>duntaxat,</span> <span class='ocrx_word' id='word_1_162' title='bbox 903 2277 952 2338; x_wconf 84' lang='lat' dir='ltr'>vel</span> <span class='ocrx_word' id='word_1_163' title='bbox 971 2275 1150 2359; x_wconf 77' lang='lat' dir='ltr'>praecipuis</span> <span class='ocrx_word' id='word_1_164' title='bbox 1170 2275 1237 2358; x_wconf 89' lang='lat' dir='ltr'>pri.</span> 
     </span>
     <span class='ocr_line' id='line_1_22' title="bbox 141 2356 1237 2455; baseline 0.001 -35"><span class='ocrx_word' id='word_1_165' title='bbox 141 2357 294 2434; x_wconf 81' lang='lat' dir='ltr'>malibus,</span> <span class='ocrx_word' id='word_1_166' title='bbox 324 2378 360 2418; x_wconf 88' lang='lat' dir='ltr'>ac</span> <span class='ocrx_word' id='word_1_167' title='bbox 390 2356 445 2441; x_wconf 89' lang='lat' dir='ltr'>qui</span> <span class='ocrx_word' id='word_1_168' title='bbox 476 2358 573 2455; x_wconf 70' lang='lat' dir='ltr'>pectis</span> <span class='ocrx_word' id='word_1_169' title='bbox 603 2359 741 2442; x_wconf 77' lang='lat' dir='ltr'>integrae</span> <span class='ocrx_word' id='word_1_170' title='bbox 763 2366 860 2440; x_wconf 89' lang='lat' dir='ltr'>caput</span> <span class='ocrx_word' id='word_1_171' title='bbox 881 2365 992 2440; x_wconf 85' lang='lat' dir='ltr'>erant,</span> <span class='ocrx_word' id='word_1_172' title='bbox 1015 2369 1047 2422; x_wconf 88' lang='lat' dir='ltr'>et</span> <span class='ocrx_word' id='word_1_173' title='bbox 1070 2359 1128 2442; x_wconf 91' lang='lat' dir='ltr'>ipsi</span> <span class='ocrx_word' id='word_1_174' title='bbox 1152 2360 1237 2421; x_wconf 84' lang='lat' dir='ltr'>velut</span> 
     </span>
     <span class='ocr_line' id='line_1_23' title="bbox 141 2439 1236 2525; baseline 0.002 -22"><span class='ocrx_word' id='word_1_175' title='bbox 141 2440 359 2525; x_wconf 82' lang='lat' dir='ltr'>patriarchae,</span> <span class='ocrx_word' id='word_1_176' title='bbox 393 2440 534 2503; x_wconf 88' lang='lat' dir='ltr'>uuunsbil</span> <span class='ocrx_word' id='word_1_177' title='bbox 555 2451 657 2503; x_wconf 88' lang='lat' dir='ltr'>tamen</span> <span class='ocrx_word' id='word_1_178' title='bbox 684 2439 849 2505; x_wconf 82' lang='lat' dir='ltr'>inferiores</span> <span class='ocrx_word' id='word_1_179' title='bbox 870 2442 994 2521; x_wconf 79' lang='lat' dir='ltr'>summis</span> <span class='ocrx_word' id='word_1_180' title='bbox 1017 2441 1127 2522; x_wconf 86' lang='lat' dir='ltr'>tribus,</span> <span class='ocrx_word' id='word_1_181' title='bbox 1150 2452 1236 2505; x_wconf 85' lang='lat' dir='ltr'>tum-</span> 
     </span>
     <span class='ocr_line' id='line_1_24' title="bbox 144 2522 823 2611; baseline -0.001 -22"><span class='ocrx_word' id='word_1_182' title='bbox 144 2548 206 2611; x_wconf 89' lang='lat' dir='ltr'>que</span> <span class='ocrx_word' id='word_1_183' title='bbox 226 2534 388 2609; x_wconf 86' lang='lat' dir='ltr'>quattuor,</span> <span class='ocrx_word' id='word_1_184' title='bbox 409 2546 446 2586; x_wconf 89' lang='lat' dir='ltr'>ac</span> <span class='ocrx_word' id='word_1_185' title='bbox 467 2526 607 2609; x_wconf 87' lang='lat' dir='ltr'>quinque</span> <span class='ocrx_word' id='word_1_186' title='bbox 626 2522 823 2608; x_wconf 82' lang='lat' dir='ltr'>patriarchis.</span> 
     </span>
    </p>
   </div>
   <div class='ocr_carea' id='block_1_7' title="bbox 221 2626 1133 2825">
    <p class='ocr_par' dir='ltr' id='par_1_7' title="bbox 221 2626 1133 2825">
     <span class='ocr_line' id='line_1_25' title="bbox 224 2626 783 2718; baseline -0.005 -21"><span class='ocrx_word' id='word_1_187' title='bbox 224 2632 277 2711; x_wconf 77' lang='lat'>37,</span> <span class='ocrx_word' id='word_1_188' title='bbox 303 2632 331 2694; x_wconf 91' lang='grc'>1.</span> <span class='ocrx_word' id='word_1_189' title='bbox 373 2632 429 2695; x_wconf 77' lang='grc' dir='ltr'><strong><em>καί</em></strong></span> <span class='ocrx_word' id='word_1_190' title='bbox 446 2632 552 2707; x_wconf 72' lang='grc' dir='ltr'><strong><em>ξέναις</em></strong></span> <span class='ocrx_word' id='word_1_191' title='bbox 572 2632 626 2711; x_wconf 74' lang='grc' dir='ltr'>τῆς</span> <span class='ocrx_word' id='word_1_192' title='bbox 645 2626 783 2718; x_wconf 69' lang='grc' dir='ltr'>φύσεως.</span> 
     </span>
     <span class='ocr_line' id='line_1_26' title="bbox 221 2734 1133 2825; baseline -0.002 -22"><span class='ocrx_word' id='word_1_193' title='bbox 221 2740 275 2825; x_wconf 82' lang='grc'>38,</span> <span class='ocrx_word' id='word_1_194' title='bbox 295 2741 326 2803; x_wconf 87' lang='grc'>7.</span> <span class='ocrx_word' id='word_1_195' title='bbox 368 2734 463 2804; x_wconf 75' lang='grc' dir='ltr'><strong><em>ἔλασε</em></strong></span> <span class='ocrx_word' id='word_1_196' title='bbox 484 2734 521 2803; x_wconf 79' lang='grc' dir='ltr'>τό</span> <span class='ocrx_word' id='word_1_197' title='bbox 547 2736 748 2824; x_wconf 77' lang='grc' dir='ltr'><strong><em>ζητούμενον]</em></strong></span> <span class='ocrx_word' id='word_1_198' title='bbox 772 2740 851 2805; x_wconf 88' lang='lat' dir='ltr'>male</span> <span class='ocrx_word' id='word_1_199' title='bbox 873 2739 990 2804; x_wconf 86' lang='lat' dir='ltr'>editum</span> <span class='ocrx_word' id='word_1_200' title='bbox 1011 2734 1133 2803; x_wconf 75' lang='grc' dir='ltr'><strong><em>ἓλνοσε.</em></strong></span> 
     </span>
    </p>
   </div>
   <div class='ocr_carea' id='block_1_8' title="bbox 125 2839 1239 3183">
    <p class='ocr_par' dir='ltr' id='par_1_8' title="bbox 125 2839 1239 3183">
     <span class='ocr_line' id='line_1_27' title="bbox 222 2839 1239 2933; baseline 0.001 -25"><span class='ocrx_word' id='word_1_201' title='bbox 222 2846 273 2924; x_wconf 78' lang='lat'>39,</span> <span class='ocrx_word' id='word_1_202' title='bbox 290 2847 323 2909; x_wconf 87' lang='grc'>8.</span> <span class='ocrx_word' id='word_1_203' title='bbox 365 2841 456 2910; x_wconf 78' lang='grc' dir='ltr'><strong><em>ἔσται</em></strong></span> <span class='ocrx_word' id='word_1_204' title='bbox 475 2844 512 2912; x_wconf 70' lang='lat' dir='ltr'>so*</span> <span class='ocrx_word' id='word_1_205' title='bbox 531 2846 586 2911; x_wconf 77' lang='grc' dir='ltr'>εἰεί</span> <span class='ocrx_word' id='word_1_206' title='bbox 606 2848 741 2928; x_wconf 76' lang='grc' dir='ltr'><strong><em>χαλινοῦ</em></strong></span> <span class='ocrx_word' id='word_1_207' title='bbox 760 2848 818 2911; x_wconf 81' lang='grc' dir='ltr'>τοῦ</span> <span class='ocrx_word' id='word_1_208' title='bbox 838 2848 935 2910; x_wconf 77' lang='lat' dir='ltr'>innoc</span> <span class='ocrx_word' id='word_1_209' title='bbox 953 2839 1054 2928; x_wconf 73' lang='grc' dir='ltr'><strong><em>ἅγιον]</em></strong></span> <span class='ocrx_word' id='word_1_210' title='bbox 1078 2848 1137 2910; x_wconf 81' lang='lat' dir='ltr'>erit</span> <span class='ocrx_word' id='word_1_211' title='bbox 1155 2848 1239 2933; x_wconf 80' lang='lat' dir='ltr'>qssod</span> 
     </span>
     <span class='ocr_line' id='line_1_28' title="bbox 142 2930 1239 3018; baseline -0.004 -23"><span class='ocrx_word' id='word_1_212' title='bbox 142 2948 186 2995; x_wconf 84' lang='lat' dir='ltr'>cst</span> <span class='ocrx_word' id='word_1_213' title='bbox 207 2935 240 2993; x_wconf 85' lang='grc' dir='ltr'>ιἰι</span> <span class='ocrx_word' id='word_1_214' title='bbox 260 2935 467 3016; x_wconf 81' lang='lat' dir='ltr'>equisraeno,</span> <span class='ocrx_word' id='word_1_215' title='bbox 489 2947 621 2994; x_wconf 82' lang='lat' dir='ltr'>sanctum</span> <span class='ocrx_word' id='word_1_216' title='bbox 643 2934 785 2994; x_wconf 79' lang='lat' dir='ltr'>dominos</span> <span class='ocrx_word' id='word_1_217' title='bbox 807 2932 871 2997; x_wconf 75' lang='lat' dir='ltr'>sive</span> <span class='ocrx_word' id='word_1_218' title='bbox 892 2942 927 2993; x_wconf 91' lang='lat' dir='ltr'>ut</span> <span class='ocrx_word' id='word_1_219' title='bbox 940 2934 1029 3015; x_wconf 86' lang='lat' dir='ltr'>Xyst.</span> <span class='ocrx_word' id='word_1_220' title='bbox 1050 2930 1135 3018; x_wconf 82' lang='lat' dir='ltr'>quod</span> <span class='ocrx_word' id='word_1_221' title='bbox 1149 2952 1239 3017; x_wconf 81' lang='lat' dir='ltr'>super</span> 
     </span>
     <span class='ocr_line' id='line_1_29' title="bbox 125 3013 1236 3101; baseline 0.004 -25"><span class='ocrx_word' id='word_1_222' title='bbox 125 3018 277 3095; x_wconf 70' lang='lat' dir='ltr'>flaccum</span> <span class='ocrx_word' id='word_1_223' title='bbox 298 3017 369 3096; x_wconf 83' lang='lat' dir='ltr'>equi</span> <span class='ocrx_word' id='word_1_224' title='bbox 387 3030 438 3076; x_wconf 84' lang='lat' dir='ltr'>cst.</span> <span class='ocrx_word' id='word_1_225' title='bbox 495 3013 580 3077; x_wconf 91' lang='lat' dir='ltr'>locus</span> <span class='ocrx_word' id='word_1_226' title='bbox 600 3026 646 3077; x_wconf 89' lang='lat' dir='ltr'>est</span> <span class='ocrx_word' id='word_1_227' title='bbox 665 3014 795 3079; x_wconf 87' lang='lat' dir='ltr'>Zachar.</span> <span class='ocrx_word' id='word_1_228' title='bbox 820 3015 859 3078; x_wconf 80' lang='lat'>14</span> <span class='ocrx_word' id='word_1_229' title='bbox 881 3018 963 3079; x_wconf 83' lang='lat' dir='ltr'>iuxta</span> <span class='ocrx_word' id='word_1_230' title='bbox 985 3014 1036 3096; x_wconf 89' lang='lat'>70,</span> <span class='ocrx_word' id='word_1_231' title='bbox 1057 3036 1135 3101; x_wconf 86' lang='lat' dir='ltr'>quos</span> <span class='ocrx_word' id='word_1_232' title='bbox 1158 3016 1236 3080; x_wconf 83' lang='lat' dir='ltr'>Ilie-</span> 
     </span>
     <span class='ocr_line' id='line_1_30' title="bbox 141 3098 668 3183; baseline -0.004 -22"><span class='ocrx_word' id='word_1_233' title='bbox 141 3120 290 3183; x_wconf 60' lang='lat' dir='ltr'>ronpuus</span> <span class='ocrx_word' id='word_1_234' title='bbox 310 3120 348 3160; x_wconf 88' lang='lat' dir='ltr'>eo</span> <span class='ocrx_word' id='word_1_235' title='bbox 370 3098 442 3160; x_wconf 91' lang='lat' dir='ltr'>loco</span> <span class='ocrx_word' id='word_1_236' title='bbox 466 3108 590 3161; x_wconf 88' lang='lat' dir='ltr'>secutus</span> <span class='ocrx_word' id='word_1_237' title='bbox 613 3108 668 3161; x_wconf 87' lang='lat' dir='ltr'>est.</span> 
     </span>
    </p>
   </div>
   <div class='ocr_carea' id='block_1_9' title="bbox 225 3200 1126 3289">
    <p class='ocr_par' dir='ltr' id='par_1_9' title="bbox 225 3200 1126 3289">
     <span class='ocr_line' id='line_1_31' title="bbox 225 3200 1126 3289; baseline 0.003 -21"><span class='ocrx_word' id='word_1_238' title='bbox 225 3205 278 3285; x_wconf 76' lang='lat'>41,</span> <span class='ocrx_word' id='word_1_239' title='bbox 300 3206 331 3268; x_wconf 74' lang='lat'>2.</span> <span class='ocrx_word' id='word_1_240' title='bbox 373 3200 539 3285; x_wconf 78' lang='grc' dir='ltr'><strong><em>ὅμῶνομον</em></strong></span> <span class='ocrx_word' id='word_1_241' title='bbox 559 3206 598 3289; x_wconf 74' lang='grc' dir='ltr'>τῇ</span> <span class='ocrx_word' id='word_1_242' title='bbox 616 3207 732 3288; x_wconf 72' lang='grc' dir='ltr'><strong><em>μητρί]</em></strong></span> <span class='ocrx_word' id='word_1_243' title='bbox 757 3216 792 3270; x_wconf 92' lang='lat' dir='ltr'>ut</span> <span class='ocrx_word' id='word_1_244' title='bbox 814 3226 920 3269; x_wconf 90' lang='lat' dir='ltr'>omnes</span> <span class='ocrx_word' id='word_1_245' title='bbox 943 3204 1034 3270; x_wconf 87' lang='lat' dir='ltr'>codd.</span> <span class='ocrx_word' id='word_1_246' title='bbox 1058 3227 1126 3271; x_wconf 86' lang='lat' dir='ltr'>mss.</span> 
     </span>
    </p>
   </div>
   <div class='ocr_carea' id='block_1_10' title="bbox 134 3302 1236 3815">
    <p class='ocr_par' dir='ltr' id='par_1_10' title="bbox 134 3302 1236 3566">
     <span class='ocr_line' id='line_1_32' title="bbox 221 3302 1236 3395; baseline 0.002 -20"><span class='ocrx_word' id='word_1_247' title='bbox 221 3315 301 3376; x_wconf 83' lang='lat' dir='ltr'>Ibs&#39;d.</span> <span class='ocrx_word' id='word_1_248' title='bbox 327 3314 374 3376; x_wconf 88' lang='grc'>11.</span> <span class='ocrx_word' id='word_1_249' title='bbox 414 3315 490 3393; x_wconf 74' lang='grc' dir='ltr'>μεθ’</span> <span class='ocrx_word' id='word_1_250' title='bbox 508 3302 554 3375; x_wconf 83' lang='grc' dir='ltr'><strong><em>ῶν</em></strong></span> <span class='ocrx_word' id='word_1_251' title='bbox 585 3316 641 3376; x_wconf 81' lang='grc' dir='ltr'><strong><em>καί</em></strong></span> <span class='ocrx_word' id='word_1_252' title='bbox 660 3312 713 3377; x_wconf 85' lang='grc' dir='ltr'><strong><em>εόν</em></strong></span> <span class='ocrx_word' id='word_1_253' title='bbox 740 3315 875 3395; x_wconf 80' lang='grc' dir='ltr'><strong><em>βασιλέα</em></strong></span> <span class='ocrx_word' id='word_1_254' title='bbox 903 3310 1026 3391; x_wconf 70' lang='grc' dir='ltr'><strong><em>πείσας]</em></strong></span> <span class='ocrx_word' id='word_1_255' title='bbox 1058 3315 1141 3378; x_wconf 86' lang='lat' dir='ltr'>clare</span> <span class='ocrx_word' id='word_1_256' title='bbox 1160 3314 1236 3377; x_wconf 86' lang='lat' dir='ltr'>lsaee</span> 
     </span>
     <span class='ocr_line' id='line_1_33' title="bbox 140 3398 1236 3483; baseline 0.001 -22"><span class='ocrx_word' id='word_1_257' title='bbox 140 3400 326 3475; x_wconf 78' lang='lat' dir='ltr'>Anastasius,</span> <span class='ocrx_word' id='word_1_258' title='bbox 346 3420 413 3459; x_wconf 85' lang='grc' dir='ltr'><strong><em>σιιιιι</em></strong></span> <span class='ocrx_word' id='word_1_259' title='bbox 432 3398 538 3481; x_wconf 82' lang='lat' dir='ltr'>qssibus</span> <span class='ocrx_word' id='word_1_260' title='bbox 557 3414 587 3460; x_wconf 84' lang='lat' dir='ltr'>et</span> <span class='ocrx_word' id='word_1_261' title='bbox 604 3400 782 3481; x_wconf 72' lang='lat' dir='ltr'>imperatori</span> <span class='ocrx_word' id='word_1_262' title='bbox 799 3400 1071 3483; x_wconf 80' lang='lat' dir='ltr'>perssmdenslsunc</span> <span class='ocrx_word' id='word_1_263' title='bbox 1091 3402 1164 3462; x_wconf 84' lang='lat' dir='ltr'>iuste</span> <span class='ocrx_word' id='word_1_264' title='bbox 1183 3400 1236 3461; x_wconf 81' lang='lat' dir='ltr'>‹le-</span> 
     </span>
     <span class='ocr_line' id='line_1_34' title="bbox 134 3480 1234 3566; baseline -0.001 -23"><span class='ocrx_word' id='word_1_265' title='bbox 134 3484 279 3566; x_wconf 79' lang='lat' dir='ltr'>positum,</span> <span class='ocrx_word' id='word_1_266' title='bbox 300 3484 362 3561; x_wconf 78' lang='lat' dir='ltr'>egit</span> <span class='ocrx_word' id='word_1_267' title='bbox 381 3496 414 3542; x_wconf 89' lang='lat' dir='ltr'>ut</span> <span class='ocrx_word' id='word_1_268' title='bbox 433 3481 520 3562; x_wconf 84' lang='lat' dir='ltr'>apud</span> <span class='ocrx_word' id='word_1_269' title='bbox 538 3480 703 3563; x_wconf 65' lang='lat' dir='ltr'>Ilh‘rs&#39;eum</span> <span class='ocrx_word' id='word_1_270' title='bbox 722 3485 757 3544; x_wconf 89' lang='grc' dir='ltr'>ἰιε</span> <span class='ocrx_word' id='word_1_271' title='bbox 777 3484 904 3545; x_wconf 76' lang='lat' dir='ltr'>exilium</span> <span class='ocrx_word' id='word_1_272' title='bbox 925 3484 1112 3560; x_wconf 57' lang='lat' dir='ltr'>mittentem·</span> <span class='ocrx_word' id='word_1_273' title='bbox 1137 3483 1234 3545; x_wconf 85' lang='lat' dir='ltr'>adeo-</span> 
     </span>
    </p>

    <p class='ocr_par' dir='ltr' id='par_1_11' title="bbox 138 3566 1235 3815">
     <span class='ocr_line' id='line_1_35' title="bbox 164 3566 1235 3629; baseline 0 -3"><span class='ocrx_word' id='word_1_274' title='bbox 164 3587 203 3627; x_wconf 86' lang='lat' dir='ltr'>uo</span> <span class='ocrx_word' id='word_1_275' title='bbox 222 3585 285 3625; x_wconf 91' lang='lat' dir='ltr'>uon</span> <span class='ocrx_word' id='word_1_276' title='bbox 317 3567 443 3627; x_wconf 87' lang='lat' dir='ltr'>fuerant</span> <span class='ocrx_word' id='word_1_277' title='bbox 473 3583 554 3627; x_wconf 81' lang='lat' dir='ltr'>nova</span> <span class='ocrx_word' id='word_1_278' title='bbox 586 3566 781 3629; x_wconf 86' lang='lat' dir='ltr'>obscuranda</span> <span class='ocrx_word' id='word_1_279' title='bbox 804 3568 957 3627; x_wconf 82' lang='lat' dir='ltr'>versione.</span> <span class='ocrx_word' id='word_1_280' title='bbox 1010 3566 1089 3629; x_wconf 88' lang='lat' dir='ltr'>banc</span> <span class='ocrx_word' id='word_1_281' title='bbox 1113 3566 1152 3628; x_wconf 89' lang='lat' dir='ltr'>de</span> <span class='ocrx_word' id='word_1_282' title='bbox 1173 3566 1235 3627; x_wconf 83' lang='lat' dir='ltr'>fide</span> 
     </span>
     <span class='ocr_line' id='line_1_36' title="bbox 139 3588 1235 3730; baseline 0.002 -21"><span class='ocrx_word' id='word_1_283' title='bbox 139 3588 266 3710; x_wconf 53' lang='lat' dir='ltr'>{eschil</span> <span class='ocrx_word' id='word_1_284' title='bbox 296 3647 461 3730; x_wconf 82' lang='lat' dir='ltr'>implexam</span> <span class='ocrx_word' id='word_1_285' title='bbox 487 3649 558 3710; x_wconf 87' lang='lat' dir='ltr'>satis</span> <span class='ocrx_word' id='word_1_286' title='bbox 577 3648 789 3730; x_wconf 89' lang='lat' dir='ltr'>quaestionem</span> <span class='ocrx_word' id='word_1_287' title='bbox 820 3649 989 3712; x_wconf 79' lang='lat' dir='ltr'>illustrabit</span> <span class='ocrx_word' id='word_1_288' title='bbox 1009 3652 1040 3711; x_wconf 89' lang='lat' dir='ltr'>in</span> <span class='ocrx_word' id='word_1_289' title='bbox 1060 3670 1117 3712; x_wconf 91' lang='lat' dir='ltr'>suo</span> <span class='ocrx_word' id='word_1_290' title='bbox 1140 3650 1235 3713; x_wconf 87' lang='lat' dir='ltr'>Euse-</span> 
     </span>
     <span class='ocr_line' id='line_1_37' title="bbox 138 3732 1174 3815; baseline -0.001 -21"><span class='ocrx_word' id='word_1_291' title='bbox 138 3732 205 3814; x_wconf 86' lang='lat' dir='ltr'>bio,</span> <span class='ocrx_word' id='word_1_292' title='bbox 227 3752 321 3815; x_wconf 88' lang='lat' dir='ltr'>quem</span> <span class='ocrx_word' id='word_1_293' title='bbox 343 3732 398 3795; x_wconf 87' lang='lat' dir='ltr'>diu</span> <span class='ocrx_word' id='word_1_294' title='bbox 417 3740 628 3813; x_wconf 85' lang='lat' dir='ltr'>expectamus,</span> <span class='ocrx_word' id='word_1_295' title='bbox 649 3732 699 3793; x_wconf 83' lang='lat' dir='ltr'>sir</span> <span class='ocrx_word' id='word_1_296' title='bbox 720 3732 830 3796; x_wconf 87' lang='lat' dir='ltr'>doetus</span> <span class='ocrx_word' id='word_1_297' title='bbox 853 3734 1006 3797; x_wconf 83' lang='lat' dir='ltr'>lleuricus</span> <span class='ocrx_word' id='word_1_298' title='bbox 1027 3732 1174 3797; x_wconf 83' lang='lat' dir='ltr'>Valesius.</span> 
     </span>
    </p>
   </div>
   <div class='ocr_carea' id='block_1_11' title="bbox 232 3833 938 3921">
    <p class='ocr_par' dir='ltr' id='par_1_12' title="bbox 232 3833 938 3921">
     <span class='ocr_line' id='line_1_38' title="bbox 232 3833 938 3921; baseline 0.006 -23"><span class='ocrx_word' id='word_1_299' title='bbox 232 3836 285 3916; x_wconf 73' lang='lat'>49,</span> <span class='ocrx_word' id='word_1_300' title='bbox 303 3834 334 3901; x_wconf 81' lang='grc'>4.</span> <span class='ocrx_word' id='word_1_301' title='bbox 356 3833 415 3921; x_wconf 68' lang='grc' dir='ltr'><strong><em>τὴν</em></strong></span> <span class='ocrx_word' id='word_1_302' title='bbox 434 3833 535 3921; x_wconf 80' lang='grc' dir='ltr'><strong><em>πόλιν,</em></strong></span> <span class='ocrx_word' id='word_1_303' title='bbox 556 3837 612 3901; x_wconf 71' lang='grc' dir='ltr'>ἕπε’</span> <span class='ocrx_word' id='word_1_304' title='bbox 628 3836 663 3902; x_wconf 86' lang='lat' dir='ltr'>ssi</span> <span class='ocrx_word' id='word_1_305' title='bbox 687 3835 814 3903; x_wconf 77' lang='grc' dir='ltr'><strong><em>δοεικὸν</em></strong></span> <span class='ocrx_word' id='word_1_306' title='bbox 832 3840 938 3920; x_wconf 79' lang='grc' dir='ltr'>μέρος.</span> 
     </span>
    </p>
   </div>
   <div class='ocr_carea' id='block_1_12' title="bbox 136 3942 1235 4283">
    <p class='ocr_par' dir='ltr' id='par_1_13' title="bbox 136 3942 1235 4283">
     <span class='ocr_line' id='line_1_39' title="bbox 223 3942 1234 4027; baseline 0 -22"><span class='ocrx_word' id='word_1_307' title='bbox 223 3942 305 4006; x_wconf 79' lang='lat' dir='ltr'>laid.</span> <span class='ocrx_word' id='word_1_308' title='bbox 329 3942 378 4008; x_wconf 84' lang='lat'>19.</span> <span class='ocrx_word' id='word_1_309' title='bbox 428 3945 484 4009; x_wconf 74' lang='grc' dir='ltr'>ἐπὶ</span> <span class='ocrx_word' id='word_1_310' title='bbox 501 3946 558 4027; x_wconf 79' lang='grc' dir='ltr'>τῆς</span> <span class='ocrx_word' id='word_1_311' title='bbox 576 3942 687 4027; x_wconf 78' lang='grc' dir='ltr'><strong><em>χώρας</em></strong></span> <span class='ocrx_word' id='word_1_312' title='bbox 705 3942 923 4027; x_wconf 70' lang='grc' dir='ltr'><strong><em>Ἀντιοχειας,</em></strong></span> <span class='ocrx_word' id='word_1_313' title='bbox 945 3946 1000 4009; x_wconf 76' lang='grc' dir='ltr'>καὶ</span> <span class='ocrx_word' id='word_1_314' title='bbox 1029 3944 1083 4027; x_wconf 76' lang='grc' dir='ltr'>τῆς</span> <span class='ocrx_word' id='word_1_315' title='bbox 1105 3942 1234 4027; x_wconf 75' lang='grc' dir='ltr'><strong><em>Κύρου]</em></strong></span> 
     </span>
     <span class='ocr_line' id='line_1_40' title="bbox 136 4026 1235 4114; baseline 0.004 -27"><span class='ocrx_word' id='word_1_316' title='bbox 136 4027 181 4088; x_wconf 90' lang='lat' dir='ltr'>sic</span> <span class='ocrx_word' id='word_1_317' title='bbox 199 4026 293 4090; x_wconf 77' lang='lat' dir='ltr'>Barb.</span> <span class='ocrx_word' id='word_1_318' title='bbox 322 4029 416 4114; x_wconf 86' lang='lat' dir='ltr'>Peyr.</span> <span class='ocrx_word' id='word_1_319' title='bbox 446 4029 466 4091; x_wconf 89' lang='lat' dir='ltr'>ii</span> <span class='ocrx_word' id='word_1_320' title='bbox 493 4026 630 4093; x_wconf 51' lang='lat' dir='ltr'>ue‘adeo</span> <span class='ocrx_word' id='word_1_321' title='bbox 660 4029 844 4113; x_wconf 88' lang='lat' dir='ltr'>quibuscum</span> <span class='ocrx_word' id='word_1_322' title='bbox 866 4030 907 4091; x_wconf 93' lang='lat' dir='ltr'>illi</span> <span class='ocrx_word' id='word_1_323' title='bbox 932 4030 1036 4091; x_wconf 87' lang='lat' dir='ltr'>collati</span> <span class='ocrx_word' id='word_1_324' title='bbox 1060 4040 1141 4107; x_wconf 88' lang='lat' dir='ltr'>sunt,</span> <span class='ocrx_word' id='word_1_325' title='bbox 1164 4052 1235 4092; x_wconf 84' lang='lat' dir='ltr'>cusu</span> 
     </span>
     <span class='ocr_line' id='line_1_41' title="bbox 137 4052 1233 4197; baseline 0.001 -25"><span class='ocrx_word' id='word_1_326' title='bbox 137 4109 222 4172; x_wconf 87' lang='lat' dir='ltr'>nulla</span> <span class='ocrx_word' id='word_1_327' title='bbox 243 4122 416 4193; x_wconf 77' lang='lat' dir='ltr'>annotetur</span> <span class='ocrx_word' id='word_1_328' title='bbox 437 4052 530 4176; x_wconf 50' lang='lat' dir='ltr'>collld.</span> <span class='ocrx_word' id='word_1_329' title='bbox 552 4113 696 4191; x_wconf 81' lang='lat' dir='ltr'>varietas,</span> <span class='ocrx_word' id='word_1_330' title='bbox 725 4116 759 4175; x_wconf 88' lang='grc' dir='ltr'>ιἰι</span> <span class='ocrx_word' id='word_1_331' title='bbox 779 4135 853 4197; x_wconf 82' lang='lat' dir='ltr'>agro</span> <span class='ocrx_word' id='word_1_332' title='bbox 875 4114 1067 4189; x_wconf 82' lang='lat' dir='ltr'>Anubelss&#39;ae,</span> <span class='ocrx_word' id='word_1_333' title='bbox 1087 4124 1116 4175; x_wconf 84' lang='lat' dir='ltr'>et</span> <span class='ocrx_word' id='word_1_334' title='bbox 1141 4114 1233 4193; x_wconf 60' lang='lat' dir='ltr'>tyri,-</span> 
     </span>
     <span class='ocr_line' id='line_1_42' title="bbox 142 4196 1233 4283; baseline 0 -28"><span class='ocrx_word' id='word_1_335' title='bbox 142 4216 223 4277; x_wconf 85' lang='lat' dir='ltr'>quae</span> <span class='ocrx_word' id='word_1_336' title='bbox 252 4203 284 4261; x_wconf 89' lang='lat' dir='ltr'>et</span> <span class='ocrx_word' id='word_1_337' title='bbox 310 4196 376 4279; x_wconf 87' lang='lat' dir='ltr'>ipsa</span> <span class='ocrx_word' id='word_1_338' title='bbox 398 4198 581 4281; x_wconf 87' lang='lat' dir='ltr'>metropolis</span> <span class='ocrx_word' id='word_1_339' title='bbox 604 4196 811 4283; x_wconf 86' lang='lat' dir='ltr'>Pentapoleos</span> <span class='ocrx_word' id='word_1_340' title='bbox 842 4198 986 4263; x_wconf 83' lang='lat' dir='ltr'>dioecesis</span> <span class='ocrx_word' id='word_1_341' title='bbox 1009 4197 1233 4263; x_wconf 77' lang='lat' dir='ltr'>Antiochensis.</span> 
     </span>
    </p>
   </div>
   <div class='ocr_carea' id='block_1_13' title="bbox 0 0 1530 4900">
    <p class='ocr_par' dir='ltr' id='par_1_14' title="bbox 0 0 1530 4900">
     <span class='ocr_line' id='line_1_43' title="bbox 0 0 1530 4900; baseline 0 1"><span class='ocrx_word' id='word_1_342' title='bbox 0 0 1530 4900; x_wconf 95' lang='lat' dir='ltr'> </span> 
     </span>
    </p>
   </div>
  </div>
 </body>
</html>
