<?xml version="1.0" encoding="UTF-8"?>
<!DOCTYPE html PUBLIC "-//W3C//DTD XHTML 1.0 Transitional//EN"
    "http://www.w3.org/TR/xhtml1/DTD/xhtml1-transitional.dtd">
<html xmlns="http://www.w3.org/1999/xhtml" xml:lang="en" lang="en">
 <head>
  <title>
</title>
<meta http-equiv="Content-Type" content="text/html;charset=utf-8" />
  <meta name='ocr-system' content='tesseract 3.04.00' />
  <meta name='ocr-capabilities' content='ocr_page ocr_carea ocr_par ocr_line ocrx_word'/>
</head>
<body>
  <div class='ocr_page' id='page_1' title='image "./corpusscriptoru34theogoog_0126.png"; bbox 0 0 3050 4900; ppageno 0'>
   <div class='ocr_carea' id='block_1_1' title="bbox 477 375 1194 446">
    <p class='ocr_par' dir='ltr' id='par_1_1' title="bbox 477 375 1194 446">
     <span class='ocr_line' id='line_1_1' title="bbox 477 375 1194 446; baseline 0 -2"><span class='ocrx_word' id='word_1_1' title='bbox 477 379 531 444; x_wconf 81' lang='lat' dir='ltr'><strong>EX</strong></span> <span class='ocrx_word' id='word_1_2' title='bbox 556 379 816 446; x_wconf 75' lang='lat' dir='ltr'><strong>Tusuritana.</strong></span> <span class='ocrx_word' id='word_1_3' title='bbox 1123 375 1194 444; x_wconf 78' lang='lat'><strong>1¹5</strong></span> 
     </span>
    </p>
   </div>
   <div class='ocr_carea' id='block_1_2' title="bbox 119 545 1353 1550">
    <p class='ocr_par' dir='ltr' id='par_1_2' title="bbox 124 545 1196 633">
     <span class='ocr_line' id='line_1_2' title="bbox 124 545 1196 633; baseline 0.002 -25"><span class='ocrx_word' id='word_1_4' title='bbox 124 547 179 631; x_wconf 86' lang='lat' dir='ltr'><strong>ipse</strong></span> <span class='ocrx_word' id='word_1_5' title='bbox 197 567 268 610; x_wconf 84' lang='lat' dir='ltr'><strong>vero</strong></span> <span class='ocrx_word' id='word_1_6' title='bbox 290 554 323 612; x_wconf 85' lang='lat' dir='ltr'><strong>et</strong></span> <span class='ocrx_word' id='word_1_7' title='bbox 344 547 428 611; x_wconf 91' lang='lat' dir='ltr'><strong>huno</strong></span> <span class='ocrx_word' id='word_1_8' title='bbox 456 559 672 633; x_wconf 86' lang='lat' dir='ltr'><strong>contemptum</strong></span> <span class='ocrx_word' id='word_1_9' title='bbox 706 549 836 612; x_wconf 80' lang='lat' dir='ltr'><strong>remisit.</strong></span> <span class='ocrx_word' id='word_1_10' title='bbox 909 545 1065 611; x_wconf 89' lang='lat' dir='ltr'><strong>ostalahat</strong></span> <span class='ocrx_word' id='word_1_11' title='bbox 1092 555 1196 610; x_wconf 87' lang='lat' dir='ltr'><strong>autem</strong></span> 
     </span>
    </p>

    <p class='ocr_par' dir='ltr' id='par_1_3' title="bbox 122 569 1353 966">
     <span class='ocr_line' id='line_1_3' title="bbox 122 569 1196 716; baseline 0 -24"><span class='ocrx_word' id='word_1_12' title='bbox 122 635 222 694; x_wconf 81' lang='lat' dir='ltr'><strong>iterans</strong></span> <span class='ocrx_word' id='word_1_13' title='bbox 243 632 299 693; x_wconf 89' lang='lat' dir='ltr'><strong>alia</strong></span> <span class='ocrx_word' id='word_1_14' title='bbox 319 633 429 716; x_wconf 84' lang='lat' dir='ltr'><strong>viginti</strong></span> <span class='ocrx_word' id='word_1_15' title='bbox 448 632 533 695; x_wconf 88' lang='lat' dir='ltr'><strong>milia</strong></span> <span class='ocrx_word' id='word_1_16' title='bbox 557 645 684 695; x_wconf 85' lang='lat' dir='ltr'><strong>centurn</strong></span> <span class='ocrx_word' id='word_1_17' title='bbox 705 633 787 694; x_wconf 85' lang='lat' dir='ltr'><strong>addi.</strong></span> <span class='ocrx_word' id='word_1_18' title='bbox 810 569 907 716; x_wconf 76' lang='lat' dir='ltr'><strong>qnod</strong></span> <span class='ocrx_word' id='word_1_19' title='bbox 918 635 1111 714; x_wconf 79' lang='lat' dir='ltr'><strong>imperatore</strong></span> <span class='ocrx_word' id='word_1_20' title='bbox 1132 653 1196 692; x_wconf 91' lang='lat' dir='ltr'><strong>non</strong></span> 
     </span>
     <span class='ocr_line' id='line_1_4' title="bbox 122 715 1353 800; baseline 0.002 -26"><span class='ocrx_word' id='word_1_21' title='bbox 122 716 299 794; x_wconf 74' lang='lat' dir='ltr'><strong>admittente,</strong></span> <span class='ocrx_word' id='word_1_22' title='bbox 320 716 474 800; x_wconf 76' lang='lat' dir='ltr'><strong>chaganus</strong></span> <span class='ocrx_word' id='word_1_23' title='bbox 485 717 683 798; x_wconf 89' lang='lat' dir='ltr'><strong>Siggidonem</strong></span> <span class='ocrx_word' id='word_1_24' title='bbox 698 717 856 779; x_wconf 87' lang='lat' dir='ltr'><strong>civitatem</strong></span> <span class='ocrx_word' id='word_1_25' title='bbox 877 715 1031 777; x_wconf 90' lang='lat' dir='ltr'><strong>subvertit</strong></span> <span class='ocrx_word' id='word_1_26' title='bbox 1042 724 1073 776; x_wconf 93' lang='lat' dir='ltr'><strong>et</strong></span> <span class='ocrx_word' id='word_1_27' title='bbox 1085 715 1197 777; x_wconf 88' lang='lat' dir='ltr'><strong>multas</strong></span> <span class='ocrx_word' id='word_1_28' title='bbox 1349 785 1353 792; x_wconf 28' lang='grc' dir='ltr'><strong><em>Ι</em></strong></span> 
     </span>
     <span class='ocr_line' id='line_1_5' title="bbox 122 799 1335 884; baseline -0.002 -26"><span class='ocrx_word' id='word_1_29' title='bbox 122 800 183 859; x_wconf 92' lang='lat' dir='ltr'><strong>alias</strong></span> <span class='ocrx_word' id='word_1_30' title='bbox 203 801 291 862; x_wconf 82' lang='lat' dir='ltr'><strong>urbes</strong></span> <span class='ocrx_word' id='word_1_31' title='bbox 304 802 396 881; x_wconf 90' lang='lat' dir='ltr'><strong>cepit,</strong></span> <span class='ocrx_word' id='word_1_32' title='bbox 418 800 542 884; x_wconf 85' lang='lat' dir='ltr'><strong>lllyrico</strong></span> <span class='ocrx_word' id='word_1_33' title='bbox 564 799 765 862; x_wconf 85' lang='lat' dir='ltr'><strong>subiacentes.</strong></span> <span class='ocrx_word' id='word_1_34' title='bbox 787 810 819 860; x_wconf 91' lang='lat' dir='ltr'><strong>at</strong></span> <span class='ocrx_word' id='word_1_35' title='bbox 840 801 1108 882; x_wconf 30' lang='lat' dir='ltr'><strong>veroximpcrator</strong></span> <span class='ocrx_word' id='word_1_36' title='bbox 1122 799 1196 861; x_wconf 83' lang='lat' dir='ltr'><strong>Hel.</strong></span> <span class='ocrx_word' id='word_1_37' title='bbox 1206 823 1232 876; x_wconf 90' lang='lat' dir='ltr'><strong>p.</strong></span> <span class='ocrx_word' id='word_1_38' title='bbox 1245 801 1298 858; x_wconf 77' lang='grc'><strong>390</strong></span> <span class='ocrx_word' id='word_1_39' title='bbox 1316 801 1335 856; x_wconf 79' lang='lat'>2</span> 
     </span>
     <span class='ocr_line' id='line_1_6' title="bbox 122 881 1199 966; baseline -0.002 -26"><span class='ocrx_word' id='word_1_40' title='bbox 122 881 227 964; x_wconf 90' lang='lat' dir='ltr'><strong>pidium</strong></span> <span class='ocrx_word' id='word_1_41' title='bbox 241 883 407 966; x_wconf 87' lang='lat' dir='ltr'><strong>patricium</strong></span> <span class='ocrx_word' id='word_1_42' title='bbox 429 903 500 944; x_wconf 87' lang='lat' dir='ltr'><strong>eum</strong></span> <span class='ocrx_word' id='word_1_43' title='bbox 512 885 708 945; x_wconf 80' lang='lat' dir='ltr'><strong>Consentiolo</strong></span> <span class='ocrx_word' id='word_1_44' title='bbox 723 884 839 966; x_wconf 89' lang='lat' dir='ltr'><strong>legatos</strong></span> <span class='ocrx_word' id='word_1_45' title='bbox 861 881 900 944; x_wconf 89' lang='lat' dir='ltr'><strong>ad</strong></span> <span class='ocrx_word' id='word_1_46' title='bbox 913 883 1085 965; x_wconf 82' lang='lat' dir='ltr'><strong>clanganum</strong></span> <span class='ocrx_word' id='word_1_47' title='bbox 1099 891 1199 944; x_wconf 87' lang='lat' dir='ltr'><strong>trans.</strong></span> 
     </span>
    </p>

    <p class='ocr_par' dir='ltr' id='par_1_4' title="bbox 121 965 1199 1050">
     <span class='ocr_line' id='line_1_7' title="bbox 121 965 1199 1050; baseline 0.004 -26"><span class='ocrx_word' id='word_1_48' title='bbox 121 966 201 1028; x_wconf 84' lang='lat' dir='ltr'><strong>misit.</strong></span> <span class='ocrx_word' id='word_1_49' title='bbox 241 975 273 1026; x_wconf 92' lang='lat' dir='ltr'><strong>at</strong></span> <span class='ocrx_word' id='word_1_50' title='bbox 297 988 373 1028; x_wconf 86' lang='lat' dir='ltr'><strong>vero</strong></span> <span class='ocrx_word' id='word_1_51' title='bbox 392 966 545 1029; x_wconf 87' lang='lat' dir='ltr'><strong>barbarus</strong></span> <span class='ocrx_word' id='word_1_52' title='bbox 567 967 598 1028; x_wconf 94' lang='lat' dir='ltr'><strong>in</strong></span> <span class='ocrx_word' id='word_1_53' title='bbox 618 965 836 1050; x_wconf 87' lang='lat' dir='ltr'><strong>sponsionibus</strong></span> <span class='ocrx_word' id='word_1_54' title='bbox 864 975 1032 1048; x_wconf 87' lang='lat' dir='ltr'><strong>pactorum</strong></span> <span class='ocrx_word' id='word_1_55' title='bbox 1054 987 1146 1048; x_wconf 90' lang='lat' dir='ltr'><strong>agere</strong></span> <span class='ocrx_word' id='word_1_56' title='bbox 1166 986 1199 1028; x_wconf 86' lang='lat' dir='ltr'><strong>se</strong></span> 
     </span>
    </p>

    <p class='ocr_par' dir='ltr' id='par_1_5' title="bbox 120 1049 1200 1218">
     <span class='ocr_line' id='line_1_8' title="bbox 121 1049 1199 1133; baseline 0.002 -25"><span class='ocrx_word' id='word_1_57' title='bbox 121 1069 214 1128; x_wconf 86' lang='lat' dir='ltr'><strong>paoem</strong></span> <span class='ocrx_word' id='word_1_58' title='bbox 233 1051 387 1131; x_wconf 85' lang='lat' dir='ltr'><strong>professus</strong></span> <span class='ocrx_word' id='word_1_59' title='bbox 408 1058 462 1112; x_wconf 88' lang='lat' dir='ltr'><strong>est.</strong></span> <span class='ocrx_word' id='word_1_60' title='bbox 506 1049 536 1110; x_wconf 93' lang='lat' dir='ltr'><strong>iu</strong></span> <span class='ocrx_word' id='word_1_61' title='bbox 560 1050 694 1113; x_wconf 80' lang='lat' dir='ltr'><strong>Oriente</strong></span> <span class='ocrx_word' id='word_1_62' title='bbox 716 1072 792 1113; x_wconf 86' lang='lat' dir='ltr'><strong>vero</strong></span> <span class='ocrx_word' id='word_1_63' title='bbox 817 1052 966 1112; x_wconf 91' lang='lat' dir='ltr'><strong>loannem</strong></span> <span class='ocrx_word' id='word_1_64' title='bbox 986 1051 1199 1133; x_wconf 86' lang='lat' dir='ltr'><strong>Mystaeonem</strong></span> 
     </span>
     <span class='ocr_line' id='line_1_9' title="bbox 120 1131 1200 1218; baseline -0.002 -24"><span class='ocrx_word' id='word_1_65' title='bbox 120 1131 288 1212; x_wconf 75' lang='lat' dir='ltr'><strong>praetorem</strong></span> <span class='ocrx_word' id='word_1_66' title='bbox 308 1135 470 1195; x_wconf 81' lang='lat' dir='ltr'><strong>Armeniae</strong></span> <span class='ocrx_word' id='word_1_67' title='bbox 491 1132 576 1210; x_wconf 82' lang='lat' dir='ltr'><strong>feeit,</strong></span> <span class='ocrx_word' id='word_1_68' title='bbox 600 1133 655 1218; x_wconf 83' lang='lat' dir='ltr'><strong>qui</strong></span> <span class='ocrx_word' id='word_1_69' title='bbox 676 1134 802 1196; x_wconf 86' lang='lat' dir='ltr'><strong>venicus</strong></span> <span class='ocrx_word' id='word_1_70' title='bbox 815 1131 1053 1217; x_wconf 84' lang='lat' dir='ltr'><strong>adNymphium</strong></span> <span class='ocrx_word' id='word_1_71' title='bbox 1068 1155 1200 1212; x_wconf 86' lang='lat' dir='ltr'><strong>amnem,</strong></span> 
     </span>
    </p>

    <p class='ocr_par' dir='ltr' id='par_1_6' title="bbox 122 1215 1199 1300">
     <span class='ocr_line' id='line_1_10' title="bbox 122 1215 1199 1300; baseline 0.003 -26"><span class='ocrx_word' id='word_1_72' title='bbox 122 1215 167 1275; x_wconf 89' lang='lat' dir='ltr'><strong>ubi</strong></span> <span class='ocrx_word' id='word_1_73' title='bbox 187 1217 272 1298; x_wconf 89' lang='lat' dir='ltr'><strong>Tigri</strong></span> <span class='ocrx_word' id='word_1_74' title='bbox 295 1217 416 1280; x_wconf 84' lang='lat' dir='ltr'><strong>misceri</strong></span> <span class='ocrx_word' id='word_1_75' title='bbox 437 1215 641 1298; x_wconf 77' lang='lat' dir='ltr'><strong>dignoscitur,</strong></span> <span class='ocrx_word' id='word_1_76' title='bbox 662 1215 746 1279; x_wconf 88' lang='lat' dir='ltr'><strong>bello</strong></span> <span class='ocrx_word' id='word_1_77' title='bbox 768 1217 974 1300; x_wconf 80' lang='lat' dir='ltr'><strong>congreditur</strong></span> <span class='ocrx_word' id='word_1_78' title='bbox 993 1237 1065 1278; x_wconf 90' lang='lat' dir='ltr'><strong>cum</strong></span> <span class='ocrx_word' id='word_1_79' title='bbox 1078 1217 1199 1278; x_wconf 76' lang='lat' dir='ltr'><strong>Carda-</strong></span> 
     </span>
    </p>

    <p class='ocr_par' dir='ltr' id='par_1_7' title="bbox 119 1298 1200 1383">
     <span class='ocr_line' id='line_1_11' title="bbox 119 1298 1200 1383; baseline 0.001 -27"><span class='ocrx_word' id='word_1_80' title='bbox 119 1299 177 1380; x_wconf 88' lang='lat' dir='ltr'><strong>riga</strong></span> <span class='ocrx_word' id='word_1_81' title='bbox 195 1301 359 1362; x_wconf 85' lang='lat' dir='ltr'><strong>Persarum</strong></span> <span class='ocrx_word' id='word_1_82' title='bbox 379 1311 550 1382; x_wconf 88' lang='lat' dir='ltr'><strong>praetore,</strong></span> <span class='ocrx_word' id='word_1_83' title='bbox 573 1310 604 1364; x_wconf 90' lang='lat' dir='ltr'><strong>et</strong></span> <span class='ocrx_word' id='word_1_84' title='bbox 617 1298 799 1383; x_wconf 88' lang='lat' dir='ltr'><strong>praevalent</strong></span> <span class='ocrx_word' id='word_1_85' title='bbox 811 1301 942 1362; x_wconf 86' lang='lat' dir='ltr'><strong>Romani</strong></span> <span class='ocrx_word' id='word_1_86' title='bbox 958 1298 1103 1362; x_wconf 82' lang='lat' dir='ltr'><strong>adversus</strong></span> <span class='ocrx_word' id='word_1_87' title='bbox 1123 1301 1200 1361; x_wconf 88' lang='lat' dir='ltr'><strong>bar.</strong></span> 
     </span>
    </p>

    <p class='ocr_par' dir='ltr' id='par_1_8' title="bbox 119 1379 1201 1468">
     <span class='ocr_line' id='line_1_12' title="bbox 119 1379 1201 1468; baseline -0.002 -26"><span class='ocrx_word' id='word_1_88' title='bbox 119 1379 208 1445; x_wconf 77' lang='lat' dir='ltr'><strong>heros</strong></span> <span class='ocrx_word' id='word_1_89' title='bbox 230 1381 415 1466; x_wconf 76' lang='lat' dir='ltr'><strong>cardarigas</strong></span> <span class='ocrx_word' id='word_1_90' title='bbox 433 1403 510 1445; x_wconf 88' lang='lat' dir='ltr'><strong>vero</strong></span> <span class='ocrx_word' id='word_1_91' title='bbox 536 1405 598 1446; x_wconf 91' lang='lat' dir='ltr'><strong>non</strong></span> <span class='ocrx_word' id='word_1_92' title='bbox 620 1394 667 1446; x_wconf 91' lang='lat' dir='ltr'><strong>est</strong></span> <span class='ocrx_word' id='word_1_93' title='bbox 687 1384 856 1468; x_wconf 85' lang='lat' dir='ltr'><strong>proprium</strong></span> <span class='ocrx_word' id='word_1_94' title='bbox 878 1405 1002 1465; x_wconf 87' lang='lat' dir='ltr'><strong>nomen,</strong></span> <span class='ocrx_word' id='word_1_95' title='bbox 1025 1382 1078 1445; x_wconf 87' lang='lat' dir='ltr'><strong>sed</strong></span> <span class='ocrx_word' id='word_1_96' title='bbox 1098 1385 1201 1466; x_wconf 89' lang='lat' dir='ltr'><strong>digni.</strong></span> 
     </span>
    </p>

    <p class='ocr_par' dir='ltr' id='par_1_9' title="bbox 121 1466 551 1550">
     <span class='ocr_line' id='line_1_13' title="bbox 121 1466 551 1550; baseline 0.014 -28"><span class='ocrx_word' id='word_1_97' title='bbox 121 1471 159 1524; x_wconf 87' lang='lat' dir='ltr'><strong>tas</strong></span> <span class='ocrx_word' id='word_1_98' title='bbox 179 1468 308 1528; x_wconf 79' lang='lat' dir='ltr'><strong>maxims</strong></span> <span class='ocrx_word' id='word_1_99' title='bbox 330 1466 414 1550; x_wconf 90' lang='lat' dir='ltr'><strong>apud</strong></span> <span class='ocrx_word' id='word_1_100' title='bbox 432 1466 551 1529; x_wconf 79' lang='lat' dir='ltr'><strong>Persas.</strong></span> 
     </span>
    </p>
   </div>
   <div class='ocr_carea' id='block_1_3' title="bbox 116 1571 1328 3075">
    <p class='ocr_par' dir='ltr' id='par_1_10' title="bbox 116 1571 1328 3075">
     <span class='ocr_line' id='line_1_14' title="bbox 191 1571 1201 1656; baseline -0.001 -23"><span class='ocrx_word' id='word_1_101' title='bbox 191 1575 336 1636; x_wconf 88' lang='lat' dir='ltr'><strong>Secundo</strong></span> <span class='ocrx_word' id='word_1_102' title='bbox 360 1574 481 1656; x_wconf 90' lang='lat' dir='ltr'><strong>imperii</strong></span> <span class='ocrx_word' id='word_1_103' title='bbox 506 1574 553 1636; x_wconf 88' lang='lat' dir='ltr'><strong>sai</strong></span> <span class='ocrx_word' id='word_1_104' title='bbox 582 1591 664 1634; x_wconf 90' lang='lat' dir='ltr'><strong>anno</strong></span> <span class='ocrx_word' id='word_1_105' title='bbox 693 1571 802 1633; x_wconf 89' lang='lat' dir='ltr'><strong>consul</strong></span> <span class='ocrx_word' id='word_1_106' title='bbox 825 1571 993 1636; x_wconf 86' lang='lat' dir='ltr'><strong>Mauricius</strong></span> <span class='ocrx_word' id='word_1_107' title='bbox 1015 1572 1201 1655; x_wconf 88' lang='lat' dir='ltr'><strong>appellatur,</strong></span> 
     </span>
     <span class='ocr_line' id='line_1_15' title="bbox 121 1655 1201 1738; baseline -0.002 -24"><span class='ocrx_word' id='word_1_108' title='bbox 121 1661 147 1714; x_wconf 90' lang='lat' dir='ltr'><strong>el</strong></span> <span class='ocrx_word' id='word_1_109' title='bbox 165 1657 272 1718; x_wconf 90' lang='lat' dir='ltr'><strong>multos</strong></span> <span class='ocrx_word' id='word_1_110' title='bbox 295 1657 453 1720; x_wconf 86' lang='lat' dir='ltr'><strong>thesauros</strong></span> <span class='ocrx_word' id='word_1_111' title='bbox 476 1657 550 1718; x_wconf 89' lang='lat' dir='ltr'><strong>urbi</strong></span> <span class='ocrx_word' id='word_1_112' title='bbox 571 1657 716 1730; x_wconf 90' lang='lat' dir='ltr'><strong>donavit;</strong></span> <span class='ocrx_word' id='word_1_113' title='bbox 740 1655 889 1737; x_wconf 85' lang='lat' dir='ltr'><strong>provehit</strong></span> <span class='ocrx_word' id='word_1_114' title='bbox 919 1664 1023 1719; x_wconf 88' lang='lat' dir='ltr'><strong>autem</strong></span> <span class='ocrx_word' id='word_1_115' title='bbox 1045 1657 1201 1738; x_wconf 89' lang='lat' dir='ltr'><strong>Philippi.</strong></span> 
     </span>
     <span class='ocr_line' id='line_1_16' title="bbox 120 1737 1201 1823; baseline 0.003 -27"><span class='ocrx_word' id='word_1_116' title='bbox 120 1751 381 1823; x_wconf 85' lang='lat' dir='ltr'><strong>compraetorem</strong></span> <span class='ocrx_word' id='word_1_117' title='bbox 412 1741 567 1818; x_wconf 88' lang='lat' dir='ltr'><strong>Orientis,</strong></span> <span class='ocrx_word' id='word_1_118' title='bbox 590 1740 640 1801; x_wconf 89' lang='lat' dir='ltr'><strong>eui</strong></span> <span class='ocrx_word' id='word_1_119' title='bbox 664 1749 697 1802; x_wconf 92' lang='lat' dir='ltr'><strong>et</strong></span> <span class='ocrx_word' id='word_1_120' title='bbox 715 1737 868 1801; x_wconf 80' lang='lat' dir='ltr'><strong>Gordium</strong></span> <span class='ocrx_word' id='word_1_121' title='bbox 898 1760 1042 1802; x_wconf 91' lang='lat' dir='ltr'><strong>sororem</strong></span> <span class='ocrx_word' id='word_1_122' title='bbox 1062 1761 1148 1801; x_wconf 88' lang='lat' dir='ltr'><strong>suam</strong></span> <span class='ocrx_word' id='word_1_123' title='bbox 1169 1740 1201 1800; x_wconf 92' lang='lat' dir='ltr'><strong>in</strong></span> 
     </span>
     <span class='ocr_line' id='line_1_17' title="bbox 120 1821 1201 1907; baseline 0.004 -26"><span class='ocrx_word' id='word_1_124' title='bbox 120 1823 287 1907; x_wconf 81' lang='lat' dir='ltr'><strong>coniugium</strong></span> <span class='ocrx_word' id='word_1_125' title='bbox 311 1821 463 1886; x_wconf 71' lang='lat' dir='ltr'><strong>tradidit</strong></span> <span class='ocrx_word' id='word_1_126' title='bbox 494 1832 527 1884; x_wconf 93' lang='lat' dir='ltr'><strong>at</strong></span> <span class='ocrx_word' id='word_1_127' title='bbox 550 1844 625 1884; x_wconf 83' lang='lat' dir='ltr'><strong>vero</strong></span> <span class='ocrx_word' id='word_1_128' title='bbox 663 1823 855 1907; x_wconf 88' lang='lat' dir='ltr'><strong>Philippicas</strong></span> <span class='ocrx_word' id='word_1_129' title='bbox 885 1823 1022 1885; x_wconf 88' lang='lat' dir='ltr'><strong>Persicas</strong></span> <span class='ocrx_word' id='word_1_130' title='bbox 1047 1823 1201 1905; x_wconf 81' lang='lat' dir='ltr'><strong>arripiens</strong></span> 
     </span>
     <span class='ocr_line' id='line_1_18' title="bbox 120 1905 1298 1992; baseline 0.003 -28"><span class='ocrx_word' id='word_1_131' title='bbox 120 1917 211 1984; x_wconf 87' lang='lat' dir='ltr'><strong>partes</strong></span> <span class='ocrx_word' id='word_1_132' title='bbox 230 1907 500 1992; x_wconf 83' lang='lat' dir='ltr'><strong>appropinquarit</strong></span> <span class='ocrx_word' id='word_1_133' title='bbox 520 1907 631 1982; x_wconf 89' lang='lat' dir='ltr'><strong>Nisibi,</strong></span> <span class='ocrx_word' id='word_1_134' title='bbox 652 1915 685 1968; x_wconf 89' lang='lat' dir='ltr'><strong>et</strong></span> <span class='ocrx_word' id='word_1_135' title='bbox 704 1917 836 1990; x_wconf 90' lang='lat' dir='ltr'><strong>repente</strong></span> <span class='ocrx_word' id='word_1_136' title='bbox 856 1907 887 1970; x_wconf 92' lang='lat' dir='ltr'><strong>in</strong></span> <span class='ocrx_word' id='word_1_137' title='bbox 902 1905 1061 1970; x_wconf 91' lang='lat' dir='ltr'><strong>Persidem</strong></span> <span class='ocrx_word' id='word_1_138' title='bbox 1081 1907 1298 1992; x_wconf 67' lang='lat' dir='ltr'><strong>ingres-psol</strong></span> 
     </span>
     <span class='ocr_line' id='line_1_19' title="bbox 120 1989 1204 2074; baseline 0.006 -28"><span class='ocrx_word' id='word_1_139' title='bbox 120 2009 160 2048; x_wconf 88' lang='lat' dir='ltr'><strong>sus</strong></span> <span class='ocrx_word' id='word_1_140' title='bbox 181 1991 309 2052; x_wconf 88' lang='lat' dir='ltr'><strong>multam</strong></span> <span class='ocrx_word' id='word_1_141' title='bbox 329 1990 478 2072; x_wconf 85' lang='lat' dir='ltr'><strong>praedem</strong></span> <span class='ocrx_word' id='word_1_142' title='bbox 497 1991 644 2072; x_wconf 86' lang='lat' dir='ltr'><strong>sumpsit,</strong></span> <span class='ocrx_word' id='word_1_143' title='bbox 675 2013 769 2074; x_wconf 88' lang='lat' dir='ltr'><strong>quam</strong></span> <span class='ocrx_word' id='word_1_144' title='bbox 789 2011 848 2072; x_wconf 91' lang='lat' dir='ltr'><strong>per</strong></span> <span class='ocrx_word' id='word_1_145' title='bbox 867 1999 988 2053; x_wconf 83' lang='lat' dir='ltr'><strong>montes</strong></span> <span class='ocrx_word' id='word_1_146' title='bbox 1009 1990 1123 2051; x_wconf 85' lang='lat' dir='ltr'><strong>salvam</strong></span> <span class='ocrx_word' id='word_1_147' title='bbox 1143 1989 1204 2052; x_wconf 90' lang='lat' dir='ltr'><strong>du·</strong></span> 
     </span>
     <span class='ocr_line' id='line_1_20' title="bbox 119 2072 1201 2158; baseline 0.005 -28"><span class='ocrx_word' id='word_1_148' title='bbox 119 2091 179 2134; x_wconf 88' lang='lat' dir='ltr'><strong>cens</strong></span> <span class='ocrx_word' id='word_1_149' title='bbox 203 2075 233 2135; x_wconf 93' lang='lat' dir='ltr'><strong>in</strong></span> <span class='ocrx_word' id='word_1_150' title='bbox 255 2072 422 2136; x_wconf 88' lang='lat' dir='ltr'><strong>Medorum</strong></span> <span class='ocrx_word' id='word_1_151' title='bbox 458 2074 619 2158; x_wconf 83' lang='lat' dir='ltr'><strong>regionem</strong></span> <span class='ocrx_word' id='word_1_152' title='bbox 648 2073 826 2153; x_wconf 84' lang='lat' dir='ltr'><strong>transtulit,</strong></span> <span class='ocrx_word' id='word_1_153' title='bbox 858 2085 891 2136; x_wconf 91' lang='lat' dir='ltr'><strong>et</strong></span> <span class='ocrx_word' id='word_1_154' title='bbox 919 2073 1022 2136; x_wconf 89' lang='lat' dir='ltr'><strong>maltis</strong></span> <span class='ocrx_word' id='word_1_155' title='bbox 1037 2073 1101 2136; x_wconf 91' lang='lat' dir='ltr'><strong>illic</strong></span> <span class='ocrx_word' id='word_1_156' title='bbox 1123 2073 1201 2135; x_wconf 81' lang='lat' dir='ltr'><strong>villis</strong></span> 
     </span>
     <span class='ocr_line' id='line_1_21' title="bbox 120 2155 1328 2240; baseline 0.003 -27"><span class='ocrx_word' id='word_1_157' title='bbox 120 2159 318 2219; x_wconf 82' lang='lat' dir='ltr'><strong>exterminatis</strong></span> <span class='ocrx_word' id='word_1_158' title='bbox 341 2157 380 2218; x_wconf 92' lang='lat' dir='ltr'><strong>ad</strong></span> <span class='ocrx_word' id='word_1_159' title='bbox 399 2159 539 2219; x_wconf 87' lang='lat' dir='ltr'><strong>Romana</strong></span> <span class='ocrx_word' id='word_1_160' title='bbox 561 2179 637 2218; x_wconf 90' lang='lat' dir='ltr'><strong>rura</strong></span> <span class='ocrx_word' id='word_1_161' title='bbox 661 2177 801 2222; x_wconf 80' lang='lat' dir='ltr'><strong>reversus</strong></span> <span class='ocrx_word' id='word_1_162' title='bbox 829 2166 884 2220; x_wconf 84' lang='lat' dir='ltr'><strong>est.</strong></span> <span class='ocrx_word' id='word_1_163' title='bbox 925 2178 1027 2240; x_wconf 90' lang='lat' dir='ltr'><strong>porro</strong></span> <span class='ocrx_word' id='word_1_164' title='bbox 1049 2155 1203 2240; x_wconf 86' lang='lat' dir='ltr'><strong>chaganus</strong></span> <span class='ocrx_word' id='word_1_165' title='bbox 1325 2158 1328 2169; x_wconf 91' lang='lat'>&#39;</span> 
     </span>
     <span class='ocr_line' id='line_1_22' title="bbox 120 2239 1203 2322; baseline 0.006 -26"><span class='ocrx_word' id='word_1_166' title='bbox 120 2239 374 2322; x_wconf 75' lang='lat' dir='ltr'><strong>disrumperem</strong></span> <span class='ocrx_word' id='word_1_167' title='bbox 396 2241 729 2303; x_wconf 75' lang='lat' dir='ltr'><strong>solverel&#39;estinabnt:</strong></span> <span class='ocrx_word' id='word_1_168' title='bbox 758 2257 831 2301; x_wconf 82' lang='lat' dir='ltr'><strong>num</strong></span> <span class='ocrx_word' id='word_1_169' title='bbox 859 2240 1077 2303; x_wconf 83' lang='lat' dir='ltr'><strong>Sclariuorum</strong></span> <span class='ocrx_word' id='word_1_170' title='bbox 1118 2249 1203 2303; x_wconf 83' lang='lat' dir='ltr'><strong>entes</strong></span> 
     </span>
     <span class='ocr_line' id='line_1_23' title="bbox 120 2263 1203 2408; baseline -0.004 -25"><span class='ocrx_word' id='word_1_171' title='bbox 120 2333 219 2386; x_wconf 83' lang='lat' dir='ltr'><strong>contra</strong></span> <span class='ocrx_word' id='word_1_172' title='bbox 240 2325 398 2386; x_wconf 88' lang='lat' dir='ltr'><strong>Thracem</strong></span> <span class='ocrx_word' id='word_1_173' title='bbox 421 2326 571 2402; x_wconf 87' lang='lat' dir='ltr'><strong>armavit,</strong></span> <span class='ocrx_word' id='word_1_174' title='bbox 603 2346 683 2408; x_wconf 88' lang='lat' dir='ltr'><strong>quae</strong></span> <span class='ocrx_word' id='word_1_175' title='bbox 710 2333 924 2406; x_wconf 85' lang='lat' dir='ltr'><strong>pervenerunt</strong></span> <span class='ocrx_word' id='word_1_176' title='bbox 951 2345 1050 2408; x_wconf 90' lang='lat' dir='ltr'><strong>nsque</strong></span> <span class='ocrx_word' id='word_1_177' title='bbox 1070 2263 1116 2385; x_wconf 72' lang='lat' dir='ltr'><strong>ad</strong></span> <span class='ocrx_word' id='word_1_178' title='bbox 1130 2323 1203 2384; x_wconf 85' lang='lat' dir='ltr'><strong>lon.</strong></span> 
     </span>
     <span class='ocr_line' id='line_1_24' title="bbox 119 2405 1202 2491; baseline -0.001 -23"><span class='ocrx_word' id='word_1_179' title='bbox 119 2419 165 2487; x_wconf 79' lang='lat' dir='ltr'><strong>gos</strong></span> <span class='ocrx_word' id='word_1_180' title='bbox 184 2427 303 2486; x_wconf 90' lang='lat' dir='ltr'><strong>muros,</strong></span> <span class='ocrx_word' id='word_1_181' title='bbox 319 2408 450 2471; x_wconf 89' lang='lat' dir='ltr'><strong>multum</strong></span> <span class='ocrx_word' id='word_1_182' title='bbox 470 2405 789 2491; x_wconf 25' lang='lat' dir='ltr'><strong>facienteslexcidium.</strong></span> <span class='ocrx_word' id='word_1_183' title='bbox 832 2417 878 2469; x_wconf 88' lang='lat' dir='ltr'><strong>ast</strong></span> <span class='ocrx_word' id='word_1_184' title='bbox 900 2407 1073 2489; x_wconf 90' lang='lat' dir='ltr'><strong>imperator</strong></span> <span class='ocrx_word' id='word_1_185' title='bbox 1094 2405 1202 2489; x_wconf 88' lang='lat' dir='ltr'><strong>palatii</strong></span> 
     </span>
     <span class='ocr_line' id='line_1_25' title="bbox 119 2488 1202 2574; baseline 0 -25"><span class='ocrx_word' id='word_1_186' title='bbox 119 2490 224 2555; x_wconf 85' lang='lat' dir='ltr'><strong>eductis</strong></span> <span class='ocrx_word' id='word_1_187' title='bbox 245 2491 366 2553; x_wconf 86' lang='lat' dir='ltr'><strong>militiis</strong></span> <span class='ocrx_word' id='word_1_188' title='bbox 388 2502 419 2554; x_wconf 93' lang='lat' dir='ltr'><strong>et</strong></span> <span class='ocrx_word' id='word_1_189' title='bbox 441 2492 583 2574; x_wconf 86' lang='lat' dir='ltr'><strong>plebibus</strong></span> <span class='ocrx_word' id='word_1_190' title='bbox 604 2512 621 2552; x_wconf 92' lang='lat' dir='ltr'><strong>c</strong></span> <span class='ocrx_word' id='word_1_191' title='bbox 642 2492 770 2551; x_wconf 79' lang='lat' dir='ltr'><strong>ciuitate</strong></span> <span class='ocrx_word' id='word_1_192' title='bbox 793 2489 902 2573; x_wconf 89' lang='lat' dir='ltr'><strong>longos</strong></span> <span class='ocrx_word' id='word_1_193' title='bbox 920 2511 1029 2551; x_wconf 88' lang='lat' dir='ltr'><strong>muros</strong></span> <span class='ocrx_word' id='word_1_194' title='bbox 1050 2488 1202 2550; x_wconf 86' lang='lat' dir='ltr'><strong>custodiri</strong></span> 
     </span>
     <span class='ocr_line' id='line_1_26' title="bbox 119 2571 1203 2658; baseline 0.002 -27"><span class='ocrx_word' id='word_1_195' title='bbox 119 2578 286 2658; x_wconf 86' lang='lat' dir='ltr'><strong>praecepit,</strong></span> <span class='ocrx_word' id='word_1_196' title='bbox 309 2584 341 2637; x_wconf 93' lang='lat' dir='ltr'><strong>et</strong></span> <span class='ocrx_word' id='word_1_197' title='bbox 361 2574 592 2636; x_wconf 90' lang='lat' dir='ltr'><strong>Comentiolum</strong></span> <span class='ocrx_word' id='word_1_198' title='bbox 614 2571 726 2635; x_wconf 89' lang='lat' dir='ltr'><strong>ducem</strong></span> <span class='ocrx_word' id='word_1_199' title='bbox 750 2572 901 2634; x_wconf 89' lang='lat' dir='ltr'><strong>ordinans</strong></span> <span class='ocrx_word' id='word_1_200' title='bbox 922 2583 955 2635; x_wconf 90' lang='lat' dir='ltr'><strong>et</strong></span> <span class='ocrx_word' id='word_1_201' title='bbox 977 2592 1100 2633; x_wconf 90' lang='lat' dir='ltr'><strong>armans</strong></span> <span class='ocrx_word' id='word_1_202' title='bbox 1125 2592 1203 2633; x_wconf 91' lang='lat' dir='ltr'><strong>coa·</strong></span> 
     </span>
     <span class='ocr_line' id='line_1_27' title="bbox 117 2656 1204 2755; baseline -0.002 -38"><span class='ocrx_word' id='word_1_203' title='bbox 117 2664 160 2717; x_wconf 90' lang='lat' dir='ltr'><strong>tra</strong></span> <span class='ocrx_word' id='word_1_204' title='bbox 179 2660 333 2721; x_wconf 86' lang='lat' dir='ltr'><strong>barbaros</strong></span> <span class='ocrx_word' id='word_1_205' title='bbox 353 2659 445 2735; x_wconf 89' lang='lat' dir='ltr'><strong>misit,</strong></span> <span class='ocrx_word' id='word_1_206' title='bbox 466 2658 520 2755; x_wconf 77' lang='lat' dir='ltr'><strong>qui</strong></span> <span class='ocrx_word' id='word_1_207' title='bbox 542 2658 698 2738; x_wconf 84' lang='lat' dir='ltr'><strong>insperate</strong></span> <span class='ocrx_word' id='word_1_208' title='bbox 717 2657 748 2717; x_wconf 95' lang='lat' dir='ltr'><strong>in</strong></span> <span class='ocrx_word' id='word_1_209' title='bbox 774 2657 930 2718; x_wconf 81' lang='lat' dir='ltr'><strong>barbaros</strong></span> <span class='ocrx_word' id='word_1_210' title='bbox 950 2676 1041 2717; x_wconf 88' lang='lat' dir='ltr'><strong>ruens</strong></span> <span class='ocrx_word' id='word_1_211' title='bbox 1062 2656 1204 2738; x_wconf 76' lang='lat' dir='ltr'><strong>copiosas</strong></span> 
     </span>
     <span class='ocr_line' id='line_1_28' title="bbox 118 2740 1203 2825; baseline 0.005 -28"><span class='ocrx_word' id='word_1_212' title='bbox 118 2742 324 2804; x_wconf 79' lang='lat' dir='ltr'><strong>multitudines</strong></span> <span class='ocrx_word' id='word_1_213' title='bbox 347 2743 523 2819; x_wconf 78' lang='lat' dir='ltr'><strong>interfecit,</strong></span> <span class='ocrx_word' id='word_1_214' title='bbox 543 2740 663 2823; x_wconf 87' lang='lat' dir='ltr'><strong>hosque</strong></span> <span class='ocrx_word' id='word_1_215' title='bbox 693 2740 825 2825; x_wconf 87' lang='lat' dir='ltr'><strong>pepulit.</strong></span> <span class='ocrx_word' id='word_1_216' title='bbox 868 2761 939 2801; x_wconf 88' lang='lat' dir='ltr'><strong>cum</strong></span> <span class='ocrx_word' id='word_1_217' title='bbox 963 2747 1067 2801; x_wconf 88' lang='lat' dir='ltr'><strong>autem</strong></span> <span class='ocrx_word' id='word_1_218' title='bbox 1088 2761 1203 2822; x_wconf 83' lang='lat' dir='ltr'><strong>perve-</strong></span> 
     </span>
     <span class='ocr_line' id='line_1_29' title="bbox 117 2822 1204 2906; baseline 0.003 -25"><span class='ocrx_word' id='word_1_219' title='bbox 117 2824 198 2887; x_wconf 87' lang='lat' dir='ltr'><strong>nisset</strong></span> <span class='ocrx_word' id='word_1_220' title='bbox 218 2824 492 2906; x_wconf 83' lang='lat' dir='ltr'><strong>Hadrianopolim,</strong></span> <span class='ocrx_word' id='word_1_221' title='bbox 511 2824 654 2887; x_wconf 89' lang='lat' dir='ltr'><strong>oceurrit</strong></span> <span class='ocrx_word' id='word_1_222' title='bbox 666 2822 860 2906; x_wconf 68' lang='lat' dir='ltr'><strong>andragasto</strong></span> <span class='ocrx_word' id='word_1_223' title='bbox 875 2822 1089 2886; x_wconf 87' lang='lat' dir='ltr'><strong>multitudines</strong></span> <span class='ocrx_word' id='word_1_224' title='bbox 1112 2824 1204 2885; x_wconf 90' lang='lat' dir='ltr'><strong>Sela·</strong></span> 
     </span>
     <span class='ocr_line' id='line_1_30' title="bbox 116 2896 1203 2991; baseline -0.002 -27"><span class='ocrx_word' id='word_1_225' title='bbox 116 2896 254 2971; x_wconf 82' lang='lat' dir='ltr'><strong>ainornm</strong></span> <span class='ocrx_word' id='word_1_226' title='bbox 277 2930 348 2969; x_wconf 90' lang='lat' dir='ltr'><strong>cum</strong></span> <span class='ocrx_word' id='word_1_227' title='bbox 368 2908 483 2991; x_wconf 89' lang='lat' dir='ltr'><strong>praeda</strong></span> <span class='ocrx_word' id='word_1_228' title='bbox 506 2908 643 2987; x_wconf 90' lang='lat' dir='ltr'><strong>ducenti,</strong></span> <span class='ocrx_word' id='word_1_229' title='bbox 664 2918 696 2969; x_wconf 90' lang='lat' dir='ltr'><strong>et</strong></span> <span class='ocrx_word' id='word_1_230' title='bbox 717 2907 747 2968; x_wconf 92' lang='lat' dir='ltr'><strong>in</strong></span> <span class='ocrx_word' id='word_1_231' title='bbox 772 2908 857 2969; x_wconf 87' lang='lat' dir='ltr'><strong>hune</strong></span> <span class='ocrx_word' id='word_1_232' title='bbox 870 2907 994 2971; x_wconf 88' lang='lat' dir='ltr'><strong>irruens</strong></span> <span class='ocrx_word' id='word_1_233' title='bbox 1015 2916 1048 2972; x_wconf 84' lang='lat' dir='ltr'><strong>et</strong></span> <span class='ocrx_word' id='word_1_234' title='bbox 1068 2908 1203 2991; x_wconf 80' lang='lat' dir='ltr'><strong>captivi.</strong></span> 
     </span>
     <span class='ocr_line' id='line_1_31' title="bbox 116 2988 909 3075; baseline 0.003 -26"><span class='ocrx_word' id='word_1_235' title='bbox 116 2996 201 3052; x_wconf 82' lang='lat' dir='ltr'><strong>tatem</strong></span> <span class='ocrx_word' id='word_1_236' title='bbox 222 2992 346 3075; x_wconf 91' lang='lat' dir='ltr'><strong>eripuit</strong></span> <span class='ocrx_word' id='word_1_237' title='bbox 365 3002 396 3053; x_wconf 93' lang='lat' dir='ltr'><strong>ct</strong></span> <span class='ocrx_word' id='word_1_238' title='bbox 417 2992 551 3053; x_wconf 84' lang='lat' dir='ltr'><strong>victoria</strong></span> <span class='ocrx_word' id='word_1_239' title='bbox 574 3012 683 3074; x_wconf 88' lang='lat' dir='ltr'><strong>magna</strong></span> <span class='ocrx_word' id='word_1_240' title='bbox 708 2988 832 3052; x_wconf 86' lang='lat' dir='ltr'><strong>indutus</strong></span> <span class='ocrx_word' id='word_1_241' title='bbox 852 3001 909 3053; x_wconf 82' lang='lat' dir='ltr'><strong>est.</strong></span> 
     </span>
    </p>
   </div>
   <div class='ocr_carea' id='block_1_4' title="bbox 113 3096 1294 3519">
    <p class='ocr_par' dir='ltr' id='par_1_11' title="bbox 113 3096 1294 3519">
     <span class='ocr_line' id='line_1_32' title="bbox 188 3096 1294 3183; baseline -0.006 -21"><span class='ocrx_word' id='word_1_242' title='bbox 188 3100 301 3163; x_wconf 88' lang='lat' dir='ltr'><strong>Tertio</strong></span> <span class='ocrx_word' id='word_1_243' title='bbox 324 3098 446 3181; x_wconf 91' lang='lat' dir='ltr'><strong>imperii</strong></span> <span class='ocrx_word' id='word_1_244' title='bbox 468 3100 613 3162; x_wconf 88' lang='lat' dir='ltr'><strong>Mauricii</strong></span> <span class='ocrx_word' id='word_1_245' title='bbox 634 3121 715 3162; x_wconf 90' lang='lat' dir='ltr'><strong>anno</strong></span> <span class='ocrx_word' id='word_1_246' title='bbox 747 3098 940 3183; x_wconf 88' lang='lat' dir='ltr'><strong>Philippicas</strong></span> <span class='ocrx_word' id='word_1_247' title='bbox 963 3096 1090 3181; x_wconf 88' lang='lat' dir='ltr'><strong>sumptis</strong></span> <span class='ocrx_word' id='word_1_248' title='bbox 1115 3106 1294 3179; x_wconf 67' lang='lat' dir='ltr'><strong>erempaat</strong></span> 
     </span>
     <span class='ocr_line' id='line_1_33' title="bbox 114 3180 1201 3268; baseline 0.001 -29"><span class='ocrx_word' id='word_1_249' title='bbox 114 3180 217 3245; x_wconf 88' lang='lat' dir='ltr'><strong>citibus</strong></span> <span class='ocrx_word' id='word_1_250' title='bbox 241 3184 283 3245; x_wconf 91' lang='lat' dir='ltr'><strong>ad</strong></span> <span class='ocrx_word' id='word_1_251' title='bbox 301 3184 458 3245; x_wconf 89' lang='lat' dir='ltr'><strong>Persicam</strong></span> <span class='ocrx_word' id='word_1_252' title='bbox 483 3184 642 3268; x_wconf 89' lang='lat' dir='ltr'><strong>regionem</strong></span> <span class='ocrx_word' id='word_1_253' title='bbox 662 3184 822 3266; x_wconf 83' lang='lat' dir='ltr'><strong>profectus</strong></span> <span class='ocrx_word' id='word_1_254' title='bbox 841 3191 903 3263; x_wconf 82' lang='lat' dir='ltr'><strong>est,</strong></span> <span class='ocrx_word' id='word_1_255' title='bbox 936 3190 968 3243; x_wconf 90' lang='lat' dir='ltr'><strong>et</strong></span> <span class='ocrx_word' id='word_1_256' title='bbox 988 3188 1080 3263; x_wconf 88' lang='lat' dir='ltr'><strong>capta</strong></span> <span class='ocrx_word' id='word_1_257' title='bbox 1101 3182 1201 3241; x_wconf 76' lang='lat' dir='ltr'><strong>Arse·</strong></span> 
     </span>
     <span class='ocr_line' id='line_1_34' title="bbox 116 3264 1200 3351; baseline 0.001 -28"><span class='ocrx_word' id='word_1_258' title='bbox 116 3284 186 3329; x_wconf 91' lang='lat' dir='ltr'><strong>aene</strong></span> <span class='ocrx_word' id='word_1_259' title='bbox 207 3289 352 3351; x_wconf 87' lang='lat' dir='ltr'><strong>magnam</strong></span> <span class='ocrx_word' id='word_1_260' title='bbox 371 3264 520 3349; x_wconf 90' lang='lat' dir='ltr'><strong>praedam</strong></span> <span class='ocrx_word' id='word_1_261' title='bbox 539 3266 685 3345; x_wconf 86' lang='lat' dir='ltr'><strong>obtinuit,</strong></span> <span class='ocrx_word' id='word_1_262' title='bbox 707 3276 739 3329; x_wconf 87' lang='lat' dir='ltr'><strong>et</strong></span> <span class='ocrx_word' id='word_1_263' title='bbox 760 3264 960 3327; x_wconf 84' lang='lat' dir='ltr'><strong>formidinem</strong></span> <span class='ocrx_word' id='word_1_264' title='bbox 983 3271 1131 3346; x_wconf 88' lang='lat' dir='ltr'><strong>operatos</strong></span> <span class='ocrx_word' id='word_1_265' title='bbox 1152 3272 1200 3324; x_wconf 90' lang='lat' dir='ltr'><strong>est</strong></span> 
     </span>
     <span class='ocr_line' id='line_1_35' title="bbox 113 3346 1199 3431; baseline 0.003 -25"><span class='ocrx_word' id='word_1_266' title='bbox 113 3346 236 3413; x_wconf 86' lang='lat' dir='ltr'><strong>Persicis</strong></span> <span class='ocrx_word' id='word_1_267' title='bbox 258 3351 450 3413; x_wconf 80' lang='lat' dir='ltr'><strong>exercitibus.</strong></span> <span class='ocrx_word' id='word_1_268' title='bbox 505 3351 623 3413; x_wconf 89' lang='lat' dir='ltr'><strong>interea</strong></span> <span class='ocrx_word' id='word_1_269' title='bbox 645 3348 951 3431; x_wconf 60' lang='lat' dir='ltr'><strong>(inaratautinopolim</strong></span> <span class='ocrx_word' id='word_1_270' title='bbox 981 3346 1127 3429; x_wconf 87' lang='lat' dir='ltr'><strong>languens</strong></span> <span class='ocrx_word' id='word_1_271' title='bbox 1145 3366 1199 3409; x_wconf 86' lang='lat' dir='ltr'><strong>re-</strong></span> 
     </span>
     <span class='ocr_line' id='line_1_36' title="bbox 113 3430 1077 3519; baseline 0.002 -28"><span class='ocrx_word' id='word_1_272' title='bbox 113 3444 199 3511; x_wconf 85' lang='lat' dir='ltr'><strong>meat,</strong></span> <span class='ocrx_word' id='word_1_273' title='bbox 218 3434 480 3519; x_wconf 87' lang='lat' dir='ltr'><strong>militesque&#39;sine</strong></span> <span class='ocrx_word' id='word_1_274' title='bbox 499 3435 633 3497; x_wconf 87' lang='lat' dir='ltr'><strong>laesione</strong></span> <span class='ocrx_word' id='word_1_275' title='bbox 654 3434 694 3495; x_wconf 90' lang='lat' dir='ltr'><strong>ad</strong></span> <span class='ocrx_word' id='word_1_276' title='bbox 716 3434 850 3517; x_wconf 89' lang='lat' dir='ltr'><strong>propria</strong></span> <span class='ocrx_word' id='word_1_277' title='bbox 873 3430 1077 3514; x_wconf 88' lang='lat' dir='ltr'><strong>repedarunt.</strong></span> 
     </span>
    </p>
   </div>
   <div class='ocr_carea' id='block_1_5' title="bbox 111 3552 1201 4141">
    <p class='ocr_par' dir='ltr' id='par_1_12' title="bbox 111 3552 1201 4141">
     <span class='ocr_line' id='line_1_37' title="bbox 191 3552 1200 3640; baseline -0.004 -21"><span class='ocrx_word' id='word_1_278' title='bbox 191 3561 319 3637; x_wconf 89' lang='lat' dir='ltr'><strong>Quarto</strong></span> <span class='ocrx_word' id='word_1_279' title='bbox 352 3558 477 3639; x_wconf 88' lang='lat' dir='ltr'><strong>imperii</strong></span> <span class='ocrx_word' id='word_1_280' title='bbox 504 3558 649 3623; x_wconf 90' lang='lat' dir='ltr'><strong>Mauricii</strong></span> <span class='ocrx_word' id='word_1_281' title='bbox 682 3578 765 3619; x_wconf 91' lang='lat' dir='ltr'><strong>anno</strong></span> <span class='ocrx_word' id='word_1_282' title='bbox 800 3552 991 3637; x_wconf 85' lang='lat' dir='ltr'><strong>Philippicas</strong></span> <span class='ocrx_word' id='word_1_283' title='bbox 1023 3572 1200 3640; x_wconf 74' lang='lat' dir='ltr'><strong>egressura</strong></span> 
     </span>
     <span class='ocr_line' id='line_1_38' title="bbox 113 3636 1201 3726; baseline -0.002 -25"><span class='ocrx_word' id='word_1_284' title='bbox 113 3640 192 3721; x_wconf 84' lang='lat' dir='ltr'><strong>regia</strong></span> <span class='ocrx_word' id='word_1_285' title='bbox 215 3642 307 3719; x_wconf 89' lang='lat' dir='ltr'><strong>urbe,</strong></span> <span class='ocrx_word' id='word_1_286' title='bbox 329 3642 464 3705; x_wconf 86' lang='lat' dir='ltr'><strong>hostium</strong></span> <span class='ocrx_word' id='word_1_287' title='bbox 486 3653 611 3726; x_wconf 78' lang='lat' dir='ltr'><strong>sumpto</strong></span> <span class='ocrx_word' id='word_1_288' title='bbox 643 3650 799 3725; x_wconf 89' lang='lat' dir='ltr'><strong>apparatu</strong></span> <span class='ocrx_word' id='word_1_289' title='bbox 819 3638 859 3699; x_wconf 89' lang='lat' dir='ltr'><strong>ad</strong></span> <span class='ocrx_word' id='word_1_290' title='bbox 881 3639 1040 3701; x_wconf 83' lang='lat' dir='ltr'><strong>civitatem</strong></span> <span class='ocrx_word' id='word_1_291' title='bbox 1059 3636 1201 3699; x_wconf 79' lang='lat' dir='ltr'><strong>Amidam</strong></span> 
     </span>
     <span class='ocr_line' id='line_1_39' title="bbox 112 3722 1200 3808; baseline -0.005 -22"><span class='ocrx_word' id='word_1_292' title='bbox 112 3736 275 3807; x_wconf 86' lang='lat' dir='ltr'><strong>properat,</strong></span> <span class='ocrx_word' id='word_1_293' title='bbox 299 3736 332 3789; x_wconf 88' lang='lat' dir='ltr'><strong>et</strong></span> <span class='ocrx_word' id='word_1_294' title='bbox 346 3725 483 3789; x_wconf 88' lang='lat' dir='ltr'><strong>collectis</strong></span> <span class='ocrx_word' id='word_1_295' title='bbox 495 3727 619 3788; x_wconf 87' lang='lat' dir='ltr'><strong>armatis</strong></span> <span class='ocrx_word' id='word_1_296' title='bbox 633 3722 900 3808; x_wconf 87' lang='lat' dir='ltr'><strong>percunctabatur</strong></span> <span class='ocrx_word' id='word_1_297' title='bbox 913 3741 965 3783; x_wconf 92' lang='lat' dir='ltr'><strong>eos</strong></span> <span class='ocrx_word' id='word_1_298' title='bbox 987 3722 1014 3783; x_wconf 89' lang='lat' dir='ltr'><strong>si</strong></span> <span class='ocrx_word' id='word_1_299' title='bbox 1034 3722 1067 3783; x_wconf 90' lang='lat' dir='ltr'><strong>ia</strong></span> <span class='ocrx_word' id='word_1_300' title='bbox 1087 3740 1200 3802; x_wconf 86' lang='lat' dir='ltr'><strong>prom·</strong></span> 
     </span>
     <span class='ocr_line' id='line_1_40' title="bbox 111 3802 1199 3893; baseline -0.007 -23"><span class='ocrx_word' id='word_1_301' title='bbox 111 3814 165 3883; x_wconf 80' lang='lat' dir='ltr'><strong>plu</strong></span> <span class='ocrx_word' id='word_1_302' title='bbox 187 3809 344 3871; x_wconf 87' lang='lat' dir='ltr'><strong>habereut</strong></span> <span class='ocrx_word' id='word_1_303' title='bbox 363 3809 557 3893; x_wconf 88' lang='lat' dir='ltr'><strong>properandi</strong></span> <span class='ocrx_word' id='word_1_304' title='bbox 580 3809 620 3871; x_wconf 90' lang='lat' dir='ltr'><strong>ad</strong></span> <span class='ocrx_word' id='word_1_305' title='bbox 638 3806 765 3871; x_wconf 83' lang='lat' dir='ltr'><strong>bellum.</strong></span> <span class='ocrx_word' id='word_1_306' title='bbox 807 3816 852 3867; x_wconf 85' lang='lat' dir='ltr'><strong>ast</strong></span> <span class='ocrx_word' id='word_1_307' title='bbox 874 3803 1018 3869; x_wconf 86' lang='lat' dir='ltr'><strong>Romanis</strong></span> <span class='ocrx_word' id='word_1_308' title='bbox 1039 3802 1199 3864; x_wconf 82' lang='lat' dir='ltr'><strong>iuramen-</strong></span> 
     </span>
     <span class='ocr_line' id='line_1_41' title="bbox 113 3885 1201 3964; baseline -0.003 -16"><span class='ocrx_word' id='word_1_309' title='bbox 113 3888 145 3951; x_wconf 89' lang='lat' dir='ltr'><strong>tis</strong></span> <span class='ocrx_word' id='word_1_310' title='bbox 166 3891 332 3955; x_wconf 89' lang='lat' dir='ltr'><strong>credulum</strong></span> <span class='ocrx_word' id='word_1_311' title='bbox 360 3914 431 3955; x_wconf 90' lang='lat' dir='ltr'><strong>eum</strong></span> <span class='ocrx_word' id='word_1_312' title='bbox 453 3890 654 3957; x_wconf 88' lang='lat' dir='ltr'><strong>reddentibus</strong></span> <span class='ocrx_word' id='word_1_313' title='bbox 676 3912 708 3955; x_wconf 89' lang='lat' dir='ltr'><strong>sc</strong></span> <span class='ocrx_word' id='word_1_314' title='bbox 733 3890 880 3953; x_wconf 86' lang='lat' dir='ltr'><strong>alacriter</strong></span> <span class='ocrx_word' id='word_1_315' title='bbox 907 3886 1096 3964; x_wconf 87' lang='lat' dir='ltr'><strong>bellaturos,</strong></span> <span class='ocrx_word' id='word_1_316' title='bbox 1114 3885 1201 3948; x_wconf 82' lang='lat' dir='ltr'><strong>venit</strong></span> 
     </span>
     <span class='ocr_line' id='line_1_42' title="bbox 112 3968 1201 4059; baseline -0.005 -24"><span class='ocrx_word' id='word_1_317' title='bbox 112 3972 146 4031; x_wconf 78' lang='lat' dir='ltr'><strong>ad</strong></span> <span class='ocrx_word' id='word_1_318' title='bbox 168 3976 376 4039; x_wconf 70' lang='lat' dir='ltr'><strong>Anazarbeni</strong></span> <span class='ocrx_word' id='word_1_319' title='bbox 407 3986 440 4038; x_wconf 94' lang='lat' dir='ltr'><strong>at</strong></span> <span class='ocrx_word' id='word_1_320' title='bbox 460 3998 537 4038; x_wconf 82' lang='lat' dir='ltr'><strong>vero</strong></span> <span class='ocrx_word' id='word_1_321' title='bbox 560 3974 741 4059; x_wconf 77' lang='lat' dir='ltr'><strong>cardarigas</strong></span> <span class='ocrx_word' id='word_1_322' title='bbox 772 3974 834 4034; x_wconf 91' lang='lat' dir='ltr'><strong>hoc</strong></span> <span class='ocrx_word' id='word_1_323' title='bbox 854 3979 1018 4053; x_wconf 82' lang='lat' dir='ltr'><strong>comperto</strong></span> <span class='ocrx_word' id='word_1_324' title='bbox 1041 3968 1118 4032; x_wconf 90' lang='lat' dir='ltr'><strong>risui</strong></span> <span class='ocrx_word' id='word_1_325' title='bbox 1141 3990 1201 4031; x_wconf 84' lang='lat' dir='ltr'><strong>au-</strong></span> 
     </span>
     <span class='ocr_line' id='line_1_43' title="bbox 112 4051 1199 4141; baseline 0.004 -30"><span class='ocrx_word' id='word_1_326' title='bbox 112 4052 261 4121; x_wconf 86' lang='lat' dir='ltr'><strong>ditionem</strong></span> <span class='ocrx_word' id='word_1_327' title='bbox 282 4056 467 4138; x_wconf 88' lang='lat' dir='ltr'><strong>mandabat,</strong></span> <span class='ocrx_word' id='word_1_328' title='bbox 493 4061 647 4121; x_wconf 89' lang='lat' dir='ltr'><strong>somnium</strong></span> <span class='ocrx_word' id='word_1_329' title='bbox 676 4056 846 4141; x_wconf 88' lang='lat' dir='ltr'><strong>essequod</strong></span> <span class='ocrx_word' id='word_1_330' title='bbox 872 4054 1036 4117; x_wconf 88' lang='lat' dir='ltr'><strong>dicebatur</strong></span> <span class='ocrx_word' id='word_1_331' title='bbox 1058 4051 1199 4137; x_wconf 85' lang='lat' dir='ltr'><strong>opinans,</strong></span> 
     </span>
    </p>
   </div>
   <div class='ocr_carea' id='block_1_6' title="bbox 111 4134 1297 4310">
    <p class='ocr_par' dir='ltr' id='par_1_13' title="bbox 111 4134 1297 4310">
     <span class='ocr_line' id='line_1_44' title="bbox 111 4134 1199 4225; baseline -0.002 -25"><span class='ocrx_word' id='word_1_332' title='bbox 111 4142 328 4225; x_wconf 71' lang='lat' dir='ltr'><strong>accersitisque</strong></span> <span class='ocrx_word' id='word_1_333' title='bbox 346 4164 395 4203; x_wconf 88' lang='lat' dir='ltr'><strong>ma</strong></span> <span class='ocrx_word' id='word_1_334' title='bbox 419 4144 442 4204; x_wconf 90' lang='lat' dir='ltr'><strong>is</strong></span> <span class='ocrx_word' id='word_1_335' title='bbox 468 4141 683 4222; x_wconf 89' lang='lat' dir='ltr'><strong>interrogabat</strong></span> <span class='ocrx_word' id='word_1_336' title='bbox 704 4140 773 4225; x_wconf 91' lang='lat' dir='ltr'><strong>quis</strong></span> <span class='ocrx_word' id='word_1_337' title='bbox 792 4140 855 4201; x_wconf 86' lang='lat' dir='ltr'><strong>erit</strong></span> <span class='ocrx_word' id='word_1_338' title='bbox 874 4135 1027 4201; x_wconf 83' lang='lat' dir='ltr'><strong>victoriae</strong></span> <span class='ocrx_word' id='word_1_339' title='bbox 1046 4134 1199 4198; x_wconf 85' lang='lat' dir='ltr'><strong>dominns.</strong></span> 
     </span>
     <span class='ocr_line' id='line_1_45' title="bbox 113 4164 1297 4310; baseline 0 -29"><span class='ocrx_word' id='word_1_340' title='bbox 113 4228 155 4281; x_wconf 86' lang='lat' dir='ltr'><strong>ast</strong></span> <span class='ocrx_word' id='word_1_341' title='bbox 176 4222 364 4289; x_wconf 84' lang='lat' dir='ltr'><strong>daemonum</strong></span> <span class='ocrx_word' id='word_1_342' title='bbox 384 4164 557 4310; x_wconf 78' lang='lat' dir='ltr'><strong>placatores</strong></span> <span class='ocrx_word' id='word_1_343' title='bbox 580 4226 687 4289; x_wconf 83' lang='lat' dir='ltr'><strong>Persas</strong></span> <span class='ocrx_word' id='word_1_344' title='bbox 708 4223 888 4287; x_wconf 88' lang='lat' dir='ltr'><strong>astruebant</strong></span> <span class='ocrx_word' id='word_1_345' title='bbox 917 4244 937 4285; x_wconf 89' lang='lat' dir='ltr'><strong>a</strong></span> <span class='ocrx_word' id='word_1_346' title='bbox 956 4220 1014 4286; x_wconf 89' lang='lat' dir='ltr'><strong>diis</strong></span> <span class='ocrx_word' id='word_1_347' title='bbox 1033 4218 1297 4301; x_wconf 70' lang='lat' dir='ltr'><strong>victoriampttt</strong></span> 
     </span>
    </p>
   </div>
   <div class='ocr_carea' id='block_1_7' title="bbox 0 0 1530 4900">
    <p class='ocr_par' dir='ltr' id='par_1_14' title="bbox 0 0 1530 4900">
     <span class='ocr_line' id='line_1_46' title="bbox 0 0 1530 4900; baseline 0 4"><span class='ocrx_word' id='word_1_348' title='bbox 0 0 1530 4900; x_wconf 95' lang='lat' dir='ltr'><strong> </strong></span> 
     </span>
    </p>
   </div>
  </div>
 </body>
</html>
