3050 4900
477 276 615 346 Nosne
642 277 929 346 rosrnnronss.
1185 266 1257 343 649

162 477 220 518 τινα
240 449 350 517 αὔταῦ.
394 457 470 519 latet
490 481 541 520 me
570 457 655 520 unde
680 457 716 522 P.
736 459 826 520 Gosr
859 457 891 519 in
916 463 980 518 not.
1002 465 1066 518 tres
1087 454 1257 528 lralrucrit;

164 540 221 601 nisi
241 561 310 602 eum
333 543 486 602 memoria
505 543 632 604 lesellit:
655 541 765 603 tertius
779 541 863 604 enim
884 541 1005 605 Nicetes
1026 540 1175 624 abrogata
1198 538 1259 600 iam

164 626 323 687 Constant.
344 624 494 707 dignitate
514 635 603 686 natus
624 624 759 686 videtur.

248 716 320 798 684,
344 722 372 783 1.
415 722 450 784 ir
475 729 542 794 τοῖς
563 719 740 802 Πελαγιόο]
775 724 849 806 Reg.
879 733 937 786 etc.
967 723 1001 784 in
1023 721 1144 804 Pelagii
1162 721 1259 806 sepul-

162 809 245 867 rlmu.
265 803 318 866 hic
339 805 461 872 emend.
484 805 620 870 Cedreni
656 816 766 885 textas,
788 827 852 890 qno
874 807 1017 884 habetur,
1039 803 1085 877 εἰς
1104 801 1138 866 ri
1160 805 1260 865 πέλα-

162 909 237 968 γοςι
266 890 370 970 plane,
400 888 446 963 εἰς
467 884 515 970 [sd
547 890 721 971 Πελαμίνο.
753 892 803 952 sel
835 899 872 952 ut
893 891 957 974 ipse
982 887 1109 968 scribit,
1134 881 1168 949 sd
1190 889 1261 951 Hs.

164 968 203 1034 λα’
224 990 281 1033 ιον.

204 990 224 1053 γ
250 1051 323 1130 685,
347 1054 378 1120 8.
421 1049 478 1134 τήν
499 1053 534 1114 ἐκ
555 1051 618 1116 τῶν
638 1053 885 1140 ἐξαγορεύσαντα]
909 1056 984 1138 Reg.
1006 1064 1065 1118 etc.
1081 1071 1262 1134 προσοικει-

163 1137 284 1198 ciclus
304 1144 369 1208 τοῖς
387 1135 547 1209 τοιούτοις.
601 1137 656 1200 κατ’
676 1138 718 1221 τῷ
733 1136 881 1223 μακαρίῳ
906 1133 1058 1223 Στεφάνῳ
1080 1137 1124 1219 τῷ
1143 1137 1260 1216 ἐγκλεί-

162 1239 237 1302 οτρι.
279 1220 322 1281 sic
344 1221 417 1303 legit
439 1220 727 1304 redditqucdnast.
750 1222 900 1306 quicquid
923 1220 1017 1284 modo'
1040 1219 1132 1282 codd.
1152 1241 1260 1282 vocem

166 1297 316 1386 Στεφάνῳ
341 1302 529 1365 desiderent.
572 1305 671 1386 liquet
694 1305 733 1367 de
754 1327 793 1367 eo
816 1307 847 1368 S.
869 1305 1011 1367 terentii
1036 1304 1153 1364 incluso
1174 1326 1260 1367 mar.

165 1393 236 1468 tyre
259 1386 310 1447 hic
323 1387 386 1469 agi,
405 1387 444 1449 de
465 1409 529 1471 qao
543 1409 650 1470 supra,
669 1387 846 1470 cumipsius
866 1389 969 1450 Strato
992 1387 1023 1465 ii,
1044 1408 1081 1447 ac
1102 1386 1260 1448 sociorum

163 1480 321 1532 certamen
343 1471 479 1532 relatum
500 1481 555 1548 cst,
577 1493 611 1532 ea
624 1473 789 1533 occasione
811 1473 897 1554 quod
921 1473 940 1533 ii
953 1411 992 1532 ad
1006 1470 1092 1532 illum
1113 1471 1262 1552 frequen.

167 1563 212 1613 tes
236 1554 329 1628 irent,
351 1575 468 1637 suaque
490 1553 532 1615 illi
554 1563 682 1636 peccata
702 1576 792 1617 sacro
817 1553 1057 1638 exhomologesis
1079 1553 1142 1613 ritu
1165 1573 1261 1634 expo.

166 1645 299 1697 nerents
323 1647 359 1698 ot
379 1645 451 1698 sunt
479 1638 545 1699 stre
567 1639 736 1718 etiamnum
766 1637 850 1720 apud
874 1642 1012 1702 Graecos
1033 1636 1090 1698 soli
1112 1635 1260 1719 religiosi,

127 1793 131 1800 .
165 1713 195 1778 oi
215 1719 442 1801 πνευματικοί,
466 1741 503 1782 sc
523 1722 722 1800 confessarii,
743 1743 822 1804 quos
842 1741 1005 1794 vocamus;
1028 1719 1177 1803 quicquid
1199 1741 1261 1780 no-

167 1809 278 1863 strates
297 1803 387 1864 multi
410 1824 503 1884 aegre
529 1806 633 1866 ferant
660 1803 691 1865 id
708 1805 798 1869 uobis
817 1807 965 1882 muueris,
988 1823 1025 1864 ec
1053 1800 1262 1864 mendicanti..

164 1885 243 1960 irus,
277 1893 363 1946 tanta
385 1887 600 1948 Romanorum
628 1887 814 1971 pontificum
844 1888 1044 1972 indulgentia,
1067 1894 1100 1949 et
1121 1895 1158 1948 ut
1177 1886 1264 1948 volut

167 1965 300 2030 vicarios
322 1989 393 2029 snos
416 1969 563 2031 inanimi
586 1972 657 2032 foro
680 1979 750 2032 toto
771 1971 972 2048 constituant,
994 1969 1140 2054 delegari.
1181 1970 1264 2032 male

165 2072 241 2134 ergo
259 2053 296 2113 P.
321 2055 408 2114 Goar
433 2056 535 2115 nescio
563 2075 655 2138 quem
675 2055 918 2117 sibillocarium
939 2057 969 2118 S.
984 2053 1134 2138 Stephani
1155 2053 1262 2114 iunio.

167 2134 208 2196 ris
226 2135 345 2196 socium
369 2133 520 2197 inclusum
549 2138 708 2218 confingit.
761 2146 880 2200 tantam
901 2140 981 2200 hanc
1002 2137 1034 2198 in
1057 2137 1263 2198 monasticum

165 2215 308 2280 ordinem
345 2219 547 2280 scelestissimi
578 2221 705 2303 tyranni
735 2221 874 2282 sevitiam
901 2223 979 2284 libet
1013 2221 1062 2282 nic
1090 2218 1197 2302 paucis
1227 2219 1261 2286 S.

164 2301 327 2362 Theodori
348 2301 450 2363 verbis
472 2303 502 2363 in
523 2303 655 2364 Platone
677 2312 768 2385 patre
798 2305 928 2366 referre.
949 2295 1070 2383 ἤκμαζε
1091 2302 1259 2383 τηνικαῦτα

165 2376 322 2464 ὄχειμών
341 2385 397 2466 τῆς
421 2381 587 2466 ἀσεβείας,
619 2387 860 2459 Κωνσταντῖνος
884 2381 901 2445 d
923 2380 1080 2466 δυσσεβὴς
1100 2379 1259 2464 λογισμός,

167 2464 203 2530 sd
224 2468 278 2547 τῆς
297 2468 408 2539 κακιάς
429 2468 564 2550 δοχιῖον,
588 2466 607 2529 ὅ
628 2470 847 2552 πολοιιὲφαλος
868 2464 1004 2548 δράκων.
1026 2464 1042 2529 ὁ
1063 2466 1117 2546 τῆς
1139 2464 1258 2528 cleosa.

164 2545 479 2653 uapsxic'oios'ueaog
507 2546 694 2635 προστάτης,
724 2548 1011 2650 {reducireduci
1030 2548 1187 2629 τάγματος
1206 2572 1258 2610 ιιι·

168 2654 244 2712 κρος
263 2633 408 2717 deumne·
458 2655 495 2708 ος
522 2635 595 2697 τίνα
623 2636 684 2713 μὲν
704 2657 768 2696 των
797 2634 868 2696 καθ’
890 2628 974 2716 ἡμᾶς
996 2628 1180 2709 Ναζιραίιον
1201 2632 1260 2693 ονίι

166 2709 357 2797 trapetum·
397 2716 467 2778 τίνα
494 2717 530 2780 δὲ
552 2714 767 2799 κρυπτόμενον
785 2718 842 2779 οοίι
861 2716 906 2791 εἷς
928 2712 1026 2796 μέσον
1046 2700 1152 2797 ἤγαγε·
1173 2720 1260 2777 nolas
1365 2772 1369 2779 .

167 2796 204 2859 δὲ
227 2796 471 2881 ἀναφερόμενον
504 2798 544 2863 ου’
563 2801 759 2863 κατέσπασεν
793 2802 837 2875 εἰς
855 2795 889 2864 rri
912 2801 969 2883 τῆς
991 2798 1137 2879 α’σεβείας
1158 2796 1259 2877 dolon.

166 2882 265 2958 θρον·
310 2878 354 2951 οἷς
374 2878 479 2945 εἵπου
496 2882 567 2946 τινὰ
587 2885 853 2967 ἑναπολειφθὲντα
872 2884 934 2953 τῷν
955 2880 1129 2967 ἐπιφανῶν,
1150 2878 1256 2967 ὥσπέρ

165 2984 237 3024 τινα
259 2964 420 3045 σπινθῆρα
443 2966 476 3026 s'u
500 2961 669 3052 ἆποβύοτιρ
698 2968 781 3053 roupi
802 2970 952 3049 reluctor,
975 2968 1009 3030 ἐν
1027 2972 1147 3045 νεκροῖς
1171 2969 1258 3027 leto·

165 3045 277 3124 μ’σθαι
297 3045 382 3125 παρὰ
403 3048 464 3109 τῶν
484 3042 530 3110 ἔτι
553 3044 633 3129 ὑπὲρ
655 3048 712 3129 γῆς
740 3040 849 3112 ὄντων.
890 3054 1012 3132 uigebat
1029 3064 1097 3111 tunc
1117 3050 1258 3130 temporis

165 3130 333 3213 impietatis
351 3132 508 3213 procella,
542 3132 749 3195 Constantinus
778 3155 860 3196 mens
878 3138 995 3219 ι’πιμὶα,
1021 3133 1168 3217 neqeuitiae
1185 3152 1258 3195 con·

166 3214 369 3295 captaculsam,
390 3216 544 3298 multiceps
563 3216 668 3293 ἅπασα,
691 3218 956 3280 iconomachorum
970 3217 1098 3277 lucreris
1118 3214 1186 3276 cirac
1205 3214 1258 3276 al-

166 3308 222 3373 ter,
247 3299 408 3358 monastici
424 3298 542 3360 ordinis
563 3321 666 3361 saevus
682 3315 864 3385 persecutor.
912 3320 1001 3384 quem
1020 3298 1073 3359 ille
1092 3310 1258 3359 nostrorum

166 3378 401 3442 Nazaraeorum
430 3402 492 3443 non
520 3385 658 3445 smtulit?
685 3404 772 3467 quem
786 3384 967 3446 latitantem
987 3402 1048 3443 non
1067 3382 1100 3441 in
1124 3380 1259 3441 aredium

167 3462 341 3544 produxit?
364 3485 451 3547 quem
473 3465 655 3527 resistentem
688 3486 748 3527 non
769 3466 802 3525 in
823 3466 984 3549 impietatis
1005 3465 1183 3527 barathrum
1203 3462 1260 3523 cle-

166 3548 289 3606 mmcd?
314 3560 346 3607 ut
364 3548 459 3629 siquis
492 3568 535 3609 ex
555 3548 720 3611 illustribus
746 3548 858 3609 alicuid
886 3562 1033 3633 superstes
1062 3558 1160 3623 esset,
1183 3547 1260 3607 vetra

167 3628 304 3689 scintilla
322 3632 356 3691 in
374 3630 495 3693 obstruo
514 3630 581 3691 loco
596 3633 717 3714 posita,
729 3630 809 3692 inter
827 3646 962 3692 mortuos
977 3632 1016 3691 iis
1031 3641 1258 3713 computaretur,

165 3712 220 3808 qui
237 3714 375 3775 Ιιαειτααι
395 3734 488 3800 super
504 3730 621 3775 terram
650 3717 723 3775 liwir
737 3716 1052 3793 usurasruebanturs
1076 3712 1258 3795 qualissolr.

167 3791 241 3856 rode
260 3795 292 3860 S.
315 3796 406 3858 Plato
432 3794 643 3876 describitur,
677 3819 771 3880 quem
791 3796 934 3879 plerique
968 3799 1073 3858 vivere
1096 3792 1258 3875 nescirent,

166 3877 319 3940 miraculo
341 3879 465 3941 habitus
484 3900 555 3942 cum
576 3881 712 3943 extincto
735 3888 870 3965 tyranno
887 3881 1067 3963 Byzantium
1078 3878 1179 3959 petiit,
1204 3900 1258 3940 rc-

165 3960 240 4021 iictn
267 3962 416 4046 tantisper
436 3963 613 4039 solitudine,
635 3965 688 4026 nbi
709 3986 782 4026 vere
804 3962 935 4025 scintilla
962 3984 1038 4023 onus
1060 3962 1175 4043 ipsein
1190 3982 1258 4021 mo-

166 4044 341 4191 pachornm
374 4047 502 4111 multum
531 4057 663 4133 segetem
689 4047 843 4134 provexit.
899 4044 1076 4129 τιν’θννῆοαι
1108 4040 1145 4109 si
1178 4040 1258 4125 εἴδη.

195 4147 242 4210 eg.
263 4138 322 4192 etc.
1090 4152 1092 4157 ·
