3050 4900
279 327 337 418 'tt
451 350 660 418 sassrasn
679 346 875 416 aurosa
903 345 1211 418 mursinense

174 541 244 612 pao
262 529 449 613 treiegavit.
491 531 611 592 interea
632 529 774 592 Liberius
808 549 891 612 papa
910 529 1064 590 Romanus
1085 536 1117 590 et
1138 526 1319 592 Athanasius
1340 542 1375 594 et

221 641 226 650 ·
287 613 428 675 Meletias
461 614 493 675 et
521 615 779 676 sumersetensium
799 612 967 689 Eusebius,
988 612 1045 696 qui
1066 611 1184 674 luviani
1203 625 1375 696 praecepto

286 697 325 757 sh
347 696 438 758 erilio
463 698 588 759 fuerant
610 697 759 774 revocati,
781 696 812 756 iu
835 694 1041 758 orthodoxiae
1061 712 1205 757 sermone
1217 697 1371 781 rigebant,

286 799 405 842 necnon
436 790 469 842 et
489 779 786 865 Hierosolymitanus
813 778 945 863 Cyrinus
973 777 1077 841 etalii
1099 779 1236 861 episcopi
1258 780 1374 842 ortho-

285 862 381 925 doxae
401 862 473 926 iidei
500 873 760 948 propugnatores.
816 862 936 924 Arianis
962 873 1067 924 eutem
1095 872 1263 945 praeerant
1288 865 1373 947 apud

284 945 499 1008 Alexandriam
530 949 642 1010 Luciam
675 955 707 1008 et
736 945 820 1028 epod
840 945 1036 1008 Antiochiam
1056 945 1206 1023 Euzoius,
1225 948 1372 1010 Paulinus

152 1031 387 1104 pauitantem
414 1031 468 1092 ani
489 1030 576 1114 perti
596 1029 865 1107 orthodoxorum,
894 1029 985 1092 elteri
1005 1050 1082 1092 vero
1102 1028 1256 1092 Meletias.
1299 1033 1374 1114 qui·-

285 1111 356 1175 dem
374 1133 445 1174 saue
466 1113 554 1176 aiant
575 1114 662 1212 qaod
680 1114 844 1176 Dominice
866 1131 950 1175 uxor
967 1112 1106 1176 Veientis
1136 1115 1324 1195 persuaserit
1343 1115 1373 1177 ei

283 1203 347 1256 tarn
369 1197 508 1261 valenter
529 1199 595 1260 Aris
615 1217 737 1260 seusam
756 1195 881 1258 sectari.
930 1217 1032 1279 porro
1053 1195 1105 1259 elii
1123 1197 1266 1259 scribant
1286 1197 1374 1282 qaod

172 1313 175 1320 ν
283 1288 448 1362 postquam
467 1281 670 1363 imperaverit
690 1281 728 1342 eb
752 1279 896 1344 Eudoxio
916 1280 1098 1363 baptizatus,
1121 1277 1297 1342 iuramento
1317 1283 1373 1342 fir.

283 1364 415 1428 suaserit
437 1364 468 1424 in
492 1364 559 1447 ipso
579 1365 761 1447 baptismate
776 1385 848 1426 eam
862 1362 937 1426 Ario
957 1385 990 1425 se
1010 1383 1170 1426 sensurum
1182 1373 1215 1425 et
1234 1363 1372 1426 homou-

283 1447 361 1510 siam
383 1447 508 1510 minime
525 1457 745 1529 receptarum
767 1457 801 1508 et
820 1447 864 1510 sie
878 1446 1006 1532 utrique
1027 1447 1105 1510 dena
1120 1445 1205 1508 milia
1223 1469 1372 1530 perseeu-

283 1531 405 1590 tionam
427 1531 457 1590 in
480 1531 673 1592 orthodoxos
696 1538 945 1592 commoverunt
987 1530 1117 1593 mittunt
1137 1539 1241 1591 autem
1263 1541 1296 1594 et
1316 1532 1373 1594 Li-

207 1676 237 1686 „
281 1613 373 1674 herio
404 1613 600 1676 Eustathiam
629 1616 799 1675 Armenam
827 1623 859 1676 et
885 1613 1043 1675 Silvanum
1075 1616 1254 1676 Tarsensem
1275 1622 1370 1698 atque

206 1698 209 1710 '
281 1692 493 1780 Theophilum
509 1697 761 1774 Castavuieusam,
782 1697 1035 1779 repromittentes
1057 1717 1116 1780 per
1129 1697 1209 1778 ipsos
1230 1698 1373 1780 recipere

284 1777 491 1842 homousiam.
535 1783 588 1864 qai
627 1781 818 1842 ervenientes
829 1779 957 1841 Liberio
978 1779 1131 1862 scripturn
1150 1796 1210 1862 pro
1233 1779 1372 1842 homou-

282 1862 328 1921 sio
362 1873 575 1946 porrexerunt
603 1803 765 1944 libellum,
800 1864 984 1946 prolitentes
1014 1882 1046 1925 se
1076 1883 1198 1924 omnem
1220 1861 1372 1926 haeresim

282 1965 464 2025 eversuros,
495 1967 576 2030 quae
610 1945 728 2030 synodo
760 1948 911 2009 Nicaeaae
929 1947 1013 2008 foret
1040 1945 1185 2021 adversa3
1206 1947 1317 2091 (podius
1339 1955 1373 2009 et

282 2032 414 2111 'receptis
435 2027 576 2091 Liberius
606 2030 855 2110 communicavit,
876 2029 1076 2115 scribensque
1087 2029 1219 2093 Oriente
1234 2030 1300 2092 ibas
1321 2036 1372 2094 ie·

281 2111 461 2173 stimonium
481 2097 538 2173 illis
559 2113 722 2196 perhibuit
742 2112 958 2176 orthodoxiae.

149 2223 275 2298 9-8914
341 2226 1370 2309 Mundianao5861,divinaeincarnationisann0361,ooaoilium

282 2313 442 2409 Tyanease
464 2313 655 2376 celebratum
677 2323 730 2391 est,
755 2314 787 2376 in
810 2338 874 2413 quo
890 2313 1008 2412 inventi
1029 2322 1102 2374 suut
1122 2313 1270 2378 Eusebium
1292 2315 1372 2412 Cae:

282 2415 421 2459 sarrensis
445 2395 671 2479 Cappadociae,
693 2401 866 2481 Gregorius
876 2400 1083 2461 Nazianzenus
1103 2407 1196 2480 pater
1223 2401 1372 2482 Gregorii

282 2478 431 2563 deiloqui,
454 2482 556 2564 quiet
577 2482 642 2564 ipse
664 2482 870 2546 Nazianzenus
891 2482 1074 2625 appellatur,
1095 2492 1129 2542 et
1148 2483 1280 2545 Trieuus
1301 2484 1372 2544 ilie-

284 2563 436 2625 iiteuensis
456 2575 488 2627 et
507 2564 574 2637 ulii3
596 2563 652 2649 qai
672 2567 894 2649 superbiberii
927 2565 1026 2627 itteris
1045 2561 1212 2629 exultantes
1231 2566 1372 2627 omuibus

282 2646 469 2709 orthodoxis
496 2649 749 2732 significaverunt
777 2651 929 2731 episcopis
960 2670 1025 2730 quo
1047 2648 1180 2708 Tarsum
1201 2649 1232 2710 iu
1256 2649 1372 2710 couiir.

281 2730 450 2791 mationem
471 2752 565 2793 verae
586 2741 689 2793 reetee
708 2730 782 2793 lidei
801 2731 1021 2807 convenireut3
1047 2751 1111 2815 quo
1132 2730 1239 2795 audito
1258 2732 1370 2796 Valens

147 2864 154 2873 .
283 2831 336 2873 eos
356 2810 522 2895 prohibuit
541 2812 721 2875 convenire.

153 2930 225 3001 pii)
243 2930 277 2985 16
367 2928 510 3011 Cyziceni
539 2940 642 2991 autem
662 2926 853 2991 Eunomiom
879 2929 1010 2993 insecuti
1032 2941 1106 2995 sunt
1124 2940 1274 3015 tauquam
1294 2930 1370 2991 hae-

284 3010 417 3075 reticum
445 3020 477 3074 et
497 3012 561 3075 blas
583 3011 727 3091 hemum,
762 3015 818 3097 qai
846 3015 970 3077 renisus
1001 3016 1110 3079 unitas
1147 3022 1194 3078 est
1212 3012 1370 3077 Eudoxias

284 3104 352 3157 erat
375 3096 457 3157 enim
481 3034 725 3179 blasphemasset
747 3097 931 3174 acerrimus,
949 3118 1147 3181 praesumens
1169 3098 1276 3160 dicere
1296 3097 1372 3181 quia

285 3178 359 3241 deus
379 3178 417 3241 de
437 3182 571 3263 propria
592 3181 762 3241 substantia
780 3180 857 3242 nihil
878 3182 967 3243 nobis
979 3185 1108 3267 amplius
1129 3182 1227 3243 novit.
1268 3201 1371 3263 porro

285 3260 397 3325 Veiens
416 3263 542 3347 paganis
564 3263 650 3326 dedit
670 3265 822 3326 sacrificia
850 3273 883 3325 et
901 3265 1107 3329 solemnitates
1129 3263 1308 3327 celebrandi
1331 3263 1372 3323 li-

284 3345 429 3407 centiam.
474 3348 543 3426 peri
564 3348 660 3408 modo
682 3356 715 3410 et
736 3347 865 3410 ludaeos
880 3349 1007 3411 fovebat
1027 3360 1060 3412 et
1079 3348 1267 3426 honorabat,
1289 3348 1371 3409 solos

283 3437 406 3491 tentum
429 3430 622 3492 orthodoxos
644 3430 676 3489 in
699 3431 869 3513 apostolice
890 3434 1044 3495 insecutas
1062 3432 1197 3495 aecimis.

153 3532 225 3605 1³·9i3
244 3534 275 3589 ¹⁷
366 3536 464 3599 liuius
497 3555 578 3599 euno
596 3538 732 3621 ¹imperil
759 3558 844 3601 nono
873 3540 905 3601 8.
935 3540 1116 3602 Athanasius
1149 3535 1371 3601 Alexandrinus

284 3619 430 3703 migravit
449 3618 488 3681 ed
509 3620 679 3699 dominam,
700 3644 770 3683 curn
792 3623 1006 3706 episcopatum
1026 3625 1160 3707 gessisset
1182 3622 1267 3683 annis
1289 3642 1368 3705 qaa-

284 3703 426 3785 draginta
445 3717 518 3779 sex,
540 3719 575 3764 ex
599 3706 709 3788 quibus
739 3706 944 3790 quadraginta
966 3708 997 3768 in
1020 3704 1286 3790 persecutionibus
1306 3700 1369 3786 pro

283 3788 399 3869 pietate
420 3808 456 3848 uc
481 3788 628 3869 periculis
655 3788 739 3851 vixit.
794 3790 845 3851 eui
865 3790 1008 3853 successit
1027 3792 1148 3868 Petrus,
1170 3790 1224 3873 qui
1249 3787 1370 3853 Arianis

286 3872 316 3931 in
338 3870 510 3931 multorum
542 3870 704 3934 homiuum
732 3872 839 3936 caedes
869 3876 1076 3956 grassantibus
1107 3874 1210 3956 pulsas
1236 3871 1371 3934 Romam

284 3952 401 4035 fugiens
423 3952 460 4015 ed
473 3956 637 4019 Damasum
651 3959 847 4041 properarit,
869 3958 954 4019 euius
971 3968 1007 4021 'et
1027 3966 1220 4034 orassemus,
1243 3955 1370 4038 quando

283 4045 315 4099 et
337 4036 515 4117 horrenda,
536 4050 717 4124 quaegesta
738 4041 871 4103 suntab
897 4040 1018 4102 Arianis
1039 4041 1122 4125 apud
1141 4039 1369 4110 Alexandriam,

282 4138 341 4201 per
362 4120 521 4202 epistolam
550 4124 811 4207 conscripserunt.
863 4123 972 4186 eodeni
995 4146 1078 4187 auno
1101 4132 1133 4186 et
1154 4122 1280 4184 besilius
1302 4122 1372 4207 epi·

282 4224 397 4287 scopus.
414 4206 577 4271 caesariae
595 4210 692 4271 fectus
713 4218 767 4286 est,
787 4230 861 4271 eum
878 4208 1027 4272 Eusebius
1049 4208 1102 4293 pie
1122 4207 1295 4271 dormiam
