3050 4900
488 415 540 479 EX
576 415 834 482 THEOPHANE.
1137 409 1205 484 145

115 581 249 644 invicem
269 601 362 665 agere
382 582 478 647 lussit.
523 585 718 669 impulsiones
740 596 845 650 autem
863 587 1058 652 adsumentes
1079 611 1115 651 ac
1133 611 1208 673 pera

114 668 268 738 cessiones
290 671 322 728 in
343 667 532 730 alterutrum
555 670 780 751 efficiebantur,
809 681 841 732 et
863 671 985 733 babitus
1005 671 1077 736 belli
1101 684 1208 734 osten.

115 751 292 826 debeatur,
323 759 453 834 eratque
486 753 638 816 horribile
667 755 735 815 unu
763 759 987 836 spectaculum,
1005 757 1071 818 sine
1092 759 1208 820 timore

116 833 302 914 periculum,
326 843 357 894 et
381 835 419 895 ad
433 845 548 918 strages
568 838 701 918 impetus
722 839 787 899 sine
806 841 962 922 sanguine,
984 839 1036 902 sed
1057 851 1129 902 ante
1151 863 1207 901 ne-

113 917 287 979 cessitatem
308 919 494 980 necessitatis
525 921 633 998 modi,
654 923 799 1004 quatinus
827 925 1038 1006 unusquisque
1057 936 1208 1007 percepta

113 1001 279 1062 occasione
300 1000 400 1062 caedis
423 1002 577 1064 innocuae
598 1003 699 1064 tutior
726 1016 935 1085 permaneret.
976 1009 1082 1069 taliter
1104 1017 1209 1069 autem
1312 1059 1316 1070 ,

113 1085 241 1145 armatis
262 1085 406 1147 omnibns
428 1089 589 1168 praecepit
611 1087 650 1146 ab
673 1088 822 1150 iniustitia
843 1090 965 1169 penitus
992 1090 1208 1154 abstinendum

113 1176 144 1229 ct
164 1169 315 1250 pietatem
344 1169 534 1230 sectandum.
586 1189 688 1251 porro
721 1193 793 1232 cum
818 1175 1007 1254 pervenisset
1037 1173 1076 1234 ad
1102 1182 1207 1257 partes

16 1317 20 1326 ,
113 1253 288 1329 Armeniae,
302 1272 510 1333 praecurrere
532 1253 617 1316 iussit
637 1252 762 1316 electos.
786 1257 1015 1318 Saracenorum
1030 1279 1107 1320 vere
1133 1267 1208 1320 tuuc

113 1337 171 1396 snb
192 1335 291 1416 pactis
312 1337 478 1397 Persarum
501 1337 745 1400 constitutorum
775 1339 943 1400 multitudo
965 1342 1107 1424 equitum
1129 1338 1208 1402 elam

113 1419 144 1478 in
168 1420 393 1500 imperatorem
416 1419 538 1482 irruere
558 1421 776 1482 meditabatur.
827 1423 889 1482 uiri
910 1431 1013 1485 nutem
1034 1426 1208 1506 imperato.

115 1501 172 1578 ris,
192 1504 247 1585 qui
274 1513 528 1584 praecurrerant,
551 1503 597 1566 his
632 1512 832 1566 occurrentes
864 1516 1043 1586 praetorem
1067 1510 1208 1590 ipsorum

114 1587 255 1646 vinctum
278 1585 317 1646 ad
341 1587 518 1648 Heraclium
546 1588 760 1665 adduxerunt,
790 1588 910 1671 illisque
937 1589 968 1650 in
988 1592 1093 1674 fugam
1113 1593 1208 1654 versis

114 1672 230 1730 multus
252 1669 486 1730 interemerunt.
529 1673 602 1754 quia
625 1691 701 1732 veru
721 1671 823 1734 hieme
845 1672 1011 1736 accedente
1035 1676 1209 1757 imperator

115 1752 155 1814 ad
174 1751 341 1813 Ponticum
356 1753 445 1814 clima
461 1751 600 1827 divertit,
624 1755 721 1816 visum
743 1756 940 1819 estbarbaris
956 1757 1099 1820 obsidere
1121 1756 1207 1820 illum

115 1836 145 1896 iu
167 1835 230 1895 hoc
249 1835 445 1898 hiemantem.
468 1845 500 1897 at
522 1837 573 1899 ille
591 1838 697 1900 Persas
721 1837 819 1900 latens
841 1850 937 1924 atque
956 1840 1112 1905 divertens
1129 1840 1305 1919 Per-pm

114 1917 210 1981 sidem
238 1931 403 2000 properat.
452 1917 515 1981 boe
544 1920 672 1983 barbari
700 1922 830 2003 cognito
861 1923 894 1984 in
925 1946 1090 1988 rancorem
1117 1947 1208 1988 eausa

115 2003 264 2085 insperati
287 2003 386 2063 aditus
401 2000 602 2071 devenerunt.
647 2005 802 2067 Sarbarus
820 2025 909 2087 vero,
930 2004 1097 2070 Persarum
1112 2024 1209 2091 prae.

114 2095 184 2161 tor,
209 2097 340 2165 eccepto
370 2095 537 2167 potentatu
568 2108 624 2149 suo
648 2087 787 2150 venitin
817 2088 974 2165 Ciliciam,
1006 2092 1153 2176 quatinus
1177 2094 1208 2154 in

114 2169 298 2230 Romaniam
319 2190 454 2250 egressus
483 2169 568 2232 huuc
589 2169 664 2232 dare
695 2170 824 2234 dorsum
845 2175 1055 2256 compelleret.
1098 2177 1208 2238 tianeus

115 2261 219 2314 autern
242 2273 282 2313 ne
304 2273 364 2333 per
393 2255 569 2314 Armeniam
600 2255 631 2316 iu
661 2255 821 2316 Persidem
853 2256 1027 2339 imperator
1058 2252 1209 2341 ingressus
1307 2284 1311 2292 ·

114 2335 195 2396 banc
216 2336 379 2410 turbaret,
412 2345 539 2398 coaetus
561 2347 607 2401 est
627 2339 714 2420 sequi
735 2349 809 2419 post
828 2339 1004 2402 Romanum
1027 2343 1207 2418 exercitum,

114 2414 214 2481 furari
236 2439 347 2481 curans
368 2419 493 2499 bellum,
514 2428 547 2483 et
566 2442 626 2504 per
647 2421 814 2484 obscuram
829 2422 957 2506 aggredi
976 2434 1112 2491 noctem.
1153 2429 1207 2488 scd

113 2513 264 2565 econtra
287 2502 394 2586 plenae
424 2504 516 2566 lunae
534 2513 602 2567 totu
628 2514 721 2566 nocte
744 2504 815 2567 lucc
837 2506 991 2587 fulgente,
1012 2506 1219 2572 cavillatione-

114 2588 278 2647 frustratus
295 2594 355 2661 est,
380 2596 412 2649 et
433 2586 553 2665 lunam,
576 2585 732 2670 quaesibi
752 2588 840 2670 prius
861 2590 893 2648 in
915 2590 1000 2649 cultu
1021 2591 1134 2669 fuerat,
1161 2595 1208 2654 in..

113 2670 268 2746 fumabat,
303 2690 382 2753 quae
413 2670 556 2733 videlicet
585 2671 722 2753 eclipsim
754 2693 789 2732 er
817 2670 978 2733 accidente
999 2670 1126 2736 tulisset.
1171 2698 1207 2741 ur

112 2752 175 2815 boc
200 2774 277 2837 ergo
305 2753 495 2814 formidabat
515 2755 668 2817 Sarbarus
700 2776 773 2815 cum
803 2754 995 2837 imperatore
1023 2756 1208 2822 conflictam

112 2838 262 2920 aggredi,
292 2846 324 2898 et
343 2845 481 2898 montem
511 2839 690 2901 conscendit
722 2838 808 2920 qnasi
829 2838 989 2915 dorcades,
1012 2839 1142 2905 intuitus
1167 2844 1206 2905 ab

113 2920 233 2983 excelso
252 2921 368 2981 bonam
390 2928 421 2981 et
440 2922 572 3002 sapienti
595 2921 804 3003 compositum
826 2932 896 2985 arte
925 2921 1066 2988 militiam
1088 2924 1205 2989 Roma.

113 3025 239 3065 norum.
282 3004 451 3085 Comperta
475 3025 551 3065 vero
573 3004 748 3087 imperator
773 3004 887 3067 horum
906 3007 1077 3069 formidine
1101 3011 1131 3071 in
1154 3007 1204 3073 lo-

110 3089 152 3148 cis
174 3088 362 3149 morabatur
385 3087 581 3169 requietione
596 3088 727 3165 refertis,
748 3084 832 3150 huuc
848 3086 886 3149 ad
908 3088 1026 3151 bellum
1046 3094 1203 3175 instigans·

112 3170 333 3232 descendentes
356 3178 458 3231 autem
481 3172 560 3232 elam
576 3169 614 3233 de
635 3181 744 3233 monte
764 3192 855 3254 saepe
874 3171 1036 3234 conflictus
1059 3179 1300 3255 concita-pm

109 3253 196 3330 bant,
218 3254 272 3314 sed
293 3255 324 3315 in
346 3254 464 3314 cunctis
479 3254 612 3317 Romani
632 3256 803 3337 primatum
824 3256 983 3335 tenebant,
1004 3265 1036 3317 et
1055 3258 1204 3323 liduelam

111 3337 301 3419 peramplius
321 3338 471 3399 exercitus
493 3338 675 3416 obtinebat,
695 3338 837 3399 uidentes
857 3340 1080 3419 imperatorem
1098 3342 1203 3424 proli·

111 3423 246 3482 cientem
276 3420 307 3479 in
330 3420 474 3483 omnibus
503 3430 535 3482 et
559 3421 709 3483 audacter
727 3420 971 3503 belligerantem.
1013 3422 1107 3486 Persa
1124 3445 1201 3487 vero

110 3505 239 3585 quidum
261 3512 332 3565 aute
351 3505 448 3565 breve
469 3514 589 3588 tempus
611 3506 761 3589 profugus
784 3504 867 3568 iuter
889 3506 1087 3587 imperatoris
1111 3530 1202 3571 exer.

110 3589 209 3648 citum
230 3586 506 3649 annumerabatur.
560 3588 612 3649 bic
643 3589 762 3671 fugiens
791 3585 830 3649 ad
860 3586 970 3651 Persas
991 3589 1078 3669 abiit,
1096 3592 1202 3653 eristi·

107 3692 193 3731 mans
215 3690 268 3732 eos
281 3672 495 3733 Romanorum
523 3671 782 3735 exterminaturos
801 3675 980 3733 exercitum.
1001 3695 1073 3735 cum
1095 3686 1201 3738 autem

108 3754 308 3816 formidinem
329 3775 439 3815 eornm
464 3752 601 3831 vidisset,
630 3764 702 3836 post
731 3752 885 3815 deciorum
913 3756 995 3816 diem
1022 3757 1200 3821 iterumad

107 3836 332 3918 imperatorem
351 3836 453 3913 venit,
475 3846 507 3899 et
526 3860 649 3900 omnem
673 3836 793 3920 liquido
816 3836 1025 3901 barbarorum
1047 3860 1199 3923 pavorem

106 3920 214 3983 edixit.
254 3930 287 3983 at
321 3940 397 3984 vero
420 3922 572 3982 Sarbarus
594 3920 678 3984 ultra
708 3923 991 3985 commorationem
1012 3944 1075 3984 nou
1096 3924 1198 3989 ferens

106 4012 256 4066 amunte
274 4012 400 4065 coaetus
432 4004 537 4067 estad
567 4006 721 4088 praelium
742 4006 912 4087 proficisci.
954 4006 987 4066 in
1006 4015 1070 4069 tres
1095 4018 1199 4072 antem

104 4092 212 4167 partes
235 4086 337 4149 divisis
357 4088 541 4151 exercitibus
575 4088 734 4149 deseendit
760 4098 889 4170 repente
919 4088 1114 4154 illucescente
1137 4088 1197 4170 die,

105 4178 180 4231 ante
200 4171 270 4233 solis
290 4192 466 4247 ascensum,
487 4182 691 4254 praeparatus
722 4171 761 4232 ad
789 4172 915 4237 bellum.
959 4180 992 4233 at
1011 4174 1195 4258 imperator,

104 4254 278 4333 praesciens
298 4254 369 4331 boc,
394 4254 520 4317 ordinat
541 4254 691 4318 exercitus
713 4254 743 4316 iu
767 4265 830 4318 tres
851 4273 949 4341 aeque
972 4251 1136 4345 phalanges
1157 4256 1197 4321 ud

208 4376 384 4449 receptans·
402 4378 441 4432 11.
970 4376 1004 4433 10
