3050 4900
504 398 567 462 'Ex
588 399 810 468 sanetum
1105 399 1108 412 '
1158 398 1206 467 37

135 587 198 654 quos
207 588 306 631 omnes
318 565 436 630 domiui
450 570 548 651 gratia
559 577 592 632 et
602 569 816 634 misericordia
830 573 947 643 nutrit;
961 593 1043 654 quae
1052 593 1108 634 nec
1121 579 1209 632 tanta

134 663 234 714 ettam
255 652 284 713 in
298 651 426 714 ecclesia
448 653 614 715 necessaria
636 675 695 736 per
716 655 765 717 dci
785 655 1015 737 providentiam
1030 654 1209 732 multitudo,

137 757 186 797 nac
203 735 281 798 dives
301 744 334 798 ct
353 735 513 816 multiplex
535 759 679 800 numerus
692 761 762 799 cnm
779 741 912 800 niaximo
935 749 968 802 ct
990 737 1210 801 innumerabili

135 820 241 901 populo
261 843 279 880 a
299 828 387 882 tanta
407 819 623 903 desperatione
646 843 681 882 ac
703 822 808 885 taedio
829 824 1002 900 conuertit,
1023 823 1136 884 autad
1154 842 1210 883 eo-

134 904 240 965 clesirm
261 904 453 964 revocavit.''
509 903 554 963 his
590 903 723 966 inferens
754 915 827 987 post
856 907 915 966 ulia
939 906 1017 966 dicit
1035 905 1104 969 “eia
1125 926 1211 966 nnnc

133 995 222 1048 cetera
241 1005 481 1070 prosequamur,
506 987 617 1072 quibus
635 989 781 1070 operibns
802 987 853 1051 vel
872 989 1211 1074 quibuscunversatio-

134 1069 210 1131 nibus
230 1071 299 1132 fisus
326 1069 541 1154 episcopatum
571 1069 631 1132 sibi
652 1073 866 1134 vindicaverit.
922 1095 961 1133 an
982 1074 1067 1134 forte
1089 1094 1149 1154 pro
1170 1090 1210 1133 eo

131 1154 207 1236 quod
227 1155 266 1216 ab
288 1151 379 1214 initio
401 1155 431 1214 iu
454 1152 696 1216 ecclesiafuerat
722 1166 930 1235 conversatus,
953 1167 985 1220 et
998 1157 1111 1218 multos
1132 1176 1211 1237 ago-

133 1258 176 1298 nes
194 1257 252 1320 pro
268 1258 305 1300 ea
324 1236 466 1312 subierit,
487 1244 519 1299 et
540 1237 571 1298 in
593 1237 738 1320 periculis
762 1239 865 1301 multis
888 1250 921 1302 et
940 1240 1056 1322 magnis
1077 1249 1214 1322 propter

131 1319 256 1383 divinum
277 1321 397 1382 cultum
417 1320 562 1382 affuerit?
586 1320 639 1384 sed
663 1342 728 1384 nou
758 1331 804 1384 est
823 1324 878 1385 ita.
919 1327 970 1385 cui
990 1323 1135 1384 videlicet
1156 1342 1212 1382 oo·

131 1404 201 1466 casio
222 1402 372 1466 cledendi
400 1403 461 1466 fuit
482 1405 614 1466 Satanae
639 1405 789 1468 adventus
810 1407 842 1467 in
862 1428 933 1468 eum
953 1415 986 1468 et
1006 1405 1161 1468 habitatio
1180 1406 1213 1466 iu

130 1485 177 1548 illo
196 1496 340 1572 tempora
361 1487 484 1565 multo,
514 1498 546 1550 et
573 1498 609 1551 ut
629 1488 834 1551 adiuvaretnr
857 1490 896 1551 ab
917 1489 1086 1557 exorcistis.
1140 1510 1215 1550 cum

129 1589 238 1634 nevum
257 1571 440 1634 incurrisset
461 1571 654 1653 languorem,
678 1594 813 1657 cumque
836 1573 918 1633 mori
943 1574 1158 1636 aestimaretur
1181 1561 1229 1632 iu'

129 1653 198 1740 lecto
219 1677 285 1740 quo
307 1654 436 1730 iacebat,
458 1657 599 1736 perfusus
621 1666 666 1718 est
690 1657 801 1738 gratia,
822 1657 846 1716 si
869 1665 973 1717 tamen
988 1657 1093 1718 dicere
1116 1675 1247 1737 opor-p·
1260 1661 1312 1715 700

129 1744 183 1800 teat
202 1737 379 1800 huiusmodi
405 1737 481 1822 quid
502 1740 621 1821 gratiae
641 1739 815 1822 suscepisse.
857 1739 911 1802 sed
928 1761 986 1801 nec
1006 1748 1110 1802 cetera
1133 1760 1212 1800 con.

130 1829 238 1882 secutus
262 1831 327 1898 est,
355 1843 428 1882 cum
459 1823 641 1905 languorem
662 1823 803 1908 fugeret,
824 1845 905 1907 quae
925 1823 1091 1906 percipere
1115 1823 1211 1884 deba

128 1903 174 1967 bat
186 1906 357 1968 secundum
372 1905 517 1968 ecclesiae
537 1907 683 1988 regulam.
726 1906 779 1969 sed
803 1929 859 1970 uec
869 1905 1059 1989 signaculum
1081 1907 1120 1968 ab
1143 1906 1213 1988 epi..

126 2007 209 2070 scopo
230 1999 415 2052 consecutus
437 1996 493 2052 est.
537 2010 614 2073 ergo
636 2011 709 2052 cnm
723 1989 801 2052 liaeo
822 1991 953 2072 adeptus
971 1992 1107 2068 nonsit,
1128 2013 1212 2073 qno.

126 2071 209 2132 ruodo
231 2093 348 2157 quaeso
371 2073 515 2154 spiritum
535 2084 675 2134 sanetum
698 2073 828 2156 adeptus
851 2076 934 2136 esti''
976 2083 1009 2136 et
1033 2095 1139 2136 rursus
1160 2075 1210 2134 in.

126 2154 178 2217 lert
194 2157 270 2240 “qui
293 2164 427 2238 propter
448 2157 647 2220 lormidiuem
670 2165 701 2220 et
718 2159 874 2239 privatam
918 2158 1052 2219 nandum
1075 2157 1210 2240 gratiam

127 2243 260 2320 tempore
284 2239 509 2322 persecutionis
529 2240 746 2326 presbyterum
768 2263 830 2303 esse
848 2263 881 2304 se
896 2180 1079 2324 denegavit:
1102 2251 1211 2323 postu·

124 2319 192 2383 latus
218 2323 305 2385 enim
333 2331 428 2407 utque
455 2333 581 2405 rogatus
616 2345 632 2384 a
656 2324 837 2386 diaconibus
864 2334 901 2388 ut
929 2325 1029 2387 exiret
1049 2347 1067 2386 e
1089 2325 1209 2401 cellula,

125 2425 260 2489 matese
283 2414 481 2485 coercuerat,
502 2407 652 2471 fratribus
674 2408 875 2471 auxiliaturus
894 2417 936 2484 et,
955 2415 991 2469 ut
1014 2408 1056 2469 fas
1076 2409 1209 2493 presby·

122 2496 184 2551 tero
204 2500 296 2564 esset,
319 2511 382 2589 pro
402 2491 521 2553 viribus
534 2491 782 2571 periclitantibus
802 2492 950 2553 fratribus
970 2500 1003 2553 et
1022 2491 1209 2553 sollicitudi-

123 2570 161 2631 nis
183 2571 394 2658 indigentibus
418 2574 646 2657 opitulaturos,
668 2574 746 2637 adeo
776 2595 891 2657 parere
911 2574 1094 2635 diaconibus
1117 2594 1208 2636 recu-

121 2655 189 2718 tavit
208 2667 245 2719 nt
267 2658 363 2721 etiam
383 2658 548 2723 saeviendo
571 2656 753 2721 discederet.
799 2658 966 2719 nonenim
986 2658 1113 2719 ultrase
1156 2678 1207 2719 re.

122 2738 276 2821 sbyterum
303 2744 374 2803 lore
405 2762 598 2815 asseverans,
631 2762 703 2803 cum
732 2740 858 2803 alterius
891 2749 967 2803 esset
991 2678 1208 2824 philosopliiae

121 2829 260 2888 amator.”
315 2823 386 2889 dein
407 2834 480 2909 post
502 2825 671 2907 pauxillum
696 2824 851 2887 subinfert
873 2825 1015 2888 “deserta
1032 2825 1121 2887 euim
1143 2825 1207 2887 clu·

121 2924 165 2966 rus
188 2908 245 2971 iste
266 2908 394 2971 eeclesia
416 2906 487 2981 dei,
522 2908 553 2969 in
577 2930 639 2991 qna
660 2906 790 2969 credens
819 2908 936 2969 meruit
955 2908 1207 2993 presbyteratum

119 2992 325 3075 pergratiam
346 2992 502 3073 episcopi,
523 2992 577 3074 qui
599 2990 639 3051 ad
658 3001 777 3054 sortem
794 2992 1030 3135 presbyteratus
1052 2993 1079 3054 ei
1102 2993 1207 3075 impo-

119 3074 182 3149 suit,
201 3075 383 3155 prohibitus
405 3084 450 3135 est
478 3074 516 3137 ab
539 3074 625 3135 omni
645 3074 741 3153 clero,
762 3096 794 3135 se
836 3084 868 3136 et
888 3075 970 3136 laicis
1002 3076 1107 3137 multis
1129 3096 1207 3138 asse·

120 3158 253 3221 rentibus
278 3181 340 3220 non
364 3179 427 3220 esso
449 3158 568 3219 licitum
582 3158 730 3219 clericum
745 3158 814 3219 lieri
835 3180 907 3221 enm
929 3180 1019 3221 causa
1041 3158 1208 3219 infirmita·

118 3240 159 3319 lis,
179 3242 235 3325 qui
258 3243 290 3303 in
315 3242 396 3305 lecto
415 3241 534 3323 positus
554 3242 687 3325 gratiam
708 3240 748 3302 sit
773 3240 911 3323 adeptus.
953 3263 1063 3303 verum
1084 3240 1207 3323 episco-

117 3343 186 3403 pum
206 3332 442 3409 poposcerunt,
467 3332 502 3385 ut
521 3324 583 3385 lroc
602 3324 660 3386 sibi
682 3322 720 3386 do
745 3324 804 3387 isto
824 3324 891 3386 solo
905 3324 1119 3386 concederet.”
1161 3324 1209 3385 tns

117 3406 198 3471 addit
221 3409 388 3472 Cornelius
413 3408 626 3489 pravissimam
657 3408 770 3469 Novati
803 3407 1027 3490 impudentium
1060 3430 1206 3471 assereus.

118 3492 248 3554 “faciens
273 3492 357 3554 enim
380 3492 562 3569 oblationes,
581 3502 615 3555 et
634 3490 818 3575 dispertiens
840 3490 1008 3635 unicnigne
1028 3494 1209 3575 portionem

67 3595 76 3611 ¹
116 3583 143 3635 et
154 3576 296 3654 tradens,
317 3574 380 3636 hoc
392 3575 498 3637 iurare
508 3596 570 3657 pro
583 3574 800 3637 benedictione
811 3575 938 3639 miseros
974 3578 1091 3638 omines
1113 3575 1245 3657 cogitp.
1261 3582 1311 3636 7⁰1

115 3664 216 3719 tenens
239 3670 377 3742 utraque
408 3680 502 3720 mann
521 3682 647 3721 manum
668 3658 864 3742 accipientis,
896 3669 929 3723 et
954 3682 1020 3721 uon
1050 3657 1208 3719 dimittens

113 3740 211 3803 donec
244 3742 354 3804 iurans
381 3740 444 3804 hoc
474 3743 557 3805 dicat
583 3743 676 3817 (illius
706 3746 789 3805 enim
812 3742 1005 3803 sermonibus
1034 3746 1117 3815 utar)
1141 3743 1209 3802 ntra

113 3827 182 3885 milri
197 3848 260 3907 per
278 3846 384 3911 corpus
403 3840 433 3888 ct
459 3828 629 3907 sauguinem
661 3826 778 3888 dorru'ni
799 3827 893 3886 nostri
909 3825 980 3885 Iesu
1004 3825 1115 3893 Christi
1150 3824 1213 3886 uod

114 3928 266 3991 utinquam
286 3931 332 3971 nte
353 3908 517 3994 aliquando
549 3910 737 3993 derelinquas
765 3908 878 3968 netad
897 3908 1067 3969 Cornelium
1085 3929 1118 3968 re
1155 3929 1210 3983 ως

115 4002 141 4051 ct
165 3991 321 4055 inlaustus
341 3993 438 4054 homo
458 4014 521 4054 non
544 3992 631 4075 prius
653 3997 755 4074 gustat
776 4012 868 4072 quam
885 3990 944 4051 sibi
965 3999 1054 4051 autea
1078 3990 1210 4052 maledi-

116 4086 171 4158 cat,
193 4085 227 4140 et
253 4098 315 4158 pro
337 4096 375 4139 eo
406 4084 442 4139 ut
467 4076 551 4138 dicat
583 4084 712 4157 accepto
745 4094 826 4155 pane
848 4072 901 4134 illo
924 4075 948 4151 *l
968 4095 1068 4152 αιηεη,
1089 4076 1212 4137 cellerius

179 4192 253 4256 Ἣ.
273 4188 473 4245 observationes
494 4190 551 4241 Nic.
574 4188 683 4256 Rigaltii
705 4187 738 4239 ad
762 4187 923 4240 Tertrrlliau.
943 4188 978 4239 do
998 4189 1164 4260 Spectaculis
1182 4190 1211 4240 iu

182 4262 243 4315 une
265 4269 294 4315 et
315 4262 434 4317 neunt.
454 4260 485 4317 tn
501 4259 563 4314 libr·
583 4260 700 4315 Sacram.
719 4257 866 4330 §.Gregoa
888 4277 915 4331 p.
935 4258 988 4315 38⁹
1007 4270 1034 4316 et
1043 4260 1104 4317 ³91.
1124 4262 1210 4315 Fun..
