3050 4900
601 320 775 454 uorsus
1138 366 1209 441 561

124 577 199 621 reae
229 555 404 640 cupiditatis
434 555 543 619 ardori
575 580 633 641 per
663 560 727 621 eius
758 557 889 638 vestigia
920 558 1153 641 gradiebantur.-
1184 574 1214 623 et

123 642 270 704 cruoribus
297 642 448 723 quondam
477 641 606 722 legitime
635 644 798 703 coniunctis
824 644 912 704 domo
935 644 1089 723 expulsis,
1119 646 1215 719 alias,

122 748 196 809 quas
215 726 398 809 deperirent,
419 725 464 785 ad
474 746 604 809 spmrsae
621 728 738 807 prioris
758 727 914 786 thalamos
923 724 1116 789 isdraelrant.
1138 729 1215 789 laem

122 808 292 869 huiusmodi
319 809 352 868 in
383 810 495 873 multas
524 811 590 869 iam
606 810 784 891 provincias
808 824 999 890 grassantem
1023 812 1127 871 videre
1146 832 1217 872 ma.

120 912 194 971 gnus
220 890 396 951 Tlseodorus
425 914 487 953 non
505 894 663 953 sustinuit.-
697 914 793 975 quare
822 895 855 953 irs
880 895 1093 976 imperatorem
1113 897 1216 975 ipsum

121 975 265 1035 divinam
286 976 401 1051 zelam,
423 988 455 1035 at
469 978 690 1057 praemisimus,
712 976 852 1051 exacuit,
874 989 905 1035 et
922 979 955 1037 in
972 997 1008 1037 eo
1029 978 1153 1038 terrendo
1173 975 1219 1038 ad

107 1056 211 1141 finem
232 1078 322 1139 nsque
342 1060 557 1141 perseuerauit.
612 1071 644 1120 et
665 1060 691 1117 is
715 1058 838 1141 quidem
866 1060 923 1119 lsoc
941 1072 1034 1141 pacto
1049 1082 1081 1119 se
1097 1061 1215 1124 habiat.

120 1142 362 1221 patriarcharum
391 1162 478 1219 vero,
502 1138 655 1224 dequibus
665 1142 814 1202 institutas
824 1163 931 1219 sermo,
951 1142 1143 1224 lu'equidem,
1166 1144 1217 1203 ni-

123 1225 238 1283 mirum
249 1224 403 1301 Tarasius,
414 1226 528 1287 idcirco
539 1224 701 1285 consentire
707 1226 788 1285 visus
800 1237 856 1299 est,
868 1238 898 1285 et
908 1236 1087 1286 attentatum
1100 1246 1125 1286 a
1137 1225 1217 1287 Coa·

121 1308 252 1367 stantino
262 1310 356 1367 scelus
370 1310 455 1369 niella
468 1309 730 1369 animaduersione
737 1311 955 1391 persumgere,
969 1308 1054 1392 quod
1068 1309 1131 1369 nisi
1143 1312 1217 1391 pla·

123 1390 191 1449 citis
212 1393 407 1471 acquiescam
423 1394 616 1475 patriarclas,
633 1392 807 1475 principum
824 1394 971 1473 proxime
986 1393 1218 1472 praeteritonsm

121 1474 258 1533 lraereses
278 1488 505 1547 renouaueram,
528 1488 558 1534 et
576 1490 747 1535 sanctarum
768 1476 934 1556 imaginum
955 1474 1064 1534 cultum
1079 1478 1217 1555 proscri-

121 1568 244 1639 ptumsm
264 1578 295 1615 se
317 1559 489 1641 imperator
502 1556 708 1619 Constantinus
728 1561 904 1618 minaretur.
944 1558 1031 1617 lucius
1046 1559 1148 1637 gratia
1168 1560 1216 1616 ri.

120 1640 207 1719 garis
228 1642 368 1701 nonnihil
392 1642 539 1701 relaxare
567 1642 714 1718 decrevit,
737 1660 775 1701 ne
803 1643 836 1701 in
857 1639 985 1701 maioris
1006 1644 1152 1701 momenti
1169 1660 1217 1700 nes

122 1742 271 1783 summum
303 1723 458 1784 induceret
484 1726 666 1785 discrimen.-
690 1736 812 1784 sanctus
840 1736 945 1784 autem
966 1723 1162 1805 Niceplsonss,
1182 1725 1217 1783 in

22 1876 26 1889 ¹
126 1805 250 1867 alterius
262 1805 434 1891 Ns'cepliori,
453 1810 509 1891 qui
524 1808 713 1891 postmodum
735 1808 896 1890 imperium
916 1807 1019 1881 seruiit,
1038 1806 1217 1867 senteutiam

122 1888 258 1965 obnisus,
281 1902 345 1951 tum
375 1912 447 1950 vero
465 1912 579 1975 prasos
598 1892 661 1961 cira
683 1911 800 1964 mores,
823 1903 854 1951 et
870 1890 973 1949 animi
986 1892 1219 1973 peruersitatem
1304 1919 1308 1925 ·

122 1986 272 2051 expertas,
295 1986 324 2031 et
337 1994 375 2033 ne
394 1974 532 2035 ordinem
545 1974 689 2034 eeclesiae
704 1973 907 2058 perstabant,
929 1986 960 2031 et
972 1992 1021 2032 sus
1033 1972 1130 2057 deque
1147 1992 1219 2031 aer-

123 2066 198 2115 teret
217 2054 527 2133 nrctaeas,'asseasum
548 2078 663 2139 quoque
679 2059 839 2141 praestitit,
862 2070 894 2117 et
912 2056 1033 2138 Iosepls,
1057 2076 1142 2139 quem
1162 2055 1222 2123 de·⁸

122 2140 254 2219 positum
273 2138 428 2215 diximsa,
457 2142 490 2199 iu
509 2144 642 2223 priorem
670 2140 802 2219 gradum
824 2140 957 2198 restituit.
999 2151 1037 2198 at
1061 2141 1126 2197 siae
1146 2157 1218 2198 ma·

122 2242 198 2299 gnus
233 2219 410 2283 Theodorus
442 2242 548 2283 sacras
580 2226 658 2301 leges
678 2224 903 2297 vindicationis,
934 2240 972 2281 ac
1000 2222 1137 2281 libertate
1164 2241 1218 2280 saa

124 2322 193 2365 sessis
222 2304 268 2365 ad
295 2318 461 2365 extremum
490 2328 579 2389 usqae
608 2306 767 2366 discrimen
794 2306 935 2365 obsistens
960 2306 1154 2383 praeclarius
1185 2324 1218 2363 se

124 2390 262 2466 gesserit,
294 2388 359 2447 sive
380 2390 578 2472 patriarchae
610 2388 647 2447 olr
667 2390 781 2448 allatas
807 2390 840 2447 in
870 2385 998 2446 mediam
1017 2389 1150 2445 rationes
1169 2406 1219 2444 res

124 2470 264 2551 difficiles
289 2472 455 2553 prudenter
483 2486 641 2533 attrectare
671 2473 843 2546 malueriat,
864 2481 894 2529 et
912 2470 1048 2551 apposito
1069 2484 1220 2552 tempera·

125 2569 224 2617 mento
248 2556 393 2631 emollire,
414 2555 482 2619 aliis
503 2557 607 2638 qnilras
626 2553 752 2617 lraidira
772 2554 883 2613 mentis
901 2571 1039 2622 acumen,
1061 2566 1091 2612 et
1110 2552 1154 2611 ad
1172 2571 1220 2610 res

125 2637 294 2698 ltairssmodi
321 2639 530 2700 ds'scernerulas
560 2640 661 2700 animi
680 2661 779 2698 sensas
799 2635 978 2717 vegetiores,
997 2635 1217 2695 dissentiendum

124 2723 332 2806 relinquimus.
372 2743 446 2782 sane
471 2723 678 2806 Epiphaniam
693 2722 790 2804 Cypri
808 2721 978 2803 episcopam
998 2720 1078 2778 inter
1099 2731 1216 2778 sanctos

124 2805 273 2866 celebrem
291 2826 397 2888 parem
422 2807 579 2868 Theodoro
597 2819 699 2868 nostro
728 2803 879 2880 ardorem,
896 2815 926 2861 et
947 2803 1098 2862 invictam
1118 2801 1215 2860 animi

123 2888 216 2948 robur
235 2887 376 2949 adversus
395 2882 614 2972 imperatricem
637 2889 814 2948 Eudoxiam
834 2885 1052 2946 demonstrasse
1070 2885 1216 2948 novimas.
1241 2887 1245 2897 '

122 2969 187 3050 ipsi
205 2992 352 3056 namque,
380 2975 414 3032 ni
426 2973 563 3048 ,divinas
594 2972 821 3050 Cissyrostomus
849 2971 883 3028 in
902 2969 1032 3028 exilium
1053 2971 1216 3058 diceretur,

122 3053 272 3115 idolonsm
294 3055 407 3138 templa
426 3055 653 3139 quamprimum
686 3069 862 3136 aperturam
885 3073 916 3111 se
936 3053 1087 3110 mirritmrti
1105 3051 1206 3110 nulla-

123 3149 205 3196 tenus
223 3159 332 3200 manus
351 3137 445 3214 dedit,
469 3153 527 3200 ant
545 3138 611 3198 obse
631 3137 757 3200 scendum
777 3149 895 3198 sanctia
918 3137 972 3194 vir
991 3134 1102 3194 duam·
1123 3134 1213 3216 qain-

122 3219 232 3296 immo,
253 3224 394 3284 innocens
424 3242 477 3303 ego
497 3242 562 3282 sam
650 3220 820 3282 huiusmodi
841 3217 964 3294 iudicio,
983 3217 1169 3293 exclamans,
1188 3226 1217 3274 et

122 3323 189 3362 eam
209 3305 242 3366 in
262 3309 360 3367 minas
395 3317 424 3364 et
438 3307 580 3383 fluorem
600 3323 775 3366 conversam
800 3303 979 3384 relinquens,
994 3319 1134 3378 generose
1154 3317 1216 3358 ea-

122 3388 215 3446 cessit.
235 3389 334 3450 aliam
356 3408 469 3471 qaoque
488 3389 638 3450 dissensus
654 3389 846 3469 patriarchas
866 3387 944 3444 inter
964 3395 993 3442 ct
1017 3380 1211 3442 Theodoram

122 3489 247 3532 caessara
264 3474 398 3534 extitisse
407 3473 538 3548 serrant.-
570 3471 652 3556 qaod
670 3472 815 3531 nimirum
833 3491 851 3528 e
870 3467 1020 3527 laicorum
1041 3465 1150 3524 ordine
1168 3461 1215 3521 ael

118 3555 328 3634 patriarchale
345 3557 451 3618 solium
470 3557 626 3633 corfirstim
646 3555 752 3628 wetti,
774 3575 827 3614 nec
840 3553 874 3611 ia
892 3551 937 3610 eis
958 3545 1139 3608 ordinandis
1153 3567 1212 3628 po-

121 3635 197 3696 sitae
216 3639 255 3698 ab
272 3641 399 3701 ecclesia
425 3639 501 3720 leges
522 3640 646 3710 ¹sinerint
672 3638 860 3697 observatae.
914 3632 1055 3715 adquae
1079 3631 1210 3702 obiecta,

121 3721 178 3802 qui
194 3737 277 3802 gesta
296 3744 396 3785 corsua
425 3724 616 3805 conseripsit,
635 3720 802 3804 res-pondes,
821 3739 923 3779 sacros
942 3737 1069 3777 carsones
1084 3731 1213 3797 promo-

121 3803 214 3864 tiones
235 3807 402 3868 lraiusmodi
430 3829 490 3867 non
517 3806 638 3866 omnino
667 3805 832 3864 damnare:
863 3799 920 3860 sed
938 3821 977 3859 ne
996 3795 1211 3860 consecrandas

121 3906 222 3948 rerum
241 3891 350 3970 gradui
372 3909 570 3971 congraanaa
588 3890 700 3971 peritia
716 3891 862 3968 priaatas
881 3885 914 3943 in
932 3882 1099 3963 perimslam
1118 3879 1211 3938 eccle·

122 3971 206 4030 siam
224 3973 364 4052 macae,
383 3987 502 4035 tantam
530 3993 645 4033 cavere.
695 3971 789 4030 iidem
808 3988 901 4044 aero,
925 3985 1067 4045 maguus,
1090 3964 1212 4046 inquam

127 4051 159 4112 T
153 4058 278 4134 ametro,
309 4071 339 4118 et
367 4077 451 4118 sacer
473 4055 656 4140 Niceplioras
681 4055 712 4113 iu
746 4072 869 4131 magam
897 4069 1028 4110 accessus
1056 4045 1212 4106 ecclesiam

119 4141 263 4218 progredi
282 4141 462 4216 studuerant,
482 4155 511 4200 et
526 4141 558 4200 iu
580 4140 691 4199 crunctis
706 4155 804 4220 aequo
815 4137 948 4217 bonoque
964 4130 1129 4192 comrsltam
1149 4146 1212 4186 esse

122 4223 291 4282 valuerunt.
332 4243 392 4307 qua
420 4223 457 4283 de
482 4243 575 4283 casua
596 4239 742 4282 canonem
773 4239 823 4280 eos
840 4237 970 4298 carpene
988 4213 1076 4274 natta
1095 4214 1211 4272 ratione

212 4345 390 4418 Tlseoplranss
410 4347 448 4400 11.
975 4335 1011 4388 3⁶
