3050 4900
310 387 361 456 8⁹
475 391 685 459 nntsrnstt
714 391 910 458 nrs'rottta
926 389 1238 460 teetnsttsrtm
1353 493 1357 499 ι

310 551 441 624 onorico
456 559 816 636 zenontsmtseribere
847 563 902 646 qul
923 560 1005 624 facta
1032 559 1154 646 synodo
1175 560 1396 644 episcoporum

308 645 545 727 suhdegentiam
557 645 729 706 multorum
751 666 895 707 versuum
907 647 1069 728 epistolam
1086 644 1220 727 scripsit,
1231 646 1396 710 Nicaenam

310 727 688 810 constantinopolitanam
709 734 741 790 et
760 727 947 813 Ephesinum
966 731 1116 791 conlitens
1137 728 1282 812 synodos,
1302 729 1398 791 Chal-

307 811 510 874 cedoaensem
522 817 625 874 autem
641 810 753 874 tacuit.
797 812 981 896 reprobavit
995 823 1100 874 autem
1109 811 1299 892 Diodorum,
1319 815 1396 874 sub-

307 893 379 956 dens
402 895 537 977 capitula
568 903 738 978 quattuor,
761 915 820 977 per
840 917 921 980 quae
941 917 1012 958 cum
1036 892 1276 958 Chalcedonensi
1297 917 1395 980 appa·

305 987 358 1040 ret
377 999 440 1039 non
464 997 636 1041 consonare
656 977 800 1057 concilio,
830 978 961 1040 maxime
980 999 1091 1041 vocem
1111 977 1245 1041 duarum
1265 989 1396 1042 natura·

305 1083 376 1123 ram
398 1062 591 1142 impugnans.
634 1060 722 1124 aiunt
744 1069 908 1144 praeterea
937 1061 1063 1146 quidam
1083 1060 1162 1124 haec
1182 1063 1286 1124 Aeacii
1309 1062 1394 1124 Coa·

302 1144 547 1227 stautinopoleos
569 1165 640 1208 esse.
662 1165 765 1227 porro
778 1144 940 1207 Flavianus
960 1153 1112 1209 secretam
1133 1145 1296 1228 epistolam
1315 1146 1394 1208 scri·

300 1227 365 1326 psit
386 1230 564 1307 Anastasio,
587 1227 793 1290 intentionem
813 1228 878 1290 eius
906 1237 1052 1291 sectatus.
1094 1227 1239 1292 similiter
1260 1229 1395 1291 Xeaaias

302 1309 425 1393 impius,
447 1313 501 1394 qui
517 1319 549 1374 et
559 1318 817 1454 praesumptuose
837 1333 946 1393 gerens
958 1311 1079 1374 addidit
1092 1311 1139 1372 bis
1160 1311 1303 1393 capitulis
1317 1333 1395 1374 aua.

302 1391 406 1456 thema
428 1403 540 1456 contra
580 1393 780 1456 ivinissimum
796 1395 934 1456 Leonem
947 1397 1122 1456 Romanum
1142 1405 1176 1458 et
1184 1395 1339 1479 synodum
1355 1415 1394 1456 ac

302 1477 359 1538 illis
384 1477 618 1540 consentientes.
659 1484 691 1540 at
712 1499 790 1538 vero
805 1477 1024 1539 Constantinus
1045 1478 1208 1561 episcopus
1230 1477 1392 1540 Seleuciae

302 1559 580 1627 chalcedonensem
594 1558 747 1656 synodum
770 1559 1061 1623 anathematizabat.
1101 1581 1204 1658 porro
1224 1561 1388 1624 Flavianus

300 1653 335 1705 ut
347 1641 499 1726 derogans
509 1644 633 1725 scripsit
645 1643 838 1725 imperatori,
850 1642 987 1706 indicans
1000 1643 1085 1707 baec·
1101 1652 1274 1728 imperator
1286 1655 1392 1707 autem

299 1725 474 1808 indignatus
489 1735 535 1788 est
558 1725 702 1788 adversus
725 1747 806 1803 eum,
820 1727 1057 1788 Constantinum
1076 1729 1183 1809 potius
1199 1737 1231 1790 et
1240 1729 1391 1790 Xeoaiam

296 1810 473 1890 suscipiens.
492 1807 597 1870 Heliae
612 1829 688 1870 vero
707 1809 856 1891 episcopo
870 1809 1154 1894 Hierosolymitauo
1168 1810 1294 1893 scripsit
1305 1814 1392 1873 hoa·

297 1891 402 1952 stasius
419 1893 527 1954 iubeas
539 1901 649 1954 contra
664 1891 944 1961 Cbaldecoueuscm
957 1891 1128 1955 decernere
1145 1895 1312 1977 synodum
1334 1891 1391 1977 qui

297 1974 456 2058 rescripsit
468 1975 650 2058 imperatori
666 1975 923 2038 anathematizans
935 1976 1113 2040 Nestorium
1118 1975 1280 2060 Eutychen
1295 1985 1391 2060 atqua

142 2083 169 2138 p.
179 2067 231 2122 233
255 2057 495 2136 15Diodorum‚
525 2067 557 2120 et
589 2059 756 2122 concilium
784 2057 1032 2122 chalcedonense
1063 2059 1226 2140 recipiens.
1269 2061 1390 2122 interea

298 2139 443 2202 monachi
464 2139 590 2226 quidam
612 2141 762 2204 baeretici
783 2141 920 2220 ducenti,
941 2143 1100 2206 venieutea
1122 2143 1162 2202 ab
1185 2143 1317 2204 Oriente
1327 2144 1390 2226 By.

296 2223 433 2285 santium
461 2247 522 2286 una
551 2246 622 2284 cum
641 2225 758 2288 Severo
783 2226 899 2308 impio,
920 2234 1032 2286 contra
1051 2225 1273 2288 Macedonium
1293 2235 1389 2309 atquc

296 2307 465 2370 concilium
489 2307 700 2370 decertabant.
741 2307 798 2370 hos
812 2308 984 2370 Anastasius
1001 2307 1177 2370 honorilice
1198 2309 1334 2392 suscepit
1353 2315 1390 2370 ut

196 2401 197 2408 ’
295 2391 434 2453 veritatis
456 2389 610 2469 inimicos,
632 2399 664 2454 et
691 2409 743 2454 eos
776 2391 829 2476 qui
864 2391 1130 2454 conturbaverant
1163 2392 1335 2471 Orientem,
1357 2400 1390 2455 et

294 2472 346 2535 bic
369 2474 476 2537 eadem
508 2485 682 2559 operantes.
725 2476 853 2538 loannes
880 2494 957 2538 vero
980 2474 1204 2539 Alexandrinus
1226 2478 1390 2559 episcopus

295 2556 358 2619 duo
380 2558 465 2619 milia
485 2557 638 2619 librarum
659 2558 729 2619 auri
751 2558 826 2620 dare
844 2558 1016 2642 spopondit
1037 2558 1242 2641 imperatori,
1265 2560 1291 2620 si
1310 2580 1388 2642 per.

294 2643 375 2703 fecte
395 2638 781 2703 eiicerethalcedoncuse
802 2642 982 2703 concilium:
1006 2641 1183 2724 imperator
1203 2650 1306 2703 autem
1317 2646 1389 2703 Ma.

252 2766 254 2771 -
295 2722 461 2785 codonium
481 2724 613 2805 cogebat
640 2724 848 2805 apocrisiariis
871 2725 1104 2787 communicare
1136 2725 1267 2803 loannis,
1292 2728 1388 2787 Ioau.

297 2828 431 2889 nemque
459 2806 601 2887 recipere
619 2804 784 2903 synodum,
814 2826 916 2889 neque
937 2807 1138 2889 recipientem
1160 2829 1262 2906 neque
1282 2808 1387 2891 proii-

297 2890 439 2949 cicntem.
482 2888 680 2951 Macedonas
702 2898 804 2949 autem
826 2888 949 2972 restitit,
969 2889 1073 2954 diceas
1090 2912 1152 2952 uon
1174 2890 1231 2953 ilbs
1248 2912 1281 2954 se
1296 2912 1387 2954 com-

296 2973 548 3048 municaturum,
571 2970 628 3033 nisi
658 2973 869 3033 confiteantur
888 2984 1020 3035 matrem
1047 2982 1079 3036 et
1098 2975 1276 3057 magistram
1294 2994 1387 3059 syuo-

297 3054 371 3115 dum
394 3052 681 3116 Chalcedonenscm.
724 3064 863 3117 ceterum
880 3056 1046 3119 Deuterias
1066 3058 1228 3140 episcopus
1249 3057 1386 3119 Ariane.

298 3158 368 3199 rum
387 3138 528 3222 Byzantii
549 3138 707 3219 baptizans
740 3136 897 3221 quendam
925 3141 1027 3201 virum
1058 3140 1185 3203 nomine
1204 3140 1387 3218 Barbarum,

298 3230 427 3305 praeter
447 3220 636 3284 dominicam
666 3220 867 3284 traditionem
888 3245 975 3284 ausus
994 3230 1041 3287 cst
1060 3220 1167 3287 dicere
1188 3225 1388 3307 “baptizatur

298 3304 454 3367 Barrbarus
476 3302 507 3364 in
532 3304 658 3367 nomine
679 3304 777 3387 patris
797 3326 857 3389 per
876 3306 974 3369 tilium
995 3306 1028 3367 in
1051 3307 1164 3391 spiritu
1185 3316 1294 3369 sancto
1307 3308 1335 3382 ·,''
1354 3315 1388 3368 at

298 3388 402 3449 statim
424 3386 581 3448 lavacrum
603 3387 787 3449 exsiccatum
807 3398 863 3451 est.
905 3391 1062 3452 Barbarus
1082 3411 1158 3453 vero
1173 3391 1290 3455 timore
1308 3410 1387 3473 per.

297 3470 427 3533 territus
455 3472 557 3553 fugit,
581 3478 613 3532 et
642 3470 783 3531 omnibus
813 3482 925 3533 uotum
953 3474 1029 3535 fecit
1048 3473 1243 3537 miraculum.
1283 3494 1387 3557 porro

299 3556 474 3639 imperator
495 3553 712 3616 Macedonium
735 3554 1047 3641 Constantinopolcos
1078 3557 1258 3642 episcopum
1292 3577 1386 3639 coge-

298 3640 355 3700 bat
375 3638 633 3699 anathematizare
654 3636 902 3701 Chalcedonense
923 3640 1103 3719 concilium,
1123 3638 1387 3723 quemadmodum

300 3730 332 3785 et
343 3720 460 3783 Heliam
473 3718 794 3805 Hierosolymitanum.
815 3732 861 3783 ast
874 3722 1071 3786 Macedoniae
1083 3724 1199 3809 absque
1218 3722 1387 3787 universali

299 3804 428 3888 synodo,
446 3824 526 3887 quae
539 3803 711 3885 praesulem
719 3804 893 3867 Romanum
905 3807 1034 3870 baberet
1043 3807 1232 3891 episcopum,
1246 3804 1387 3891 impossi-

299 3888 362 3949 blle
396 3888 466 3949 fore
487 3886 547 3947 hoc
568 3888 719 3951 sefacere
738 3888 905 3951 fatebatur.
945 3890 1028 3953 unde
1048 3892 1187 3953 iuimicus
1209 3892 1238 3956 ei
1259 3892 1385 3953 effectus

204 3972 474 4054 p.235imperator
498 3971 708 4054 confugientes
728 3969 769 4032 ad
783 3970 921 4035 eeclesias
939 3974 1094 4037 violenter
1106 3972 1269 4037 extrahere
1289 3972 1386 4051 iussit,

300 4063 332 4115 et
364 4053 497 4116 ecclesiis
525 4052 756 4117 baereticorum
782 4055 997 4119 intemeritatis
1027 4055 1224 4120 diffinitiones
1255 4076 1387 4119 conom-

298 4137 357 4199 sit:
382 4146 540 4222 quotquot
561 4147 666 4200 autem
685 4137 790 4201 elerici
815 4148 847 4201 et
861 4140 931 4202 laici
952 4141 1091 4227 bysantii
1112 4150 1211 4218 eram,
1233 4138 1388 4225 apudSe·

299 4242 408 4286 verum
429 4232 462 4285 et
482 4221 677 4285 Manichaeos
693 4220 873 4287 onerata
893 4222 1067 4289 haereticos
1086 4226 1251 4305 vacabant,
1271 4229 1385 4286 contra
