3050 4900
244 323 319 402 tlt
421 332 630 400 susarssu
661 335 856 402 trumonis
882 335 1191 408 summissum

268 503 457 570 Christianus
478 511 635 588 susceptus
660 515 706 570 est
734 505 775 568 ab
797 506 1003 590 insperatum
1035 519 1068 574 et
1085 509 1187 573 multis
1210 511 1353 596 elprae.

171 613 197 668 p.
206 593 344 658 ttostitis
369 590 458 650 donis
484 589 567 650 misit
595 609 666 651 eum
695 591 727 651 in
755 591 915 673 regionem
945 592 1039 675 ipsius
1068 593 1108 656 ad
1129 595 1282 658 Romanas
1303 619 1352 662 res

265 671 479 735 custodiendas
498 681 531 733 et
548 671 745 755 Bosphorum
763 674 931 752 civitatem,
952 697 1034 760 quae
1052 697 1114 759 pro
1130 699 1168 740 eo
1190 680 1277 762 quod
1288 682 1351 744 lto.

264 757 360 820 mauis
380 757 474 818 boves
496 776 556 836 per
573 756 816 839 singulosannos
835 778 897 840 pro
918 761 1057 840 pecuniis
1079 761 1251 841 inferebat,
1272 765 1350 825 bos.

263 843 383 921 phoras
413 839 564 922 appellata
593 849 647 901 est.
694 839 811 902 locavit
839 851 942 902 antem
969 853 1002 904 et
1033 863 1199 907 numerum
1216 847 1351 912 militum

263 925 477 986 Romanorum
489 933 521 984 et
542 923 743 984 tribunorum
762 924 921 987 custodire
939 924 1095 1006 civitatem
1114 929 1350 1012 propterHun.

133 1027 160 1082 p.
168 1013 220 1068 271
238 1011 330 1086 dnos,
352 1018 384 1070 et
405 1007 525 1090 exigere
554 1007 674 1068 tributa
695 1008 806 1068 boum.
856 1010 1067 1092 promulgavit
1092 1020 1195 1074 autem
1215 1013 1350 1078 formam

263 1093 437 1174 imperator
462 1091 502 1152 de
531 1110 549 1150 e
573 1089 681 1172 iscopis
709 1098 741 1152 et
763 1093 941 1152 oeconomis
973 1103 1006 1154 et
1030 1093 1298 1180 orphanotrophis
1317 1110 1351 1162 et

261 1173 472 1250 xenodochis,
496 1193 535 1234 ne
550 1111 742 1236 hereditates
772 1173 970 1256 possiderent
989 1175 1045 1236 nisi
1068 1199 1148 1260 quae
1169 1181 1350 1265 priusquam

260 1258 514 1340 proveherentur
534 1256 673 1319 habuisse
692 1257 917 1340 probarentur,
940 1256 979 1320 de
997 1259 1108 1342 quibus
1129 1272 1161 1324 et
1182 1271 1349 1327 testamen.

261 1351 328 1404 tum
348 1342 489 1402 emittere
510 1341 693 1422 potuissent.
736 1341 776 1400 ab
799 1340 880 1402 hora
899 1362 976 1404 vero
992 1365 1053 1426 qna
1074 1357 1350 1429 promoverentur,

260 1425 415 1486 neminem
435 1424 550 1486 babere
583 1425 739 1486 licentiam
764 1423 964 1506 disponendi,
983 1425 1037 1487 sed
1058 1428 1162 1490 omnia
1182 1428 1276 1512 ipsius
1290 1454 1347 1495 ve-

166 1509 432 1590 praenestinam
460 1507 587 1569 domum
621 1507 804 1570 hereditati.
852 1516 885 1568 et
906 1512 1050 1590 exposuit
1072 1512 1246 1594 imperator
1267 1515 1348 1600 leges

260 1592 376 1653 validas
394 1601 505 1652 contra
526 1589 719 1670 libidinosos,
742 1588 883 1652 etmulti
903 1593 1007 1673 puniti
1028 1604 1111 1672 sunt,
1135 1604 1168 1658 et
1187 1597 1285 1659 factus
1304 1609 1350 1662 est

260 1677 357 1737 timor
378 1675 492 1736 multus
521 1683 554 1734 et
585 1675 715 1735 cautela.
765 1675 930 1736 renovavit
951 1675 1046 1737 etiam
1064 1681 1237 1744 contrarias
1256 1683 1348 1765 legas,

258 1759 373 1820 faciens
387 1759 576 1840 singularem
595 1755 756 1835 codicem,
788 1765 821 1818 et
839 1778 953 1819 vocaus
983 1781 1054 1822 euru
1075 1762 1210 1824 novellas
1231 1769 1349 1828 consti.

258 1843 404 1919 tationes,
428 1842 458 1901 in
482 1839 595 1924 quibus
615 1859 678 1902 uon
700 1839 857 1922 permittit
875 1841 1052 1924 principem
1074 1844 1104 1906 in
1127 1845 1213 1926 locis,
1234 1850 1347 1932 quibus

257 1933 390 2009 praeest,
412 1943 516 1986 emere
537 1923 756 2006 possessionem
783 1934 839 1986 aut
866 1923 1031 1988 aedificare
1059 1925 1189 1990 domum
1215 1941 1271 1992 ant
1295 1933 1349 1996 be-

258 2008 396 2074 reditare
426 2011 453 2086 *l
480 2017 660 2072 extraneam
687 2027 872 2092 personam,
900 2009 958 2071 uisi
997 2009 1065 2096 quis
1102 2011 1163 2076 sibi
1197 2024 1347 2100 cognatus

258 2093 379 2156 existat.

339 2195 461 2261 Eodem
481 2217 563 2258 anno
586 2215 673 2279 passa
694 2203 741 2258 est
759 2217 779 2258 a
799 2195 903 2260 divina
921 2195 1135 2282 indignatione
1155 2221 1263 2264 rursus
1281 2203 1348 2264 An.

257 2281 383 2360 tiochia,
403 2291 476 2364 post
496 2281 574 2342 duos
596 2299 693 2342 anans
712 2279 830 2364 prioris
850 2281 1019 2364 passionis,
1039 2290 1073 2346 et
1092 2285 1192 2347 iactus
1214 2295 1261 2346 est
1280 2294 1347 2348 ter.

258 2383 314 2428 rue
334 2375 438 2426 motus
461 2383 588 2446 magnus
612 2373 644 2426 et
663 2373 827 2447 tempestat
858 2366 1043 2449 gravissima.
1086 2376 1120 2428 et
1134 2367 1279 2430 letaniam
1299 2369 1349 2432 fa-

257 2449 384 2517 ciebant
403 2448 458 2533 qui
482 2457 694 2511 remanserant
714 2469 842 2524 omnm,
870 2447 1058 2529 discalceati,
1079 2449 1244 2514 clamantes
1263 2454 1348 2533 lyn'e

256 2536 376 2611 elesius,
398 2543 431 2597 et
452 2532 651 2615 pruiioientee
671 2552 703 2594 se
724 2552 843 2615 prunos
858 2552 954 2615 super
972 2533 1068 2597 nives.
1121 2537 1271 2618 apparuit
1290 2560 1349 2598 an.

257 2624 321 2679 tem
342 2619 374 2679 in
395 2616 464 2691 visu
491 2614 617 2677 cuidam
635 2614 688 2677 dei
708 2616 825 2681 cultori
842 2614 982 2696 homini,
1004 2623 1042 2677 nt
1060 2615 1181 2681 diceret
1202 2620 1346 2683 omnibus

258 2696 387 2761 residuis
402 2696 488 2797 quod
499 2698 773 2781 superscriberent
785 2699 818 2759 in
842 2698 1129 2781 superliminaribus
1147 2702 1209 2764 suis
1229 2703 1345 2767 “Chri.

257 2794 321 2845 stus
343 2784 516 2859 nobiscum,
536 2784 644 2845 state.”
693 2800 757 2863 qno
785 2781 870 2842 facto
901 2782 988 2843 stetit
1006 2785 1055 2845 ira
1077 2782 1137 2847 dei.
1186 2794 1219 2847 et
1236 2795 1345 2849 rui-sus

258 2865 434 2948 imperator
453 2872 487 2927 et
507 2866 642 2946 Augusta
669 2862 780 2925 multas
808 2864 955 2947 pecunias
983 2864 1181 2929 donaverunt
1201 2868 1233 2930 in
1255 2891 1346 2933 recu-

257 2949 455 3031 perationem
482 2954 515 3009 et
535 2945 782 3011 aedificationem
801 2947 1055 3011 Antiochensium
1084 2951 1229 3027 civitatis,
1315 2976 1348 3015 m

126 3036 215 3105 nats
232 3034 292 3095 set
310 3030 541 3114 cognominavit
559 3030 756 3113 Theopolim.
797 3050 899 3113 porro
913 3031 953 3093 tt
971 3032 1031 3095 hal.
1053 3033 1245 3116 Apriliarum
1252 2974 1348 3099 iuiu-

178 3148 183 3165 ι
258 3115 402 3177 dictionis
424 3114 520 3177 irruit
532 3112 755 3175 alamundarus
774 3115 893 3191 Zecius,
913 3118 1036 3198 regulus
1056 3117 1296 3200 Saracenorum,
1315 3128 1350 3183 et

257 3199 462 3282 depraedatus
492 3205 539 3261 est
557 3198 693 3281 primam
719 3197 843 3280 Syriam
873 3200 1031 3281 usquead
1059 3202 1210 3263 terminos
1234 3203 1348 3264 Antio.

256 3282 345 3345 chiae
381 3282 413 3343 in
441 3284 546 3345 locum
582 3282 636 3365 qui
658 3278 822 3343 dicebatur
839 3279 1011 3365 biturgum,
1031 3290 1066 3345 et
1085 3283 1202 3347 occidit
1222 3286 1347 3365 multos,

256 3376 290 3429 et
309 3364 448 3429 incendit
468 3364 626 3427 anteriora
647 3362 858 3427 Chalcedonis.
881 3372 915 3428 et
934 3367 1094 3429 audientes
1113 3368 1269 3450 primores
1281 3371 1348 3431 Ru.

255 3470 423 3512 manorum
450 3449 595 3512 exierunt
622 3446 766 3511 adversus
793 3470 876 3513 eum.
927 3470 993 3533 quo
1014 3458 1178 3533 comperto
1199 3452 1346 3515 Saraceni

121 3537 213 3615 ptis
231 3542 318 3597 tuna
337 3552 409 3596 eum
422 3529 533 3610 Persis,
553 3540 675 3617 sumpta
693 3532 813 3615 praeda
833 3554 906 3593 cum
921 3533 1061 3617 captivis,
1073 3534 1230 3617 fugerunt.
1250 3556 1347 3618 prae-

257 3626 342 3680 terea
364 3616 535 3679 &maritae
564 3624 596 3677 et
618 3616 721 3679 ludaei
748 3617 779 3677 in
800 3616 972 3679 Palaestina
1001 3616 1225 3699 imperatorem
1245 3640 1347 3703 quen.

257 3702 329 3763 dam
348 3700 501 3762 lulianum
528 3708 735 3776 coronantes,
768 3708 801 3761 et
820 3722 908 3763 arnna
927 3710 1040 3763 contra
1062 3700 1254 3763 Christianos
1274 3722 1348 3763 mo.

256 3795 371 3861 venter,
394 3784 516 3867 rapinas
548 3791 580 3845 et
600 3781 768 3845 homicidia
788 3793 822 3846 et
851 3782 995 3846 incendia
1017 3784 1143 3868 operati
1161 3793 1246 3858 eunt3
1268 3804 1347 3869 quos

257 3868 331 3931 deus
354 3866 484 3930 tradidit
503 3868 533 3929 in
547 3888 655 3928 manus
675 3866 848 3947 iustiniani,
868 3876 900 3929 et
920 3868 1080 3931 interemit
1101 3889 1216 3948 omnes,
1238 3877 1271 3931 et
1290 3868 1347 3930 de-

101 3960 197 4033 nete
216 3950 547 4014 ttcollavitluliauum
567 3960 747 4034 tyranuum.
788 3948 909 4012 interea
928 3951 1025 4015 tertio
1047 3950 1173 4037 imperii
1192 3951 1239 4015 sui
1261 3972 1344 4015 anno

290 4132 316 4205 ¹)
335 4128 499 4215 hereditare]
517 4138 594 4184 vatus
604 4130 736 4201 interpres
747 4130 888 4215 'epistulae
904 4130 1116 4215 adibiladelpb.
1136 4150 1208 4207 quse
1224 4134 1252 4191 S.
1262 4136 1342 4204 igna-

327 4210 368 4255 tio
385 4200 561 4255 adscribatur:
583 4216 692 4272 reguum
709 4198 756 4255 deu
773 4218 830 4255 uou
849 4200 1023 4257 hereditabit
1059 4206 1136 4258 Fara.
