3050 4900
269 323 341 396 382
645 325 981 394 lamentantium

268 501 443 564 debuisset:
467 507 538 559 ante
559 496 579 560 7
600 500 747 560 nimirum
775 500 822 561 vcl
846 499 867 561 8
888 519 993 576 annos,
1016 497 1127 584 quilnu
1148 507 1297 582 occlamata
1322 503 1356 564 in

268 585 372 646 Sicilia
394 582 536 643 adversos
556 583 749 644 Giscrielrum
771 581 939 644 Theodosii
961 583 1053 644 classe
1074 583 1168 644 Attila
1188 583 1356 646 'I'lrraciarn

268 668 362 728 armis
382 665 562 728 inlcstabstr
583 675 616 728 ct
630 669 658 728 ci
674 665 865 748 ‹lepulsanslo
881 671 1038 745 revocata,
1051 687 1109 726 racc
1127 666 1244 728 levibus
1257 689 1358 748 proc.

268 751 315 812 liis
337 772 408 812 cum
428 770 466 810 eo
501 749 604 829 initis,
635 769 776 832 paceque
804 750 930 811 tandem
955 751 1013 812 suh
1041 750 1152 811 tributi
1175 751 1357 814 conditione

268 833 451 916 composita,
471 833 662 894 Theodosius
682 831 844 894 dclirnctus
869 842 923 894 est.

353 937 422 1010 158,
442 929 472 993 9.
514 931 720 1078 Ὀμκααδὼυό
743 931 962 994 Mundzuccum
991 930 1101 993 scribit
1125 931 1292 994 lornandes
1316 933 1356 995 dc

269 1017 360 1078 rebus
382 1021 452 1078 Get.
478 1015 667 1076 Omundr'um
721 1026 763 1076 at.
786 1039 841 1091 ms,
867 1018 897 1077 in
919 1014 1012 1077 variis
1037 1015 1106 1076 lect.
1130 1017 1261 1078 fratrom
1284 1037 1358 1078 vcro

267 1099 398 1175 Binum,
415 1100 565 1182 Prosper,
586 1099 716 1173 Batiam,
732 1097 784 1159 alii
796 1099 932 1160 Bledam.

353 1201 423 1276 160,
446 1203 494 1264 12.
536 1195 707 1281 αόαμέραα]
729 1207 858 1279 possunt
880 1197 942 1260 huc
961 1197 1105 1258 accersiri
1127 1217 1207 1282 quac
1220 1193 1258 1257 de
1279 1217 1358 1258 voce

267 1273 407 1360 α’ριθμὸς
439 1281 477 1342 ad
497 1302 590 1364 pagg.
613 1277 753 1342 ttetttl
773 1280 913 1364 superius
943 1281 1163 1342 annotavimus.
1205 1276 1360 1360 κου’μεραν

268 1366 351 1424 enim
372 1385 406 1425 cx
420 1367 530 1425 Latina
553 1385 630 1424 voce
661 1363 827 1426 deductam
856 1361 984 1426 candem
1009 1363 1241 1446 significantiam
1262 1363 1358 1424 sorti.

268 1455 331 1521 tur,
351 1451 497 1509 colrortem
527 1445 761 1524 videlicet,ch
792 1449 947 1529 legionem.
991 1447 1170 1528 Apollonius
1191 1445 1359 1528 presbyter

269 1529 353 1611 apsrd
373 1533 542 1632 Meursiurn
564 1530 604 1629 dc
633 1531 754 1592 excidio
776 1531 926 1592 Hierosol.
941 1529 1008 1630 ⁸lib.
1030 1529 1060 1592 3.
1089 1529 1225 1590 larrdavit
1244 1531 1359 1612 ineptas

268 1615 362 1674 veria
383 1615 470 1675 duest
493 1611 590 1696 Vasta
610 1632 757 1680 mememts.
790 1634 1002 1676 oecumenicus
1026 1613 1065 1674 asl
1086 1620 1266 1712 act-apost.
1289 1633 1358 1693 cap.

271 1700 320 1762 15.
342 1696 397 1757 aral
417 1693 477 1776 τὴν
495 1695 586 1770 α’ξίακ
607 1691 784 1779 ἐδήλωσεν,
807 1695 841 1758 ἐκ
862 1697 992 1776 σπείρης
1010 1689 1107 1757 sintin
1126 1717 1182 1776 aas
1203 1695 1360 1770 καλουμέ·

269 1799 323 1858 κης
340 1776 501 1858 Ἰταλικῆς.
541 1781 658 1856 σπεῖρα
679 1778 715 1842 δέ
731 1778 819 1842 ἐστιν
839 1772 858 1837 6
881 1779 1038 1855 καλοῦμεν
1057 1779 1113 1839 νῦν
1131 1773 1291 1857 sclusam.
1309 1777 1360 1837 di-

266 1864 410 1942 gnitatem
426 1882 543 1945 quoque
561 1861 780 1939 manifestavit,
801 1883 843 1923 ex
865 1861 982 1944 legione
1003 1862 1105 1924 diceas
1124 1861 1260 1924 Italica:
1281 1861 1360 1942 legib

267 1946 377 2028 qta'lrpe
398 1959 442 2006 cst
459 1943 545 2028 quod
560 1965 716 2006 nrtmaam
736 1965 815 2006 armo
835 1965 987 2006 vocamus.

354 2063 423 2136 161,
448 2058 496 2126 14
539 2057 741 2146 δομὲστικος]
764 2060 884 2122 Suidas.
901 2058 1081 2138 δομέστικαι
1101 2053 1130 2120 oi
1143 2045 1205 2120 sair
1218 2051 1360 2135 Ῥωμαί.

270 2162 314 2203 ων
325 2136 439 2215 ἱππεῖς.
461 2137 584 2204 citasti
601 2139 774 2220 Ῥωμαίους
792 2141 943 2206 οἶκειακαί
962 2143 1166 2222 στρατιῶται.
1208 2141 1361 2204 domestici

268 2238 335 2287 sratt
356 2225 561 2287 Romanorum
582 2231 702 2310 equites.
755 2227 898 2290 satellites
929 2226 1088 2288 domestici
1113 2224 1275 2286 secundina
1297 2227 1361 2288 Ro·

270 2329 386 2370 mattos.
427 2309 564 2369 Zonaras
587 2311 618 2370 in
641 2310 849 2373 Diocletiano.
872 2308 1076 2386 δομεστίκοας
1098 2307 1133 2370 δὲ
1153 2305 1229 2379 τούς
1247 2304 1362 2380 ἱππέας

270 2392 354 2464 attic
373 2387 548 2469 νομιζουσι.
601 2393 778 2457 domesticos
807 2394 932 2480 quidam
964 2405 1081 2454 censeat
1113 2393 1226 2475 equites
1244 2393 1363 2453 vocari.

251 2476 445 2559 ¹Procopius
467 2474 507 2538 de
523 2476 606 2539 hello
626 2477 798 2539 vandalico
830 2478 883 2539 tib.
907 2482 922 2543 1
943 2478 1138 2537 Marcianum
1160 2474 1364 2537 domesticum

270 2560 409 2641 exponit.
450 2560 506 2621 ille
525 2581 557 2622 se
576 2562 707 2645 Aspasia
726 2582 911 2623 manorum
940 2560 1074 2621 oninium
1100 2561 1216 2621 sotium
1236 2578 1296 2620 esse
1315 2558 1364 2621 ia-

269 2644 353 2727 cuit,
372 2664 462 2726 quem
480 2641 618 2704 Romani
636 2646 830 2706 donrestiettm
851 2656 969 2705 vocant.

360 2744 430 2817 162,
447 2745 478 2808 9.
520 2733 538 2799 i
554 2742 590 2802 rii
606 2733 765 2824 Ἀττιλᾶς]
789 2742 827 2803 ad
841 2764 955 2803 annum
969 2740 1120 2805 Marciani
1134 2741 1272 2825 primum
1290 2737 1364 2803 lda-

168 2828 173 2836 ’
272 2822 309 2884 tii
330 2824 545 2906 Prosperiqne
565 2824 676 2921 chron.
698 2824 775 2887 haec
798 2826 946 2891 referunt.

356 2929 439 2993 Ittd.
465 2930 514 2997 14.
555 2929 643 3010 παρὰ
665 2929 799 3013 Λήγαυκ
819 2928 972 3015 ποταμόν]
1006 2930 1049 2993 ita
1070 2932 1240 3015 Gregorius
1260 2930 1365 2995 Turo-

275 3014 385 3075 nensis.
426 3013 560 3091 ldatius,
582 3023 615 3075 et
640 3016 807 3077 {ornandos
834 3018 873 3078 de
905 3017 996 3079 rebus
1017 3016 1150 3095 Geticis,
1177 3015 1304 3079 Attilam
1325 3014 1365 3079 ad

274 3098 624 3180 camposCatalaunicot
646 3108 841 3181 prostratum
863 3109 1010 3162 asserunt.
1096 3152 1098 3157 .

360 3216 430 3292 163,
454 3218 484 3281 6.
525 3211 602 3295 ἢέν
623 3208 805 3293 Χαλκηδόνι
828 3206 914 3294 ·ἇγιἀ
935 3214 990 3277 arai
1018 3210 1239 3297 οἷκαυμεκικὴ]
1263 3212 1365 3293 idatii,

273 3307 306 3360 et
326 3297 568 3361 Alexandrinum
585 3296 735 3359 chronica
756 3300 966 3360 consentiunt.
1012 3362 1017 3370 ι

359 3413 493 3492 16:110.
516 3409 740 3496 ἐχειροτονήθη
756 3412 792 3475 δὲ
809 3406 824 3474 ὃ
842 3414 1030 3493 naletam]
1047 3414 1274 3499 diagrammatis
1292 3414 1366 3476 Ale.

273 3497 421 3560 sandriae
446 3496 697 3581 patriarcharum
719 3496 998 3559 auctorrlbraham
1008 3496 1221 3575 Ecchellcnsis,
1242 3498 1366 3560 diverso

272 3602 401 3665 prorsus
423 3582 551 3657 ordine,
570 3588 602 3641 et
629 3580 804 3643 nominibus
827 3578 865 3641 ad
878 3580 1075 3643 Athanasium
1096 3582 1227 3643 nominis
1249 3602 1364 3644 secun-

274 3662 581 3747 dum‘patriarcham
595 3664 740 3725 Alexand.
764 3672 923 3748 sequentes
936 3674 1009 3747 post
1028 3666 1217 3727 Dioscornm
1239 3665 1367 3727 ordinat

274 3749 336 3809 hoc
356 3756 460 3830 pacto.
515 3747 684 3808 limotlzera
706 3760 777 3830 post
803 3745 913 3810 obiam
934 3748 1076 3810 Dioscori
1105 3752 1279 3811 comatam
1305 3760 1366 3810 ests

277 3852 401 3913 magnas
419 3830 548 3917 pertulit
567 3828 607 3892 at
635 3832 803 3892 hominibus
830 3835 1003 3895 contrarias
1021 3834 1170 3913 factionis
1191 3832 1365 3893 tribulatio-

275 3934 336 3991 nes,
357 3935 473 3977 necnon
493 3916 527 3975 ia
560 3913 688 3975 exilium
715 3928 844 3977 exactus
873 3928 916 3975 est
933 3936 1003 3975 cunt
1022 3916 1168 3977 Anatolio
1175 3918 1293 3995 fratre,
1314 3914 1370 3973 sed

271 4011 340 4079 post
360 3998 540 4059 noareaniam
571 3997 727 4058 resaluta.
777 3998 852 4060 obiit
878 3996 1096 4060 Alexandriae
1117 4001 1247 4083 septima
1270 3998 1370 4058 Mosri

252 4079 326 4139 'die
349 4079 487 4146 Veneris.
509 4080 573 4162 egit
598 4080 630 4139 in
647 4080 833 4161 pontificatu
854 4081 1023 4143 secundum
1051 4080 1183 4144 eandem
1204 4100 1301 4143 annos
1315 4078 1367 4155 29,

277 4161 340 4225 dies
359 4159 432 4228 336.
475 4162 625 4248 sequitur·
650 4163 758 4228 Petrus
772 4164 867 4247 paulo
888 4176 1049 4249 postquam
1076 4164 1212 4248 afflatus
1234 4178 1288 4242 est,
1302 4158 1369 4247 suit
