3050 4900
438 393 577 459 horse
605 392 893 461 reseratores.
1128 391 1200 462 577

112 568 284 654 Ἀντιοχείᾳ
303 566 359 631 ἀπ’
382 569 488 632 adroic
515 568 752 650 ἄποσχτααντος.
800 572 853 656 qui
872 585 942 656 post
967 585 1139 654 provectum
1161 575 1207 636 ad

111 656 312 740 episcopatum
331 653 478 716 Εαωίισπ
499 655 649 716 Arcanum
679 657 871 724 Antiochiae,
900 677 931 714 se
949 657 990 716 ah
1009 654 1053 716 eis
1072 678 1202 740 separa.

111 751 231 798 verant.
273 757 338 820 quo
360 748 393 799 ct
412 738 723 818 indicaturpriorcm
734 737 825 800 inisse
835 736 956 799 Paulini
978 739 1202 820 episcopatum,

113 841 172 882 nee
192 821 248 879 nisi
269 821 429 882 schismate
452 822 491 880 ub
513 843 551 883 eo
584 823 699 881 lactum
720 820 879 882 Meletium
901 823 1101 902 episcopum:
1123 845 1204 906 quae

111 911 145 965 et
167 903 248 964 ratio
271 904 311 962 sit
330 921 391 964 cur
411 904 626 966 Occidentales
655 904 875 985 propensiores
907 907 1023 980 luerint
1047 906 1076 965 in
1097 906 1204 966 Pauli·

114 1008 199 1062 num,
219 987 343 1070 sintque
364 987 565 1068 postmodum
586 988 709 1071 gravius
736 989 836 1070 questi
867 986 899 1046 in
920 987 1100 1048 Flavianum
1123 1011 1203 1070 pro.

115 1070 212 1130 ducto
234 1070 395 1131 schismate
415 1071 533 1132 Meletii
554 1090 781 1147 successorem,
804 1077 839 1132 ut
859 1077 973 1130 auctor
993 1071 1074 1132 iufra
1097 1073 1203 1134 Ἡοοο.

113 1152 192 1215 dosii
213 1174 284 1213 aun.
308 1151 359 1216 15.

199 1257 267 1337 105,
292 1258 339 1321 15.
384 1260 417 1334 ἐξ
439 1259 613 1342 ἐμφανείας
642 1257 698 1340 τῆς
719 1259 875 1338 παναμίας
896 1253 1056 1336 diotimo]
1077 1265 1205 1322 sanctis-

115 1343 196 1402 sima
215 1344 268 1403 dei
282 1345 427 1422 genitrice
457 1367 542 1406 snam
565 1345 633 1404 ittic
652 1347 813 1420 rirtrrmm,
835 1365 875 1402 ac
889 1347 1092 1425 praesentiam
1114 1348 1204 1406 esclu'.

111 1425 202 1486 bena.
223 1427 268 1486 sic
290 1427 404 1488 Christi
426 1448 476 1491 an.
499 1423 572 1504 402,
589 1429 628 1488 de
641 1426 804 1487 Pulcheria
826 1427 870 1486 ait
891 1447 927 1488 ex
938 1427 1061 1488 Surum.
1082 1420 1130 1489 ὅτι
1152 1428 1207 1492 κατ’

112 1508 203 1580 θείας
223 1508 396 1592 τ’μφανειας
422 1507 569 1590 η’ξιοῠτο·
610 1511 821 1594 praedivina
842 1511 959 1572 cisione
978 1511 1162 1591 digereretur.

199 1614 269 1693 108,
287 1614 318 1682 3.
359 1610 576 1700 φθονήσαντας
602 1615 649 1713 rq'i
674 1611 849 1696 πράγματα]
880 1617 975 1678 Barb.
998 1616 1092 1702 Peyr.
1112 1615 1203 1679 Cedr.

112 1708 173 1764 etc.
195 1700 251 1760 etsi
271 1700 339 1760 Pal.
366 1695 596 1778 προστάγματι.
627 1699 705 1760 illud
725 1700 845 1760 melius.
890 1700 999 1760 videns
1019 1701 1065 1760 rei
1084 1702 1205 1762 inuidia

111 1796 216 1844 motos.
245 1777 301 1843 rie
328 1779 554 1862 σοντακτήρισν
572 1777 665 1860 λόγον
692 1775 936 1860 ἐπιδειξάμενος.
954 1786 1090 1844 oratione
1112 1785 1204 1860 edim,

111 1889 150 1925 ac
168 1867 267 1944 dicta,
291 1887 352 1949 quia
369 1865 546 1926 discessurus
565 1867 635 1926 bene
650 1879 843 1950 precaretur,
866 1887 906 1926 ac
923 1869 994 1926 vate
1015 1868 1134 1928 diceret.
1159 1868 1204 1927 sic

114 1948 260 2009 nimirum
289 1950 369 2029 ipsc:
399 1944 642 2027 προτρεπττκσύς
672 1942 749 2030 ἡμῖν
780 1945 971 2027 μελετήσατο
1002 1947 1123 2030 λόγους,
1144 1946 1204 2028 s'yai

113 2029 191 2109 ὑμῖν
208 2028 363 2093 tautam
392 2027 449 2092 τὸν
468 2025 701 2112 corruerimus.
752 2052 899 2092 sermones
921 2032 1075 2108 instruite,
1098 2034 1207 2116 quihus

117 2115 272 2176 abeuntem
288 2117 519 2199 prosequamini
526 2137 538 2191 ;
560 2138 613 2195 ego
625 2115 712 2177 vohis
723 2114 955 2176 valedictoriunr
969 2116 1103 2177 reddam.
1126 2115 1205 2178 male

115 2197 268 2259 Buceard.
289 2200 393 2260 hahita
412 2199 451 2258 de
467 2220 545 2278 pace
565 2199 682 2278 agenda
703 2199 861 2274 oratione,·
891 2196 963 2282 Xyl.
983 2203 1021 2260 dc
1041 2200 1204 2260 concordia

113 2281 333 2343 coristituenda:
355 2281 545 2362 Buroniiqne
562 2284 739 2379 interpres:
763 2287 799 2340 ut
820 2291 851 2340 ct
875 2285 977 2340 hnast.
997 2285 1206 2366 compositorio

111 2386 258 2427 sermone.
277 2365 473 2443 προσέθηκεν
493 2365 537 2447 τῷ
555 2365 703 2446 συμβολῳ
723 2357 781 2442 τήν
800 2355 967 2441 θεολόγων
985 2364 1044 2422 τοῦ
1063 2359 1202 2440 circipa-

113 2468 185 2519 τος·
238 2448 406 2535 doctrinam
433 2447 471 2508 de
490 2448 614 2530 spiritus
634 2449 732 2509 sancti
761 2447 881 2507 deitate.
905 2447 1006 2509 miuus
1029 2445 1133 2509 reddit
1156 2448 1206 2509 in-

115 2542 215 2614 terpr.
235 2544 372 2595 sarrctam
391 2530 430 2592 de
451 2533 558 2616 spiritu
581 2545 685 2592 sancto
704 2530 882 2595 doctrinam.

200 2636 269 2717 100,
296 2636 344 2703 18.
386 2630 495 2721 φήμης
523 2637 667 2716 ψευδοῦς
685 2629 887 2718 ἐξελθούσης]
908 2636 1083 2717 cumfalsus
1103 2656 1206 2699 aanor

108 2722 334 2805 percrebrdsset.

194 2828 275 2893 ibid.
301 2824 351 2889 10.
401 2826 657 2907 discretiores]
686 2828 787 2910 pulum
818 2828 950 2905 detecti,
976 2846 1013 2889 uc
1033 2827 1202 2911 prodentes

113 2911 219 2995 quales
241 2910 273 2971 iu
291 2910 463 2973 catholicos
486 2922 596 2975 essene
618 2913 674 2973 sai
694 2909 836 2974 ἕκαστον.

199 3024 270 3102 110,
291 3024 323 3088 8.
371 3022 510 3102 s'suilune
536 3022 594 3089 τὸν
619 3024 675 3089 c’ni
700 3027 757 3109 τῆς
783 3027 951 3106 μετανοίας
981 3018 1204 3104 πρεσβύτερον]

112 3110 260 3173 Nectario
275 3110 491 3195 presbyterum
506 3111 718 3193 poenitentiae
730 3112 945 3194 praepositum
962 3109 1118 3169 amorcnti
1145 3107 1207 3166 ini-

114 3197 211 3277 quior
232 3194 310 3255 mibi
332 3194 412 3255 visus
441 3195 476 3262 P.
498 3199 608 3272 Goar,
641 3216 713 3255 cum
734 3217 800 3257 rem
823 3194 874 3255 ille
896 3192 1075 3274 disciplinae
1097 3190 1206 3271 egerit,

116 3276 257 3361 nihilque
278 3276 350 3338 inde
363 3278 446 3359 apud
470 3280 623 3361 antiquos,
647 3280 731 3339 reiut
749 3278 961 3361 poenitentiae
981 3282 1206 3334 sacramentum

115 3361 217 3442 ipsum
238 3360 383 3439 violarit,
410 3371 502 3423 notae
523 3362 707 3442 reportarit.
756 3362 816 3423 luit
838 3380 960 3442 semper
978 3358 1112 3418 Nectarii
1135 3376 1206 3416 san.

114 3453 166 3505 cta
188 3445 359 3523 memoria,
379 3444 571 3528 modumque
591 3445 677 3505 illum
704 3444 917 3527 poenitentioe
947 3440 1100 3523 publicae,
1122 3440 1206 3501 unde

114 3526 148 3588 id
169 3526 303 3590 scandali
334 3536 440 3590 ortum
475 3537 570 3606 esset,
592 3531 678 3590 velut
698 3539 819 3591 tautum
844 3527 919 3588 iuris
940 3520 1078 3605 humani,
1101 3532 1132 3602 et
1153 3544 1204 3583 ec-

114 3611 299 3674 clesiasticae
321 3612 560 3689 consuetudinis,
585 3612 616 3671 in
641 3633 706 3689 sua,
726 3612 778 3673 cui
799 3612 867 3673 iure
886 3606 1088 3693 patriarchali
1111 3628 1204 3689 prse-

115 3694 246 3773 sidebal,
266 3695 394 3759 ecclesia
414 3695 542 3759 abutere
557 3697 671 3777 potuit.

198 3802 283 3869 lhid.
295 3806 343 3872 19.
396 3802 526 3876 οἰκείαις
544 3799 641 3882 χερσὶ
661 3799 786 3882 λαβοτς]
811 3801 859 3862 rix
879 3798 990 3861 adduci
1012 3820 1147 3879 possum,
1171 3802 1206 3856 ut

113 3882 154 3947 do
175 3886 305 3967 leprosis
323 3888 509 3969 peculiarius
531 3888 692 3969 accipiam,
714 3888 826 3970 quibus
845 3884 909 3966 ipsa
932 3878 1206 3945 munibusPlucilla

115 3974 250 4051 Augusta
271 3972 482 4045 miuistmret3
503 3980 536 4033 et
557 3994 619 4032 non
634 3972 729 4052 magis
750 3969 788 4030 dc
804 3988 942 4049 cor-porc
964 3966 1088 4041 mutilis,
1112 3973 1207 4045 atque

114 4052 187 4113 alias
209 4053 382 4129 debilibus;
411 4056 513 4119 scabie
535 4056 663 4130 ioman,
696 4052 881 4135 foetidisque
910 4048 1060 4111 eiusmodi
1089 4046 1208 4109 morbis

115 4137 343 4205 laborantibus.
423 4162 429 4185 o

207 4250 336 4321 lim.
380 4242 434 4305 διὰ
455 4246 496 4307 τοὶ
516 4240 641 4330 μητοὶτα
654 4244 810 4329 στρατοῦ]
830 4256 955 4327 propter
974 4239 1125 4301 exercitus
1146 4258 1208 4299 mc·

220 4368 399 4439 stenphunes
418 4372 455 4425 ll·
972 4362 1005 4416 ³7
