3050 4900
237 331 311 408 nat
606 345 647 406 su
674 342 952 407 Tricornium

236 518 369 582 Romani
396 519 477 580 liber
506 517 657 582 secundus
685 541 757 601 pag.
789 512 849 581 246
881 528 1080 580 enumerant:
1106 519 1326 602 Metrophanes

236 626 313 666 vero
334 623 414 664 anno
438 603 631 664 Constantini
652 603 774 664 decimo
795 603 901 674 tertio,
924 603 1021 664 morti
1044 603 1103 662 iam
1127 604 1253 682 vicinus,
1275 609 1326 668 ul.

237 689 344 748 timam
367 688 479 768 agebat
507 696 705 748 senectutem.
758 705 822 745 non
855 687 985 748 inticior.
1019 685 1187 748 ἐπίσκοπον
1215 688 1325 769 πρῶτα

236 771 429 834 nihilosecius
460 771 498 830 ab
518 780 647 832 auctore
681 793 743 832 non
764 769 933 852 incongrue
957 770 1075 830 dictum
1095 769 1239 848 coniicio,
1260 774 1324 836 sive

237 854 324 938 quod
346 853 384 913 ab
406 873 444 914 eo
466 875 566 916 novae
586 855 702 914 Romae
722 853 878 934 praesules
909 873 1069 914 recensere
1090 855 1232 935 coeperit
1254 876 1324 938 pag.

239 936 334 1012 101),
356 937 419 998 sive
439 937 524 1020 quod
546 937 750 998 Constantino
780 937 961 1020 Byzantium
991 938 1127 1018 primum
1156 937 1324 1018 appellanti

236 1041 367 1082 coaevus
391 1021 471 1080 inter
491 1019 683 1102 patriarchas
702 1021 806 1082 locum
827 1021 963 1100 primum
988 1019 1103 1082 mereri
1125 1021 1325 1101 existimetur,

236 1115 326 1164 aucta
347 1103 492 1164 nimirum
512 1104 650 1186 episcopi
672 1105 821 1186 dignitate
842 1113 873 1164 et
894 1105 1021 1180 iuribus,
1045 1105 1263 1184 cumprimum
1285 1105 1325 1170 de

237 1186 457 1248 transferendo
482 1188 614 1272 imperio
637 1187 800 1249 consilium
824 1187 1039 1249 Constantinus
1061 1188 1190 1270 accepit.

316 1293 367 1374 49,
388 1300 417 1358 9.
461 1288 513 1377 ἔτη
537 1287 593 1372 λζ]
616 1296 709 1357 etiarn
732 1295 891 1377 trigesimo
919 1304 1031 1360 octasm
1053 1294 1200 1357 delibato.

318 1419 397 1480 thid.
414 1418 463 1481 90.
507 1415 688 1491 Ev’nru'dsns
709 1417 933 1502 πρεσβύτερος]
953 1419 1149 1482 Eustathium
1170 1419 1253 1480 bunc
1274 1441 1324 1480 ss.

235 1502 283 1563 cri
302 1503 574 1587 Hierosolymitani
598 1504 728 1565 aedificii
752 1513 913 1564 auctorem
927 1505 1134 1584 Hieronymus
1155 1502 1266 1564 scribit
1285 1505 1324 1565 ad

235 1607 349 1647 annum
370 1587 565 1649 Constantini
587 1584 637 1651 30.
679 1585 855 1647 Eustntln'us
888 1587 949 1648 ΟΡ.
967 1588 1125 1668 presbyter
1142 1587 1321 1668 agnoscitur,

228 1673 317 1731 mdiu
337 1671 488 1733 industria
508 1673 542 1730 in
563 1670 782 1747 Hierosolymis
807 1671 986 1749 martyrium
1011 1683 1206 1732 construentes
1231 1684 1283 1732 cst.

242 1787 245 1793 ’
319 1791 370 1871 50,
383 1792 412 1855 3.
454 1785 642 1875 μαρτύριον]
666 1793 708 1854 ita
727 1815 854 1876 quoque
869 1795 1001 1876 Cyrillus
1024 1794 1142 1856 catech.
1165 1791 1217 1872 14,
1241 1815 1322 1876 quae

237 1875 299 1939 alio
322 1878 448 1938 nomine
468 1876 592 1938 basilica
625 1878 896 1952 Constantiniana,
928 1879 959 1936 S.
994 1879 1251 1960 resurrectionis,
1273 1877 1322 1940 vel

236 1961 394 2041 sepulchri
416 1961 524 2036 aedes,
562 1959 655 2022 hodie
683 1961 796 2021 Graeci
829 1963 885 2040 τῆς
906 1956 998 2038 ἁγίας
1028 1957 1227 2032 ἀναστάσεως
1248 1956 1324 2021 ναὸν

239 2042 400 2105 dicuntia
421 2043 543 2105 mencio
567 2043 596 2105 io
624 2041 662 2104 13
684 2045 842 2126 Septemb.
869 2043 908 2104 de
932 2065 995 2125 quo
1016 2044 1078 2106 late
1101 2046 1127 2105 F
1129 2065 1212 2105 runc.
1235 2045 1324 2122 Qua-

236 2126 365 2188 reamius
385 2135 473 2188 torno
496 2127 515 2188 2
535 2064 750 2188 elucidationis
767 2139 871 2189 terrae
891 2137 1022 2188 sanctae.

236 2309 284 2378 d·
318 2232 403 2297 thid.
427 2231 457 2295 6.
499 2233 628 2315 Πέρσαι
663 2233 699 2296 δὲ
726 2230 908 2318 ἐδήλωσαν]
944 2255 980 2296 ex
1010 2233 1162 2296 chronico
1191 2233 1324 2296 Alexan.

258 2337 340 2379 rino.

316 2437 456 2502 Ittdnt.
490 2429 620 2522 Ἔζησαν
640 2438 677 2501 dd
694 2429 735 2503 'sd
758 2431 817 2502 dte
839 2433 893 2521 ἔτη
914 2439 970 2522 τῆς
984 2439 1066 2521 ζωῆς
1087 2439 1187 2503 astant·
1206 2431 1321 2523 ἕτηξέ]

235 2524 442 2609 Hieronymus
465 2525 497 2586 in
519 2524 627 2586 chron.
650 2527 786 2601 moritur,
809 2524 922 2609 inquit,
944 2546 1025 2587 anno
1046 2526 1160 2587 aetatis
1181 2546 1252 2585 suae
1272 2522 1322 2585 66.

235 2608 269 2669 iu
292 2628 373 2691 quae
394 2610 488 2671 verba
510 2618 640 2671 annotat
659 2608 814 2670 Pootscns
835 2616 940 2669 notam
968 2608 987 2669 5
1011 2630 1047 2669 ex
1067 2608 1268 2669 similitudine
1291 2611 1323 2668 in

235 2688 436 2753 nmuutam.
485 2692 614 2751 Rufinus
644 2692 726 2753 enim
756 2692 810 2753 lib.
844 2692 859 2751 1
892 2712 958 2773 cap.
984 2692 1032 2765 11,
1064 2691 1208 2752 Socrates
1227 2692 1279 2753 lib.
1306 2692 1321 2753 1

235 2794 304 2917 epp
315 2773 381 2916 ‘pit
398 2794 513 2917 praynss
533 2774 982 2917 rppysnerbis‚etSopop1enus
1002 2774 1091 2836 litat
1113 2795 1180 2857 cap.
1202 2776 1323 2919 payitcr

236 2877 257 2916 n
342 2877 396 2917 ons
413 2880 450 2919 aa
467 2878 511 2917 sna
530 2878 562 2917 vs
596 2879 612 2918 e
635 2878 731 2918 annos
750 2878 903 2940 scragsna
927 2879 1064 2942 quinque
1086 2878 1235 2923 numeran

319 2978 400 3040 Jttd.
413 2973 460 3041 14.
502 2973 696 3057 βασιλεύσας
716 2973 772 3062 ἔτη
792 2976 839 3042 λα’
858 2976 914 3042 καὶ
932 2980 1035 3061 μῆνας
1055 2978 1143 3061 δέκα]
1165 3004 1246 3044 anno
1263 3002 1323 3067 ps-

236 3060 318 3124 riter
338 3061 464 3145 imperii
484 3064 642 3125 tricesimo
668 3065 805 3126 secundo
839 3086 909 3127 eum
941 3066 1052 3128 obiisse
1081 3066 1178 3126 refert
1201 3064 1323 3141 Victor,

235 3141 428 3229 Epiphanius
449 3146 502 3209 lib.
524 3145 567 3208 de
581 3164 674 3207 mens.
698 3156 730 3210 ct
750 3147 846 3229 pond.
868 3160 981 3211 auctor
999 3148 1080 3209 vitae
1102 3148 1207 3209 Conat.
1229 3144 1324 3211 litat

237 3249 305 3314 cap.
324 3228 366 3293 53
389 3250 471 3293 anno
492 3230 636 3294 videlicet
653 3230 693 3293 31
715 3241 865 3293 otmense
880 3231 928 3311 10,
949 3240 986 3293 ut
1007 3232 1115 3294 chron.
1137 3231 1279 3293 Alexand.

319 3352 369 3433 51,
391 3354 421 3417 5.
465 3351 606 3417 ἐκέλευσε
628 3352 664 3417 di
681 3350 876 3419 Ἀθανᾰσιαν
895 3356 951 3439 τῆς
971 3354 1102 3439 ἐξωρίας
1124 3352 1320 3439 ἐπανελθεῖν]

236 3436 388 3501 baronius
411 3460 492 3501 anno
515 3436 621 3501 c.337
645 3460 727 3518 num.
748 3438 780 3502 8.

317 3563 399 3625 thid.
422 3560 469 3624 13.
512 3561 734 3637 Κωνστάντιας
765 3556 819 3643 ἔτη
843 3560 903 3647 sn']
925 3564 967 3625 ita
990 3584 1062 3625 cnm
1082 3562 1180 3645 Regio
1201 3562 1320 3625 Palati-

237 3668 313 3709 nnm
336 3656 369 3709 et
388 3644 515 3729 Peyres.
538 3646 688 3709 Vaticana
710 3647 901 3709 correctiora
918 3640 972 3727 ἔτη
994 3642 1051 3707 sd'.

318 3770 399 3833 ΠΜ.
425 3769 473 3833 17.
497 3766 717 3845 Καναταὶηιος
733 3771 770 3834 dd
792 3767 993 3857 Ἀθαναίων]
1016 3772 1203 3835 Snaomenns
1225 3769 1277 3832 lib.
1299 3766 1320 3831 3

237 3874 304 3952 epp.
316 3855 347 3932 1,
369 3855 522 3932 Socrates,
543 3856 772 3954 Theodoretns,
782 3856 983 3955 Epiphanius,
1000 3864 1033 3917 et
1044 3858 1173 3953 ipsemet
1185 3853 1330 3927 Athana-A

236 3938 594 4103 {medillam
618 3940 1318 4100 ¹teht..tntaltt'ttttt.ttt;

236 4103 401 4182 nudato,
423 4118 457 4170 nt
477 4107 660 4169 Constantio
689 4106 961 4185 caeninensium,
983 4106 1167 4169 assentiente
1190 4124 1319 4166 annona·

236 4197 304 4249 tam
324 4190 455 4254 scribite
478 4190 600 4253 litteras
620 4206 722 4273 porro
741 4190 1031 4268 commendatitiae,
1065 4188 1104 4251 de
1133 4189 1245 4274 quibus
1268 4186 1318 4248 hic
