3050 4900
271 357 346 428 300
643 365 685 426 ΙΝ
715 361 993 428 THEOI’llhllElll

270 533 395 615 pariter
414 528 635 593 Alexandrinae
653 533 693 593 ah
714 531 835 595 dalano
859 551 973 594 nomen
995 551 1066 594 aera
1095 539 1229 614 utraque
1252 533 1358 612 potnit

270 618 426 681 obtinere.
474 633 585 674 aarum
605 635 644 676 ne
666 617 725 676 hac
744 618 810 676 sola
832 617 1013 677 coniectura
1037 615 1167 675 ariolcr:
1190 616 1358 696 gravissimi

271 699 430 782 ponderis,
450 717 554 779 neque
571 698 719 759 irritandi
739 699 864 760 roboris
880 698 1045 760 translatae
1066 697 1280 780 appellationis
1304 721 1358 760 ar.

270 791 451 866 gementum
474 790 539 856 est,
565 782 651 864 quod
672 782 847 865 syncellus,
870 783 925 866 qai
949 803 1053 843 aeram
1075 779 1241 844 secundam
1262 803 1359 843 usur-

141 878 145 889 '
269 867 366 946 pavit,
388 875 422 926 et
449 863 489 924 ad
510 864 626 926 Christi
657 864 790 927 natalem
820 886 916 926 annos
943 876 1062 949 septem
1091 864 1140 926 vel
1168 874 1241 926 octo
1264 885 1358 947 snpra

269 947 472 1011 Panodorom
493 947 616 1026 adiecit,
634 951 738 1009 statim
751 968 881 1010 numero
897 969 988 1032 pares
1001 947 1135 1026 rescidit,
1156 955 1187 1010 et
1207 969 1241 1010 ex
1259 949 1357 1031 impp.

270 1031 431 1109 aetatibus,
453 1042 583 1093 necnon
598 1031 771 1113 patriarch.
791 1042 823 1095 et
841 1043 956 1116 satrap.
978 1031 1110 1094 totidem
1132 1031 1265 1108 resectis,
1286 1035 1357 1114 pri.

269 1137 352 1176 mam
373 1113 497 1176 tandem
517 1135 621 1175 acram
639 1117 678 1176 ab
700 1135 782 1176 auno
805 1114 911 1176 mundi
933 1109 1016 1178 5493
1036 1125 1069 1178 et
1089 1114 1219 1176 alteram
1238 1137 1255 1176 a
1275 1114 1355 1176 5501

270 1197 419 1260 liuentem
438 1197 610 1260 concordes
628 1200 711 1260 intcr
729 1219 762 1271 se
780 1209 812 1260 et
824 1199 944 1282 aequali
957 1219 1060 1282 gressa
1076 1199 1251 1281 procedere
1271 1220 1359 1260 com.

269 1283 361 1364 pulit.
390 1301 487 1343 annos
507 1282 734 1364 imperatorum
752 1283 905 1346 aetatibus
934 1282 1090 1345 detractos
1107 1283 1242 1366 Syncelli
1262 1281 1358 1342 chro.

268 1365 396 1446 nologia
414 1365 480 1426 aliis
494 1375 685 1448 comparata,
707 1387 758 1426 me
774 1376 896 1429 tacente
909 1367 1121 1427 vociferatum
1145 1365 1359 1426 detractorum

268 1447 418 1510 indicium
440 1456 473 1510 et
491 1448 664 1530 exemplum
683 1448 755 1509 solis
776 1449 869 1532 ipsias
892 1449 980 1512 radio
999 1447 1151 1522 describo.
1172 1447 1358 1510 Diocletiani

270 1534 410 1616 tyrannis
429 1530 471 1592 ad
490 1553 606 1592 annum
627 1553 645 1593 a
667 1531 777 1592 mnndi
803 1532 935 1594 conditu
956 1531 1037 1594 5777
1060 1553 1094 1594 ex
1115 1532 1250 1616 syncelli
1270 1553 1360 1593 com.

268 1626 359 1697 puto,
379 1625 412 1676 et
424 1613 624 1697 Theophanis
644 1635 718 1697 pag.
740 1609 763 1675 4
783 1617 961 1697 reponitur,
982 1613 1153 1698 eademque
1172 1623 1245 1697 post
1265 1615 1359 1676 Chri.

267 1701 306 1761 sti
326 1719 430 1759 aeram
451 1717 534 1758 anno
556 1697 640 1759 5500
657 1695 777 1760 etanta
801 1700 1021 1782 consignatam,
1044 1720 1140 1760 annos
1161 1719 1196 1761 ex
1215 1699 1358 1782 Syncello

269 1790 302 1845 et
320 1781 514 1864 Theophane
536 1780 637 1844 citatis
659 1791 803 1843 numerat
827 1781 897 1861 077,
918 1782 1048 1844 modam
1068 1791 1209 1844 tamena
1235 1783 1362 1844 Diocle-

268 1865 356 1927 tiano
377 1862 574 1948 tyrannidem
594 1873 754 1946 arreptam
776 1867 862 1926 annis
893 1863 912 1926 7
934 1865 984 1928 vel
1006 1866 1028 1928 8
1048 1866 1258 1945 posteriorem
1280 1885 1359 1926 assa.

269 1949 313 2011 rit
332 1947 600 2030 chronologorum
627 1968 698 2008 vox·
717 1949 907 2026 commanis,
932 1960 964 2011 et
982 1947 1021 2010 ad
1041 1949 1250 2032 Dionysianae
1269 1969 1359 2012 aerae

269 2031 332 2092 084
351 2039 383 2093 et
402 2030 464 2092 085
491 2029 608 2112 alligat.
640 2051 737 2092 annus
769 2032 866 2114 igitur
885 2041 1004 2113 septem
1031 2031 1080 2095 vel
1106 2043 1180 2094 octo
1203 2053 1220 2093 a
1242 2033 1357 2094 Christi

269 2113 416 2176 natalitiis
446 2113 486 2174 ad
518 2113 752 2176 Diocletianum
783 2115 999 2197 imperantem,
1021 2115 1054 2176 in
1079 2115 1361 2200 SyncellifTheo-

268 2197 380 2281 phanis
400 2206 433 2259 et
453 2198 646 2260 consortium
666 2197 791 2260 calculis
814 2198 970 2262 detractos
990 2199 1091 2260 nullus
1115 2201 1282 2282 negaverit.
1303 2199 1362 2265 ad·.

272 2280 394 2342 daiam
416 2279 455 2340 ad
480 2280 641 2343 Panodori
667 2303 773 2342 aeram
794 2275 877 2343 5493
906 2303 997 2345 aerae
1015 2282 1129 2345 Christi
1151 2281 1360 2366 Dionysiauue

272 2385 369 2424 anuos
394 2358 456 2424 284
477 2384 629 2425 summam
653 2363 893 2447 proculdubio
916 2365 1041 2449 colliges
1071 2365 1163 2442 5777,
1185 2365 1262 2428 haec
1282 2386 1360 2428 vero

271 2459 329 2525 est,
352 2470 446 2531 qnam
467 2449 610 2509 amandi
630 2446 762 2511 conditu
784 2447 822 2509 ad
833 2448 1063 2512 Diocletianum
1081 2449 1362 2535 Synccllus,'1heo·

270 2533 388 2617 phanes
411 2540 443 2593 et
466 2529 519 2593 alii
538 2551 643 2593 aeram
658 2536 854 2595 Graecorum
875 2532 1040 2595 secundam
1061 2532 1223 2615 amplexati
1244 2533 1364 2596 subda-

270 2624 357 2677 cant.
407 2633 481 2676 aera
510 2615 608 2697 igitar
640 2616 775 2677 secunda
800 2617 937 2676 recurrit
958 2618 990 2677 iu
1018 2618 1160 2698 primam,
1183 2638 1241 2679 nec
1260 2617 1363 2679 minas

271 2720 366 2782 mam
386 2700 498 2780 prima,
523 2699 751 2760 Alexandrinae
771 2708 911 2760 merctur
932 2720 1059 2761 nomen:
1082 2708 1113 2762 et
1130 2701 1265 2763 secunda
1285 2702 1362 2762 haec

272 2801 380 2843 rursm
405 2781 544 2861 aprima
565 2779 585 2840 7
608 2782 658 2841 vel
678 2780 700 2841 8
721 2781 827 2858 annis,
849 2792 882 2843 et
913 2804 931 2841 a
953 2783 1047 2844 tertia
1068 2783 1138 2866 pari
1159 2787 1260 2865 spatio
1278 2786 1364 2846 circa

272 2864 389 2926 Christi
418 2863 550 2925 natalem
573 2861 697 2937 dissita;
728 2870 895 2946 postquam
918 2864 1000 2927 facta
1028 2864 1223 2929 detractione
1245 2868 1277 2928 iu
1294 2868 1364 2950 pri-

242 3002 251 3023 ,
272 2967 355 3009 marn
377 2946 478 3006 refusa
499 2954 560 3022 eat,
583 2957 683 3029 prout
713 2948 817 3029 prima
837 2950 923 3009 annis
946 2948 1122 3034 quindecim
1142 2952 1191 3011 rel
1211 2952 1364 3013 sexdecim

273 3052 291 3091 a
312 3030 407 3090 tertia
428 3028 639 3103 dividebatur3
660 3028 699 3091 ah
721 3030 830 3092 eadem
849 3033 943 3093 tertia
972 3054 1036 3093 non
1060 3034 1189 3095 absimili
1209 3054 1365 3095 annorum

225 3149 230 3153 ·
275 3110 316 3175 16
338 3113 501 3174 intervallo
522 3113 675 3175 disiuncta
688 3115 904 3197 cognosciturs
929 3137 1010 3199 quae
1025 3126 1181 3195 causaest,
1203 3125 1239 3179 ut
1260 3138 1365 3179 aeram

272 3194 455 3270 secundam,
484 3197 660 3258 enebriat
691 3199 825 3259 natalem
863 3197 902 3259 ad
936 3220 1050 3261 annum
1077 3198 1157 3261 5501
1184 3202 1365 3283 repositum,

272 3280 408 3342 scribens
429 3280 655 3363 Theophanes,
679 3280 822 3364 adeoque
844 3303 914 3344 aera
934 3283 1037 3363 prima
1057 3293 1088 3345 at
1109 3296 1260 3366 compoto
1281 3280 1364 3345 5493

271 3364 358 3425 annis
378 3372 500 3425 tantum
522 3373 595 3426 octo
616 3365 793 3447 posterior,
817 3375 849 3426 et
873 3366 958 3425 annis
988 3366 1120 3428 totidem
1147 3368 1363 3428 Rornanorum

274 3467 367 3522 aera,
390 3469 470 3529 qnae
491 3450 584 3510 tertia
605 3448 765 3526 anterior,
800 3448 887 3508 annis
907 3456 978 3511 ante
998 3450 1230 3511 Diocletianum
1246 3458 1365 3533 septem

273 3530 434 3607 mutilatis,
454 3552 559 3592 aeram
576 3553 663 3592 snam
682 3550 781 3615 aequa
802 3552 838 3592 ac
858 3533 992 3613 primam
1011 3535 1096 3595 annis
1110 3533 1146 3595 15
1168 3534 1216 3595 vel
1237 3532 1274 3596 15
1297 3542 1363 3594 ter.

273 3614 349 3675 tiam
370 3613 557 3693 praecedere
578 3615 739 3696 affiirmet,
770 3624 802 3675 et
824 3614 983 3676 Michaelis
1018 3617 1215 3697 Curopalatis
1248 3638 1363 3677 annam

273 3699 442 3759 secandum
480 3698 513 3756 in
541 3720 657 3758 annam
690 3719 706 3758 a
737 3695 845 3758 mundi
882 3698 1012 3761 conditu
1045 3699 1123 3762 aava
1151 3698 1366 3779 Ἀλεξανδρεῖς

272 3778 372 3857 hsta,
400 3776 483 3840 κατὰ
507 3775 687 3857 Ῥωμαίους
715 3778 796 3841 5321
830 3781 969 3844 in'cidere
1007 3782 1127 3847 doceat.
1178 3782 1365 3845 numerandi

273 3864 428 3927 rationem
444 3863 532 3924 istam
557 3864 673 3945 repetit
685 3874 717 3925 ct
729 3866 895 3926 conlirmat
915 3876 1027 3929 auctor
1040 3868 1081 3929 de
1098 3867 1248 3931 Auastaaii
1269 3868 1362 3928 inan-

273 3947 440 4032 guratione
464 3955 600 4008 tractans
622 3968 694 4029 pag.
720 3946 789 4008 117.

362 4045 393 4121 5,
417 4046 444 4107 1.
487 4041 527 4106 sai
559 4044 737 4107 ἐλλείποντα
765 4044 1005 4133 ἀναπληρῶσαι]
1027 4049 1150 4133 imperii
1169 4048 1309 4127 Romani,
1332 4056 1365 4112 et

274 4128 430 4206 ecelesiae,
447 4128 512 4190 hoc
523 4138 568 4192 est
579 4128 697 4191 sedium
713 4130 777 4193 eins
792 4133 1032 4214 praecipuarum
1048 4132 1186 4217 quinque
1203 4132 1367 4195 historiam

274 4234 334 4297 per
356 4232 453 4275 annos
469 4221 502 4277 et
522 4221 666 4297 tempora
686 4216 839 4279 concinne
858 4216 1004 4299 digestam
1026 4218 1200 4283 describens
1211 4216 1367 4303 Georgius
