<?xml version="1.0" encoding="UTF-8"?>
<!DOCTYPE html PUBLIC "-//W3C//DTD XHTML 1.0 Transitional//EN"
    "http://www.w3.org/TR/xhtml1/DTD/xhtml1-transitional.dtd">
<html xmlns="http://www.w3.org/1999/xhtml" xml:lang="en" lang="en">
 <head>
  <title>
</title>
<meta http-equiv="Content-Type" content="text/html;charset=utf-8" />
  <meta name='ocr-system' content='tesseract 3.04.00' />
  <meta name='ocr-capabilities' content='ocr_page ocr_carea ocr_par ocr_line ocrx_word'/>
</head>
<body>
  <div class='ocr_page' id='page_1' title='image "./corpusscriptoru34theogoog_0127.png"; bbox 0 0 3050 4900; ppageno 0'>
   <div class='ocr_carea' id='block_1_1' title="bbox 311 358 1246 442">
    <p class='ocr_par' dir='ltr' id='par_1_1' title="bbox 311 358 1246 442">
     <span class='ocr_line' id='line_1_1' title="bbox 311 358 1246 442; baseline 0.002 -6"><span class='ocrx_word' id='word_1_1' title='bbox 311 365 381 438; x_wconf 83' lang='lat' dir='ltr'>uo</span> <span class='ocrx_word' id='word_1_2' title='bbox 465 375 676 440; x_wconf 79' lang='lat' dir='ltr'>anssrasn</span> <span class='ocrx_word' id='word_1_3' title='bbox 707 374 901 442; x_wconf 80' lang='lat' dir='ltr'>snsmun</span> <span class='ocrx_word' id='word_1_4' title='bbox 937 358 1246 442; x_wconf 76' lang='lat' dir='ltr'>secessusnca</span> 
     </span>
    </p>
   </div>
   <div class='ocr_carea' id='block_1_2' title="bbox 123 541 1396 3963">
    <p class='ocr_par' dir='ltr' id='par_1_2' title="bbox 123 541 1396 3963">
     <span class='ocr_line' id='line_1_2' title="bbox 307 541 1396 629; baseline 0.003 -26"><span class='ocrx_word' id='word_1_5' title='bbox 307 541 466 604; x_wconf 86' lang='lat' dir='ltr'>allaturos.</span> <span class='ocrx_word' id='word_1_6' title='bbox 512 544 651 605; x_wconf 86' lang='lat' dir='ltr'>exultant</span> <span class='ocrx_word' id='word_1_7' title='bbox 682 545 778 629; x_wconf 88' lang='lat' dir='ltr'>igitur</span> <span class='ocrx_word' id='word_1_8' title='bbox 799 565 894 627; x_wconf 87' lang='lat' dir='ltr'>super</span> <span class='ocrx_word' id='word_1_9' title='bbox 926 545 971 605; x_wconf 89' lang='lat' dir='ltr'>his</span> <span class='ocrx_word' id='word_1_10' title='bbox 994 545 1107 607; x_wconf 85' lang='lat' dir='ltr'>Persae</span> <span class='ocrx_word' id='word_1_11' title='bbox 1136 564 1301 628; x_wconf 77' lang='lat' dir='ltr'><strong>magorum</strong></span> <span class='ocrx_word' id='word_1_12' title='bbox 1325 544 1396 608; x_wconf 88' lang='lat' dir='ltr'>laeti</span> 
     </span>
     <span class='ocr_line' id='line_1_3' title="bbox 305 625 1395 712; baseline 0.004 -26"><span class='ocrx_word' id='word_1_13' title='bbox 305 625 560 708; x_wconf 82' lang='lat' dir='ltr'>promissionibus</span> <span class='ocrx_word' id='word_1_14' title='bbox 589 627 681 704; x_wconf 85' lang='lat' dir='ltr'>laeti,</span> <span class='ocrx_word' id='word_1_15' title='bbox 704 637 736 689; x_wconf 90' lang='lat' dir='ltr'>et</span> <span class='ocrx_word' id='word_1_16' title='bbox 767 638 896 710; x_wconf 85' lang='lat' dir='ltr'>patrant</span> <span class='ocrx_word' id='word_1_17' title='bbox 919 629 1072 690; x_wconf 86' lang='lat' dir='ltr'>continuo</span> <span class='ocrx_word' id='word_1_18' title='bbox 1095 629 1211 712; x_wconf 85' lang='lat' dir='ltr'>ligneos</span> <span class='ocrx_word' id='word_1_19' title='bbox 1232 627 1395 710; x_wconf 82' lang='lat' dir='ltr'>compedes</span> 
     </span>
     <span class='ocr_line' id='line_1_4' title="bbox 305 708 1394 794; baseline 0.003 -24"><span class='ocrx_word' id='word_1_20' title='bbox 305 730 342 770; x_wconf 87' lang='lat' dir='ltr'>ex</span> <span class='ocrx_word' id='word_1_21' title='bbox 376 708 460 792; x_wconf 90' lang='lat' dir='ltr'>ligno</span> <span class='ocrx_word' id='word_1_22' title='bbox 491 717 523 770; x_wconf 87' lang='lat' dir='ltr'>et</span> <span class='ocrx_word' id='word_1_23' title='bbox 558 710 665 788; x_wconf 88' lang='lat' dir='ltr'>ferro,</span> <span class='ocrx_word' id='word_1_24' title='bbox 696 710 995 794; x_wconf 82' lang='lat' dir='ltr'>quibus&#39;llomanos</span> <span class='ocrx_word' id='word_1_25' title='bbox 1028 709 1221 794; x_wconf 84' lang='lat' dir='ltr'>compeditos</span> <span class='ocrx_word' id='word_1_26' title='bbox 1249 711 1394 773; x_wconf 83' lang='lat' dir='ltr'>vinciant.</span> 
     </span>
     <span class='ocr_line' id='line_1_5' title="bbox 305 794 1395 880; baseline 0.002 -27"><span class='ocrx_word' id='word_1_27' title='bbox 305 799 436 872; x_wconf 86' lang='lat' dir='ltr'>praetor</span> <span class='ocrx_word' id='word_1_28' title='bbox 455 800 559 853; x_wconf 86' lang='lat' dir='ltr'>autern</span> <span class='ocrx_word' id='word_1_29' title='bbox 581 797 945 871; x_wconf 59' lang='lat' dir='ltr'>commovet‘nomaaos,</span> <span class='ocrx_word' id='word_1_30' title='bbox 968 815 1007 856; x_wconf 87' lang='lat' dir='ltr'>ne</span> <span class='ocrx_word' id='word_1_31' title='bbox 1026 817 1176 880; x_wconf 87' lang='lat' dir='ltr'>agrorum</span> <span class='ocrx_word' id='word_1_32' title='bbox 1198 794 1321 857; x_wconf 85' lang='lat' dir='ltr'>labores</span> <span class='ocrx_word' id='word_1_33' title='bbox 1343 815 1395 855; x_wconf 87' lang='lat' dir='ltr'>ex-</span> 
     </span>
     <span class='ocr_line' id='line_1_6' title="bbox 304 875 1393 962; baseline 0.004 -26"><span class='ocrx_word' id='word_1_34' title='bbox 304 875 488 952; x_wconf 70' lang='lat' dir='ltr'>terminent,</span> <span class='ocrx_word' id='word_1_35' title='bbox 510 897 548 938; x_wconf 91' lang='lat' dir='ltr'>ne</span> <span class='ocrx_word' id='word_1_36' title='bbox 579 877 695 938; x_wconf 87' lang='lat' dir='ltr'>iustitia</span> <span class='ocrx_word' id='word_1_37' title='bbox 726 877 793 956; x_wconf 89' lang='lat' dir='ltr'>dei,</span> <span class='ocrx_word' id='word_1_38' title='bbox 824 900 904 962; x_wconf 86' lang='lat' dir='ltr'>quae</span> <span class='ocrx_word' id='word_1_39' title='bbox 932 879 1048 940; x_wconf 89' lang='lat' dir='ltr'>malum</span> <span class='ocrx_word' id='word_1_40' title='bbox 1070 877 1146 948; x_wconf 88' lang='lat' dir='ltr'>odit,</span> <span class='ocrx_word' id='word_1_41' title='bbox 1167 879 1333 940; x_wconf 84' lang='lat' dir='ltr'>victoriam</span> <span class='ocrx_word' id='word_1_42' title='bbox 1355 879 1393 940; x_wconf 88' lang='lat' dir='ltr'>ad</span> 
     </span>
     <span class='ocr_line' id='line_1_7' title="bbox 303 957 1393 1044; baseline 0.006 -26"><span class='ocrx_word' id='word_1_43' title='bbox 303 957 454 1019; x_wconf 85' lang='lat' dir='ltr'>barbaros</span> <span class='ocrx_word' id='word_1_44' title='bbox 477 961 653 1022; x_wconf 85' lang='lat' dir='ltr'>transferat.</span> <span class='ocrx_word' id='word_1_45' title='bbox 703 972 830 1042; x_wconf 86' lang='lat' dir='ltr'>postera</span> <span class='ocrx_word' id='word_1_46' title='bbox 856 981 932 1043; x_wconf 85' lang='lat' dir='ltr'>ergo</span> <span class='ocrx_word' id='word_1_47' title='bbox 963 961 1015 1024; x_wconf 92' lang='lat' dir='ltr'>die</span> <span class='ocrx_word' id='word_1_48' title='bbox 1035 972 1167 1044; x_wconf 86' lang='lat' dir='ltr'>praetor·</span> <span class='ocrx_word' id='word_1_49' title='bbox 1188 961 1295 1044; x_wconf 81' lang='lat' dir='ltr'>dirigit</span> <span class='ocrx_word' id='word_1_50' title='bbox 1315 961 1393 1024; x_wconf 89' lang='lat' dir='ltr'>duos</span> 
     </span>
     <span class='ocr_line' id='line_1_8' title="bbox 302 1039 1394 1128; baseline 0.005 -27"><span class='ocrx_word' id='word_1_51' title='bbox 302 1039 490 1126; x_wconf 77' lang='lat' dir='ltr'>phylarchos</span> <span class='ocrx_word' id='word_1_52' title='bbox 522 1044 769 1118; x_wconf 85' lang='lat' dir='ltr'>Saracenorum,</span> <span class='ocrx_word' id='word_1_53' title='bbox 801 1051 833 1105; x_wconf 89' lang='lat' dir='ltr'>et</span> <span class='ocrx_word' id='word_1_54' title='bbox 862 1045 991 1128; x_wconf 89' lang='lat' dir='ltr'>capiunt</span> <span class='ocrx_word' id='word_1_55' title='bbox 1020 1047 1129 1108; x_wconf 78' lang='lat' dir='ltr'>Persas</span> <span class='ocrx_word' id='word_1_56' title='bbox 1157 1045 1313 1124; x_wconf 80' lang='lat' dir='ltr'>viventes,</span> <span class='ocrx_word' id='word_1_57' title='bbox 1359 1065 1394 1106; x_wconf 89' lang='lat' dir='ltr'>er</span> 
     </span>
     <span class='ocr_line' id='line_1_9' title="bbox 302 1065 1395 1212; baseline 0.002 -26"><span class='ocrx_word' id='word_1_58' title='bbox 302 1146 380 1208; x_wconf 89' lang='lat' dir='ltr'>quos</span> <span class='ocrx_word' id='word_1_59' title='bbox 400 1133 501 1186; x_wconf 82' lang='lat' dir='ltr'>molus</span> <span class='ocrx_word' id='word_1_60' title='bbox 524 1125 777 1190; x_wconf 85' lang='lat' dir='ltr'>adversariorum</span> <span class='ocrx_word' id='word_1_61' title='bbox 800 1127 999 1207; x_wconf 77' lang='lat' dir='ltr'>dididerunt,</span> <span class='ocrx_word' id='word_1_62' title='bbox 1019 1129 1092 1212; x_wconf 90' lang='lat' dir='ltr'>quia</span> <span class='ocrx_word' id='word_1_63' title='bbox 1114 1137 1310 1191; x_wconf 80' lang='lat' dir='ltr'>assernerunt</span> <span class='ocrx_word' id='word_1_64' title='bbox 1330 1065 1358 1189; x_wconf 78' lang='lat' dir='ltr'>d</span> <span class='ocrx_word' id='word_1_65' title='bbox 1375 1169 1395 1188; x_wconf 85' lang='lat'><em>.</em></span> 
     </span>
     <span class='ocr_line' id='line_1_10' title="bbox 301 1207 1391 1294; baseline 0.003 -26"><span class='ocrx_word' id='word_1_66' title='bbox 301 1209 416 1270; x_wconf 85' lang='lat' dir='ltr'>minino</span> <span class='ocrx_word' id='word_1_67' title='bbox 441 1207 491 1271; x_wconf 90' lang='lat' dir='ltr'>die</span> <span class='ocrx_word' id='word_1_68' title='bbox 516 1209 593 1273; x_wconf 85' lang='lat' dir='ltr'>velle</span> <span class='ocrx_word' id='word_1_69' title='bbox 613 1211 765 1274; x_wconf 89' lang='lat' dir='ltr'>barbaros</span> <span class='ocrx_word' id='word_1_70' title='bbox 786 1211 818 1271; x_wconf 88' lang='lat' dir='ltr'>in</span> <span class='ocrx_word' id='word_1_71' title='bbox 841 1212 997 1272; x_wconf 84' lang='lat' dir='ltr'>Romanos</span> <span class='ocrx_word' id='word_1_72' title='bbox 1019 1212 1152 1274; x_wconf 85' lang='lat' dir='ltr'>irruere.</span> <span class='ocrx_word' id='word_1_73' title='bbox 1194 1233 1297 1294; x_wconf 91' lang='lat' dir='ltr'>porro</span> <span class='ocrx_word' id='word_1_74' title='bbox 1313 1211 1391 1273; x_wconf 89' lang='lat' dir='ltr'>Phi.</span> 
     </span>
     <span class='ocr_line' id='line_1_11' title="bbox 301 1291 1393 1377; baseline 0.002 -23"><span class='ocrx_word' id='word_1_75' title='bbox 301 1291 432 1376; x_wconf 81' lang='lat' dir='ltr'>lippiens</span> <span class='ocrx_word' id='word_1_76' title='bbox 456 1291 593 1355; x_wconf 90' lang='lat' dir='ltr'>diluculo</span> <span class='ocrx_word' id='word_1_77' title='bbox 616 1295 682 1356; x_wconf 86' lang='lat' dir='ltr'>vale</span> <span class='ocrx_word' id='word_1_78' title='bbox 706 1295 809 1356; x_wconf 83' lang='lat' dir='ltr'>dieens</span> <span class='ocrx_word' id='word_1_79' title='bbox 821 1295 978 1373; x_wconf 86' lang='lat' dir='ltr'>Romanis,</span> <span class='ocrx_word' id='word_1_80' title='bbox 1000 1297 1100 1358; x_wconf 88' lang='lat' dir='ltr'>tribus</span> <span class='ocrx_word' id='word_1_81' title='bbox 1121 1295 1326 1377; x_wconf 75' lang='lat' dir='ltr'>phalangibus</span> <span class='ocrx_word' id='word_1_82' title='bbox 1339 1315 1393 1356; x_wconf 87' lang='lat' dir='ltr'>oe-</span> 
     </span>
     <span class='ocr_line' id='line_1_12' title="bbox 300 1375 1392 1462; baseline 0.002 -26"><span class='ocrx_word' id='word_1_83' title='bbox 300 1375 402 1438; x_wconf 87' lang='lat' dir='ltr'>enrrit</span> <span class='ocrx_word' id='word_1_84' title='bbox 422 1375 461 1436; x_wconf 85' lang='lat' dir='ltr'>ad</span> <span class='ocrx_word' id='word_1_85' title='bbox 481 1377 644 1458; x_wconf 87' lang='lat' dir='ltr'>praelium,</span> <span class='ocrx_word' id='word_1_86' title='bbox 667 1379 796 1462; x_wconf 81' lang='lat' dir='ltr'>ipseque</span> <span class='ocrx_word' id='word_1_87' title='bbox 816 1399 912 1440; x_wconf 86' lang='lat' dir='ltr'>assum</span> <span class='ocrx_word' id='word_1_88' title='bbox 937 1385 968 1438; x_wconf 83' lang='lat' dir='ltr'>ta</span> <span class='ocrx_word' id='word_1_89' title='bbox 993 1379 1042 1440; x_wconf 88' lang='lat' dir='ltr'>dei</span> <span class='ocrx_word' id='word_1_90' title='bbox 1063 1378 1146 1439; x_wconf 86' lang='lat' dir='ltr'>virili</span> <span class='ocrx_word' id='word_1_91' title='bbox 1165 1379 1278 1456; x_wconf 85' lang='lat' dir='ltr'>forma,</span> <span class='ocrx_word' id='word_1_92' title='bbox 1298 1398 1392 1461; x_wconf 87' lang='lat' dir='ltr'>quam</span> 
     </span>
     <span class='ocr_line' id='line_1_13' title="bbox 224 1400 1391 1546; baseline -0.002 -26"><span class='ocrx_word' id='word_1_93' title='bbox 224 1525 228 1538; x_wconf 49' lang='grc'><strong>,</strong></span> <span class='ocrx_word' id='word_1_94' title='bbox 299 1459 538 1542; x_wconf 88' lang='lat' dir='ltr'>achiropoieton</span> <span class='ocrx_word' id='word_1_95' title='bbox 552 1462 685 1523; x_wconf 86' lang='lat' dir='ltr'>Romani</span> <span class='ocrx_word' id='word_1_96' title='bbox 700 1459 890 1544; x_wconf 83' lang='lat' dir='ltr'>praedicant,</span> <span class='ocrx_word' id='word_1_97' title='bbox 908 1400 1083 1524; x_wconf 80' lang='lat' dir='ltr'>discurrens</span> <span class='ocrx_word' id='word_1_98' title='bbox 1103 1483 1162 1546; x_wconf 88' lang='lat' dir='ltr'>per</span> <span class='ocrx_word' id='word_1_99' title='bbox 1185 1463 1265 1522; x_wconf 88' lang='lat' dir='ltr'>aeies</span> <span class='ocrx_word' id='word_1_100' title='bbox 1286 1483 1391 1522; x_wconf 88' lang='lat' dir='ltr'>arma.</span> 
     </span>
     <span class='ocr_line' id='line_1_14' title="bbox 298 1542 1392 1627; baseline 0.004 -25"><span class='ocrx_word' id='word_1_101' title='bbox 298 1542 336 1605; x_wconf 91' lang='lat' dir='ltr'>tis</span> <span class='ocrx_word' id='word_1_102' title='bbox 358 1543 494 1605; x_wconf 87' lang='lat' dir='ltr'>divinam</span> <span class='ocrx_word' id='word_1_103' title='bbox 516 1544 757 1627; x_wconf 85' lang='lat' dir='ltr'>impartiebatur</span> <span class='ocrx_word' id='word_1_104' title='bbox 766 1543 926 1623; x_wconf 87' lang='lat' dir='ltr'>virtutem,</span> <span class='ocrx_word' id='word_1_105' title='bbox 946 1554 980 1607; x_wconf 91' lang='lat' dir='ltr'>et</span> <span class='ocrx_word' id='word_1_106' title='bbox 999 1553 1079 1607; x_wconf 86' lang='lat' dir='ltr'>stans</span> <span class='ocrx_word' id='word_1_107' title='bbox 1099 1555 1173 1627; x_wconf 88' lang='lat' dir='ltr'>post</span> <span class='ocrx_word' id='word_1_108' title='bbox 1186 1545 1297 1618; x_wconf 80' lang='lat' dir='ltr'>aciem,</span> <span class='ocrx_word' id='word_1_109' title='bbox 1316 1544 1392 1606; x_wconf 89' lang='lat' dir='ltr'>haee</span> 
     </span>
     <span class='ocr_line' id='line_1_15' title="bbox 296 1627 1392 1712; baseline 0 -24"><span class='ocrx_word' id='word_1_110' title='bbox 296 1627 433 1690; x_wconf 85' lang='lat' dir='ltr'>retinens</span> <span class='ocrx_word' id='word_1_111' title='bbox 457 1649 553 1705; x_wconf 85' lang='lat' dir='ltr'>arma,</span> <span class='ocrx_word' id='word_1_112' title='bbox 575 1628 709 1690; x_wconf 77' lang='lat' dir='ltr'>lacrimis</span> <span class='ocrx_word' id='word_1_113' title='bbox 725 1628 831 1689; x_wconf 85' lang='lat' dir='ltr'>multis</span> <span class='ocrx_word' id='word_1_114' title='bbox 850 1627 944 1690; x_wconf 88' lang='lat' dir='ltr'>deum</span> <span class='ocrx_word' id='word_1_115' title='bbox 965 1627 1119 1711; x_wconf 78' lang='lat' dir='ltr'>placabat,</span> <span class='ocrx_word' id='word_1_116' title='bbox 1143 1627 1197 1712; x_wconf 90' lang='lat' dir='ltr'>qui</span> <span class='ocrx_word' id='word_1_117' title='bbox 1214 1628 1392 1690; x_wconf 83' lang='lat' dir='ltr'>caelestium</span> 
     </span>
     <span class='ocr_line' id='line_1_16' title="bbox 296 1707 1393 1793; baseline 0.003 -23"><span class='ocrx_word' id='word_1_118' title='bbox 296 1707 441 1772; x_wconf 89' lang='lat' dir='ltr'>ordinum</span> <span class='ocrx_word' id='word_1_119' title='bbox 463 1710 620 1793; x_wconf 84' lang='lat' dir='ltr'>principes</span> <span class='ocrx_word' id='word_1_120' title='bbox 648 1711 846 1773; x_wconf 76' lang='lat' dir='ltr'>auxiliatores</span> <span class='ocrx_word' id='word_1_121' title='bbox 875 1712 1045 1793; x_wconf 85' lang='lat' dir='ltr'>assumpsit.</span> <span class='ocrx_word' id='word_1_122' title='bbox 1094 1733 1168 1772; x_wconf 89' lang='lat' dir='ltr'>eum</span> <span class='ocrx_word' id='word_1_123' title='bbox 1194 1721 1300 1774; x_wconf 86' lang='lat' dir='ltr'>nutem</span> <span class='ocrx_word' id='word_1_124' title='bbox 1321 1711 1393 1773; x_wconf 85' lang='lat' dir='ltr'>hel·</span> 
     </span>
     <span class='ocr_line' id='line_1_17' title="bbox 296 1793 1391 1877; baseline 0.003 -22"><span class='ocrx_word' id='word_1_125' title='bbox 296 1793 361 1855; x_wconf 90' lang='lat' dir='ltr'>lum</span> <span class='ocrx_word' id='word_1_126' title='bbox 382 1801 550 1877; x_wconf 79' lang='lat' dir='ltr'>ageretur,</span> <span class='ocrx_word' id='word_1_127' title='bbox 579 1793 752 1857; x_wconf 77' lang='lat' dir='ltr'>Vitalianus</span> <span class='ocrx_word' id='word_1_128' title='bbox 781 1793 928 1877; x_wconf 87' lang='lat' dir='ltr'>priooeps</span> <span class='ocrx_word' id='word_1_129' title='bbox 961 1794 1039 1857; x_wconf 86' lang='lat' dir='ltr'>aciei</span> <span class='ocrx_word' id='word_1_130' title='bbox 1069 1795 1214 1857; x_wconf 91' lang='lat' dir='ltr'>omnihus</span> <span class='ocrx_word' id='word_1_131' title='bbox 1245 1793 1391 1858; x_wconf 83' lang='lat' dir='ltr'>audacius</span> 
     </span>
     <span class='ocr_line' id='line_1_18' title="bbox 192 1876 1390 1968; baseline -0.003 -30"><span class='ocrx_word' id='word_1_132' title='bbox 192 1911 220 1968; x_wconf 63' lang='lat' dir='ltr'>p,</span> <span class='ocrx_word' id='word_1_133' title='bbox 233 1895 288 1952; x_wconf 67' lang='lat'>394</span> <span class='ocrx_word' id='word_1_134' title='bbox 296 1885 400 1940; x_wconf 89' lang='lat' dir='ltr'>motus</span> <span class='ocrx_word' id='word_1_135' title='bbox 421 1876 608 1960; x_wconf 84' lang='lat' dir='ltr'>phalangem</span> <span class='ocrx_word' id='word_1_136' title='bbox 629 1878 797 1940; x_wconf 80' lang='lat' dir='ltr'>Persarum</span> <span class='ocrx_word' id='word_1_137' title='bbox 821 1878 957 1961; x_wconf 83' lang='lat' dir='ltr'>disrupit</span> <span class='ocrx_word' id='word_1_138' title='bbox 976 1887 1008 1942; x_wconf 87' lang='lat' dir='ltr'>et</span> <span class='ocrx_word' id='word_1_139' title='bbox 1028 1881 1182 1940; x_wconf 78' lang='lat' dir='ltr'>sarcinam</span> <span class='ocrx_word' id='word_1_140' title='bbox 1201 1877 1283 1940; x_wconf 84' lang='lat' dir='ltr'>tulit.</span> <span class='ocrx_word' id='word_1_141' title='bbox 1322 1879 1390 1937; x_wconf 88' lang='lat' dir='ltr'>llo..</span> 
     </span>
     <span class='ocr_line' id='line_1_19' title="bbox 295 1961 1390 2044; baseline 0 -22"><span class='ocrx_word' id='word_1_142' title='bbox 295 1961 379 2022; x_wconf 86' lang='lat' dir='ltr'>mani</span> <span class='ocrx_word' id='word_1_143' title='bbox 401 1965 505 2022; x_wconf 88' lang='lat' dir='ltr'>antem</span> <span class='ocrx_word' id='word_1_144' title='bbox 526 1961 611 2024; x_wconf 84' lang='lat' dir='ltr'>eirea</span> <span class='ocrx_word' id='word_1_145' title='bbox 639 1962 738 2044; x_wconf 87' lang='lat' dir='ltr'>spolia</span> <span class='ocrx_word' id='word_1_146' title='bbox 765 1970 940 2044; x_wconf 83' lang='lat' dir='ltr'>coeperunt</span> <span class='ocrx_word' id='word_1_147' title='bbox 961 1983 1093 2039; x_wconf 74' lang='lat' dir='ltr'>vacare,</span> <span class='ocrx_word' id='word_1_148' title='bbox 1127 1981 1205 2044; x_wconf 86' lang='lat' dir='ltr'>quos</span> <span class='ocrx_word' id='word_1_149' title='bbox 1234 1961 1390 2044; x_wconf 80' lang='lat' dir='ltr'>accipiens</span> 
     </span>
     <span class='ocr_line' id='line_1_20' title="bbox 296 2043 1391 2128; baseline -0.001 -22"><span class='ocrx_word' id='word_1_150' title='bbox 296 2043 500 2126; x_wconf 86' lang='lat' dir='ltr'>Philippieus,</span> <span class='ocrx_word' id='word_1_151' title='bbox 520 2065 561 2108; x_wconf 90' lang='lat' dir='ltr'>ne</span> <span class='ocrx_word' id='word_1_152' title='bbox 583 2043 623 2106; x_wconf 87' lang='lat' dir='ltr'>ad</span> <span class='ocrx_word' id='word_1_153' title='bbox 638 2045 767 2106; x_wconf 80' lang='lat' dir='ltr'>exuvias</span> <span class='ocrx_word' id='word_1_154' title='bbox 781 2045 874 2106; x_wconf 87' lang='lat' dir='ltr'>etiam</span> <span class='ocrx_word' id='word_1_155' title='bbox 899 2045 1014 2128; x_wconf 86' lang='lat' dir='ltr'>reliqui</span> <span class='ocrx_word' id='word_1_156' title='bbox 1036 2047 1153 2106; x_wconf 81' lang='lat' dir='ltr'>reversi</span> <span class='ocrx_word' id='word_1_157' title='bbox 1172 2045 1284 2127; x_wconf 87' lang='lat' dir='ltr'>praelii</span> <span class='ocrx_word' id='word_1_158' title='bbox 1305 2044 1391 2106; x_wconf 90' lang='lat' dir='ltr'>ohli-</span> 
     </span>
     <span class='ocr_line' id='line_1_21' title="bbox 295 2124 1388 2212; baseline 0.003 -26"><span class='ocrx_word' id='word_1_159' title='bbox 295 2127 492 2188; x_wconf 79' lang='lat' dir='ltr'>viscerentur</span> <span class='ocrx_word' id='word_1_160' title='bbox 520 2129 726 2212; x_wconf 70' lang='lat' dir='ltr'>conversique</span> <span class='ocrx_word' id='word_1_161' title='bbox 755 2127 883 2189; x_wconf 87' lang='lat' dir='ltr'>barbari</span> <span class='ocrx_word' id='word_1_162' title='bbox 915 2124 1087 2210; x_wconf 86' lang='lat' dir='ltr'>perderent</span> <span class='ocrx_word' id='word_1_163' title='bbox 1115 2149 1186 2204; x_wconf 88' lang='lat' dir='ltr'>eos,</span> <span class='ocrx_word' id='word_1_164' title='bbox 1215 2127 1388 2191; x_wconf 83' lang='lat' dir='ltr'>&#39;Iheodoro</span> 
     </span>
     <span class='ocr_line' id='line_1_22' title="bbox 295 2211 1388 2295; baseline -0.001 -23"><span class='ocrx_word' id='word_1_165' title='bbox 295 2211 410 2272; x_wconf 91' lang='lat' dir='ltr'>llihinn</span> <span class='ocrx_word' id='word_1_166' title='bbox 432 2212 590 2293; x_wconf 77' lang='lat' dir='ltr'>galeatus</span> <span class='ocrx_word' id='word_1_167' title='bbox 611 2213 762 2294; x_wconf 84' lang='lat' dir='ltr'>imposita,</span> <span class='ocrx_word' id='word_1_168' title='bbox 784 2212 868 2272; x_wconf 88' lang='lat' dir='ltr'>misit</span> <span class='ocrx_word' id='word_1_169' title='bbox 883 2211 984 2295; x_wconf 88' lang='lat' dir='ltr'>gladio</span> <span class='ocrx_word' id='word_1_170' title='bbox 1001 2221 1167 2294; x_wconf 89' lang='lat' dir='ltr'>percutere</span> <span class='ocrx_word' id='word_1_171' title='bbox 1180 2231 1233 2274; x_wconf 88' lang='lat' dir='ltr'>eos</span> <span class='ocrx_word' id='word_1_172' title='bbox 1255 2212 1311 2295; x_wconf 86' lang='lat' dir='ltr'>qui</span> <span class='ocrx_word' id='word_1_173' title='bbox 1333 2233 1388 2272; x_wconf 84' lang='lat' dir='ltr'>va·</span> 
     </span>
     <span class='ocr_line' id='line_1_23' title="bbox 295 2293 1389 2378; baseline -0.001 -23"><span class='ocrx_word' id='word_1_174' title='bbox 295 2294 408 2355; x_wconf 84' lang='lat' dir='ltr'>eahaut</span> <span class='ocrx_word' id='word_1_175' title='bbox 428 2295 511 2355; x_wconf 85' lang='lat' dir='ltr'>eirea</span> <span class='ocrx_word' id='word_1_176' title='bbox 532 2296 672 2370; x_wconf 79' lang='lat' dir='ltr'>exuvias3</span> <span class='ocrx_word' id='word_1_177' title='bbox 695 2317 788 2378; x_wconf 86' lang='lat' dir='ltr'>quem</span> <span class='ocrx_word' id='word_1_178' title='bbox 808 2295 944 2358; x_wconf 85' lang='lat' dir='ltr'>videntes</span> <span class='ocrx_word' id='word_1_179' title='bbox 962 2305 994 2357; x_wconf 85' lang='lat' dir='ltr'>et</span> <span class='ocrx_word' id='word_1_180' title='bbox 1009 2297 1214 2358; x_wconf 82' lang='lat' dir='ltr'>existimantes</span> <span class='ocrx_word' id='word_1_181' title='bbox 1235 2293 1389 2357; x_wconf 85' lang='lat' dir='ltr'>essePhi·</span> 
     </span>
     <span class='ocr_line' id='line_1_24' title="bbox 296 2375 1390 2463; baseline 0 -25"><span class='ocrx_word' id='word_1_182' title='bbox 296 2377 456 2459; x_wconf 88' lang='lat' dir='ltr'>lippicum,</span> <span class='ocrx_word' id='word_1_183' title='bbox 478 2375 605 2440; x_wconf 84' lang='lat' dir='ltr'>dimissis</span> <span class='ocrx_word' id='word_1_184' title='bbox 617 2378 724 2463; x_wconf 86' lang='lat' dir='ltr'>spoliis</span> <span class='ocrx_word' id='word_1_185' title='bbox 734 2387 951 2462; x_wconf 88' lang='lat' dir='ltr'>properarunt</span> <span class='ocrx_word' id='word_1_186' title='bbox 971 2377 1011 2440; x_wconf 89' lang='lat' dir='ltr'>ad</span> <span class='ocrx_word' id='word_1_187' title='bbox 1024 2377 1149 2441; x_wconf 85' lang='lat' dir='ltr'>bellum.</span> <span class='ocrx_word' id='word_1_188' title='bbox 1191 2400 1263 2440; x_wconf 89' lang='lat' dir='ltr'>eum</span> <span class='ocrx_word' id='word_1_189' title='bbox 1283 2388 1390 2440; x_wconf 84' lang='lat' dir='ltr'>autem</span> 
     </span>
     <span class='ocr_line' id='line_1_25' title="bbox 294 2460 1388 2559; baseline 0.002 -37"><span class='ocrx_word' id='word_1_190' title='bbox 294 2460 410 2523; x_wconf 89' lang='lat' dir='ltr'>bellum</span> <span class='ocrx_word' id='word_1_191' title='bbox 432 2461 543 2523; x_wconf 81' lang='lat' dir='ltr'>multos</span> <span class='ocrx_word' id='word_1_192' title='bbox 565 2476 623 2543; x_wconf 85' lang='lat' dir='ltr'>per</span> <span class='ocrx_word' id='word_1_193' title='bbox 647 2462 738 2525; x_wconf 83' lang='lat' dir='ltr'>horas</span> <span class='ocrx_word' id='word_1_194' title='bbox 762 2471 917 2559; x_wconf 80' lang='lat' dir='ltr'>ageretur,</span> <span class='ocrx_word' id='word_1_195' title='bbox 939 2484 998 2526; x_wconf 85' lang='lat' dir='ltr'>vox</span> <span class='ocrx_word' id='word_1_196' title='bbox 1012 2464 1048 2523; x_wconf 86' lang='lat' dir='ltr'>lit</span> <span class='ocrx_word' id='word_1_197' title='bbox 1069 2471 1250 2544; x_wconf 85' lang='lat' dir='ltr'>aprnetore</span> <span class='ocrx_word' id='word_1_198' title='bbox 1271 2464 1388 2524; x_wconf 80' lang='lat' dir='ltr'>Persa-</span> 
     </span>
     <span class='ocr_line' id='line_1_26' title="bbox 294 2546 1388 2630; baseline -0.002 -23"><span class='ocrx_word' id='word_1_199' title='bbox 294 2568 366 2607; x_wconf 85' lang='lat' dir='ltr'>ruux</span> <span class='ocrx_word' id='word_1_200' title='bbox 386 2566 482 2629; x_wconf 88' lang='lat' dir='ltr'>equos</span> <span class='ocrx_word' id='word_1_201' title='bbox 503 2557 671 2628; x_wconf 86' lang='lat' dir='ltr'>pereutere</span> <span class='ocrx_word' id='word_1_202' title='bbox 691 2548 823 2621; x_wconf 78' lang='lat' dir='ltr'>luneexs3</span> <span class='ocrx_word' id='word_1_203' title='bbox 844 2568 908 2630; x_wconf 91' lang='lat' dir='ltr'>quo</span> <span class='ocrx_word' id='word_1_204' title='bbox 932 2548 1017 2608; x_wconf 85' lang='lat' dir='ltr'>laeto</span> <span class='ocrx_word' id='word_1_205' title='bbox 1040 2546 1071 2606; x_wconf 91' lang='lat' dir='ltr'>in</span> <span class='ocrx_word' id='word_1_206' title='bbox 1094 2548 1198 2627; x_wconf 85' lang='lat' dir='ltr'>fugam</span> <span class='ocrx_word' id='word_1_207' title='bbox 1215 2558 1320 2608; x_wconf 83' lang='lat' dir='ltr'>ve&#39;rsus</span> <span class='ocrx_word' id='word_1_208' title='bbox 1341 2556 1388 2608; x_wconf 88' lang='lat' dir='ltr'>est</span> 
     </span>
     <span class='ocr_line' id='line_1_27' title="bbox 292 2628 1387 2712; baseline -0.003 -21"><span class='ocrx_word' id='word_1_209' title='bbox 292 2628 460 2691; x_wconf 86' lang='lat' dir='ltr'>Persarum</span> <span class='ocrx_word' id='word_1_210' title='bbox 476 2630 639 2707; x_wconf 87' lang='lat' dir='ltr'>exereitus,</span> <span class='ocrx_word' id='word_1_211' title='bbox 660 2638 692 2691; x_wconf 87' lang='lat' dir='ltr'>et</span> <span class='ocrx_word' id='word_1_212' title='bbox 711 2628 872 2712; x_wconf 88' lang='lat' dir='ltr'>triumpho</span> <span class='ocrx_word' id='word_1_213' title='bbox 895 2629 1013 2712; x_wconf 81' lang='lat' dir='ltr'>ingenti</span> <span class='ocrx_word' id='word_1_214' title='bbox 1032 2630 1165 2691; x_wconf 85' lang='lat' dir='ltr'>Romani</span> <span class='ocrx_word' id='word_1_215' title='bbox 1185 2630 1281 2712; x_wconf 90' lang='lat' dir='ltr'>potiti</span> <span class='ocrx_word' id='word_1_216' title='bbox 1303 2628 1387 2691; x_wconf 79' lang='lat' dir='ltr'>tnul.</span> 
     </span>
     <span class='ocr_line' id='line_1_28' title="bbox 294 2711 1389 2794; baseline 0.002 -21"><span class='ocrx_word' id='word_1_217' title='bbox 294 2720 342 2773; x_wconf 88' lang='lat' dir='ltr'>tos</span> <span class='ocrx_word' id='word_1_218' title='bbox 374 2733 410 2773; x_wconf 90' lang='lat' dir='ltr'>ex</span> <span class='ocrx_word' id='word_1_219' title='bbox 436 2712 478 2774; x_wconf 87' lang='lat' dir='ltr'>eis</span> <span class='ocrx_word' id='word_1_220' title='bbox 498 2720 701 2794; x_wconf 84' lang='lat' dir='ltr'>peremerunt</span> <span class='ocrx_word' id='word_1_221' title='bbox 730 2722 761 2773; x_wconf 87' lang='lat' dir='ltr'>et</span> <span class='ocrx_word' id='word_1_222' title='bbox 787 2714 1011 2793; x_wconf 71' lang='lat' dir='ltr'>spoliaverunt,</span> <span class='ocrx_word' id='word_1_223' title='bbox 1064 2723 1192 2794; x_wconf 85' lang='lat' dir='ltr'>postera</span> <span class='ocrx_word' id='word_1_224' title='bbox 1224 2734 1301 2775; x_wconf 82' lang='lat' dir='ltr'>vero</span> <span class='ocrx_word' id='word_1_225' title='bbox 1334 2711 1389 2775; x_wconf 81' lang='lat' dir='ltr'>die</span> 
     </span>
     <span class='ocr_line' id='line_1_29' title="bbox 291 2794 1386 2877; baseline -0.001 -20"><span class='ocrx_word' id='word_1_226' title='bbox 291 2794 422 2877; x_wconf 86' lang='lat' dir='ltr'>sumptis</span> <span class='ocrx_word' id='word_1_227' title='bbox 445 2795 612 2856; x_wconf 86' lang='lat' dir='ltr'>virtutihus</span> <span class='ocrx_word' id='word_1_228' title='bbox 632 2795 694 2856; x_wconf 90' lang='lat' dir='ltr'>suis</span> <span class='ocrx_word' id='word_1_229' title='bbox 708 2794 892 2877; x_wconf 84' lang='lat' dir='ltr'>Cardarigas</span> <span class='ocrx_word' id='word_1_230' title='bbox 912 2815 1017 2856; x_wconf 87' lang='lat' dir='ltr'>rursus</span> <span class='ocrx_word' id='word_1_231' title='bbox 1037 2796 1078 2856; x_wconf 89' lang='lat' dir='ltr'>nd</span> <span class='ocrx_word' id='word_1_232' title='bbox 1098 2796 1214 2857; x_wconf 90' lang='lat' dir='ltr'>bellum</span> <span class='ocrx_word' id='word_1_233' title='bbox 1233 2804 1386 2873; x_wconf 86' lang='lat' dir='ltr'>armatur,</span> 
     </span>
     <span class='ocr_line' id='line_1_30' title="bbox 294 2876 1387 2961; baseline 0 -22"><span class='ocrx_word' id='word_1_234' title='bbox 294 2886 327 2939; x_wconf 85' lang='lat' dir='ltr'>et</span> <span class='ocrx_word' id='word_1_235' title='bbox 347 2876 483 2940; x_wconf 83' lang='lat' dir='ltr'>seeundo</span> <span class='ocrx_word' id='word_1_236' title='bbox 504 2878 624 2960; x_wconf 87' lang='lat' dir='ltr'>proelio</span> <span class='ocrx_word' id='word_1_237' title='bbox 646 2887 732 2961; x_wconf 86' lang='lat' dir='ltr'>gesto</span> <span class='ocrx_word' id='word_1_238' title='bbox 751 2876 853 2939; x_wconf 89' lang='lat' dir='ltr'>denuo</span> <span class='ocrx_word' id='word_1_239' title='bbox 873 2877 1002 2939; x_wconf 92' lang='lat' dir='ltr'>vineunt</span> <span class='ocrx_word' id='word_1_240' title='bbox 1012 2878 1154 2956; x_wconf 87' lang='lat' dir='ltr'>Romani,</span> <span class='ocrx_word' id='word_1_241' title='bbox 1179 2889 1212 2941; x_wconf 87' lang='lat' dir='ltr'>et</span> <span class='ocrx_word' id='word_1_242' title='bbox 1232 2878 1387 2941; x_wconf 89' lang='lat' dir='ltr'>oeeidnn·</span> 
     </span>
     <span class='ocr_line' id='line_1_31' title="bbox 294 2960 1386 3043; baseline 0.003 -23"><span class='ocrx_word' id='word_1_243' title='bbox 294 2968 348 3021; x_wconf 91' lang='lat' dir='ltr'>tur</span> <span class='ocrx_word' id='word_1_244' title='bbox 369 2960 484 3023; x_wconf 84' lang='lat' dir='ltr'>Persae</span> <span class='ocrx_word' id='word_1_245' title='bbox 514 2961 613 3022; x_wconf 86' lang='lat' dir='ltr'>multi.</span> <span class='ocrx_word' id='word_1_246' title='bbox 657 2962 969 3043; x_wconf 85' lang='lat' dir='ltr'>comprehenduntur</span> <span class='ocrx_word' id='word_1_247' title='bbox 997 2963 1088 3024; x_wconf 88' lang='lat' dir='ltr'>etiam</span> <span class='ocrx_word' id='word_1_248' title='bbox 1117 2962 1181 3023; x_wconf 83' lang='lat' dir='ltr'>vivi</span> <span class='ocrx_word' id='word_1_249' title='bbox 1203 2962 1267 3023; x_wconf 90' lang='lat' dir='ltr'>duo</span> <span class='ocrx_word' id='word_1_250' title='bbox 1289 2962 1386 3040; x_wconf 88' lang='lat' dir='ltr'>milia,</span> 
     </span>
     <span class='ocr_line' id='line_1_32' title="bbox 294 3042 1386 3131; baseline 0.001 -27"><span class='ocrx_word' id='word_1_251' title='bbox 294 3044 539 3127; x_wconf 68' lang='lat' dir='ltr'>Byzantiumque</span> <span class='ocrx_word' id='word_1_252' title='bbox 568 3044 755 3118; x_wconf 87' lang='lat' dir='ltr'>mittuntur;</span> <span class='ocrx_word' id='word_1_253' title='bbox 788 3042 908 3128; x_wconf 83' lang='lat' dir='ltr'>aufugit</span> <span class='ocrx_word' id='word_1_254' title='bbox 927 3066 991 3129; x_wconf 87' lang='lat' dir='ltr'>quo</span> <span class='ocrx_word' id='word_1_255' title='bbox 1016 3067 1054 3107; x_wconf 92' lang='lat' dir='ltr'>ue</span> <span class='ocrx_word' id='word_1_256' title='bbox 1076 3044 1269 3124; x_wconf 72' lang='lat' dir='ltr'>Cardaricas,</span> <span class='ocrx_word' id='word_1_257' title='bbox 1291 3067 1386 3131; x_wconf 89' lang='lat' dir='ltr'>quem</span> 
     </span>
     <span class='ocr_line' id='line_1_33' title="bbox 293 3067 1387 3213; baseline 0 -24"><span class='ocrx_word' id='word_1_258' title='bbox 293 3114 406 3192; x_wconf 73' lang='lat' dir='ltr'>Persae</span> <span class='ocrx_word' id='word_1_259' title='bbox 428 3148 499 3189; x_wconf 88' lang='lat' dir='ltr'>cum</span> <span class='ocrx_word' id='word_1_260' title='bbox 521 3126 642 3189; x_wconf 90' lang='lat' dir='ltr'>iniuriis</span> <span class='ocrx_word' id='word_1_261' title='bbox 664 3138 825 3209; x_wconf 86' lang='lat' dir='ltr'>respuunt.</span> <span class='ocrx_word' id='word_1_262' title='bbox 869 3149 969 3213; x_wconf 91' lang='lat' dir='ltr'>porro</span> <span class='ocrx_word' id='word_1_263' title='bbox 990 3067 1182 3212; x_wconf 63' lang='lat' dir='ltr'>Philippieus</span> <span class='ocrx_word' id='word_1_264' title='bbox 1197 3094 1387 3207; x_wconf 57' lang='lat' dir='ltr'>demetiam,</span> 
     </span>
     <span class='ocr_line' id='line_1_34' title="bbox 195 3210 1389 3295; baseline 0 -22"><span class='ocrx_word' id='word_1_265' title='bbox 195 3238 223 3291; x_wconf 84' lang='lat' dir='ltr'>p.</span> <span class='ocrx_word' id='word_1_266' title='bbox 233 3218 285 3273; x_wconf 81' lang='grc'>395</span> <span class='ocrx_word' id='word_1_267' title='bbox 294 3212 429 3275; x_wconf 81' lang='lat' dir='ltr'>Heraclii</span> <span class='ocrx_word' id='word_1_268' title='bbox 450 3210 649 3295; x_wconf 86' lang='lat' dir='ltr'>imperatoris</span> <span class='ocrx_word' id='word_1_269' title='bbox 671 3220 803 3293; x_wconf 85' lang='lat' dir='ltr'>patrem,</span> <span class='ocrx_word' id='word_1_270' title='bbox 821 3211 877 3273; x_wconf 80' lang='lat' dir='ltr'>suls</span> <span class='ocrx_word' id='word_1_271' title='bbox 892 3222 1072 3295; x_wconf 87' lang='lat' dir='ltr'>praetorem</span> <span class='ocrx_word' id='word_1_272' title='bbox 1086 3212 1126 3275; x_wconf 86' lang='lat' dir='ltr'>ad</span> <span class='ocrx_word' id='word_1_273' title='bbox 1139 3211 1389 3294; x_wconf 78' lang='lat' dir='ltr'>explorationem</span> 
     </span>
     <span class='ocr_line' id='line_1_35' title="bbox 123 3293 1385 3381; baseline -0.002 -24"><span class='ocrx_word' id='word_1_274' title='bbox 123 3294 128 3314; x_wconf 75' lang='lat'><strong>¹</strong></span> <span class='ocrx_word' id='word_1_275' title='bbox 265 3296 505 3357; x_wconf 81' lang='lat' dir='ltr'>-lsarbarorum</span> <span class='ocrx_word' id='word_1_276' title='bbox 526 3294 705 3372; x_wconf 85' lang='lat' dir='ltr'>transmisit,</span> <span class='ocrx_word' id='word_1_277' title='bbox 727 3296 855 3375; x_wconf 90' lang='lat' dir='ltr'>sumptis</span> <span class='ocrx_word' id='word_1_278' title='bbox 880 3316 919 3357; x_wconf 91' lang='lat' dir='ltr'>ne</span> <span class='ocrx_word' id='word_1_279' title='bbox 939 3295 1055 3357; x_wconf 85' lang='lat' dir='ltr'>militiis</span> <span class='ocrx_word' id='word_1_280' title='bbox 1076 3295 1280 3381; x_wconf 84' lang='lat' dir='ltr'>Babyloniam</span> <span class='ocrx_word' id='word_1_281' title='bbox 1297 3293 1385 3371; x_wconf 79' lang='lat' dir='ltr'>adiit,</span> 
     </span>
     <span class='ocr_line' id='line_1_36' title="bbox 295 3316 1385 3460; baseline -0.004 -17"><span class='ocrx_word' id='word_1_282' title='bbox 295 3387 326 3443; x_wconf 83' lang='lat' dir='ltr'>et</span> <span class='ocrx_word' id='word_1_283' title='bbox 340 3377 582 3439; x_wconf 87' lang='lat' dir='ltr'>Chlomarorum</span> <span class='ocrx_word' id='word_1_284' title='bbox 603 3378 762 3440; x_wconf 84' lang='lat' dir='ltr'>castellum</span> <span class='ocrx_word' id='word_1_285' title='bbox 784 3316 915 3441; x_wconf 81' lang='lat' dir='ltr'>obsidet</span> <span class='ocrx_word' id='word_1_286' title='bbox 958 3390 990 3441; x_wconf 88' lang='lat' dir='ltr'>at</span> <span class='ocrx_word' id='word_1_287' title='bbox 1020 3401 1097 3442; x_wconf 83' lang='lat' dir='ltr'>vero</span> <span class='ocrx_word' id='word_1_288' title='bbox 1125 3378 1308 3460; x_wconf 72' lang='lat' dir='ltr'>cardarigas</span> <span class='ocrx_word' id='word_1_289' title='bbox 1328 3378 1385 3439; x_wconf 89' lang='lat' dir='ltr'>eli·</span> 
     </span>
     <span class='ocr_line' id='line_1_37' title="bbox 294 3459 1386 3547; baseline 0.001 -26"><span class='ocrx_word' id='word_1_290' title='bbox 294 3461 341 3547; x_wconf 84' lang='lat' dir='ltr'>git</span> <span class='ocrx_word' id='word_1_291' title='bbox 364 3461 474 3523; x_wconf 89' lang='lat' dir='ltr'>milites</span> <span class='ocrx_word' id='word_1_292' title='bbox 494 3461 605 3524; x_wconf 86' lang='lat' dir='ltr'>idiotas</span> <span class='ocrx_word' id='word_1_293' title='bbox 628 3482 700 3523; x_wconf 92' lang='lat' dir='ltr'>eum</span> <span class='ocrx_word' id='word_1_294' title='bbox 719 3462 928 3545; x_wconf 85' lang='lat' dir='ltr'>subiugalibus</span> <span class='ocrx_word' id='word_1_295' title='bbox 951 3459 988 3541; x_wconf 62' lang='grc' dir='ltr'>Ἴ,</span> <span class='ocrx_word' id='word_1_296' title='bbox 1013 3472 1045 3525; x_wconf 89' lang='lat' dir='ltr'>et</span> <span class='ocrx_word' id='word_1_297' title='bbox 1066 3462 1160 3524; x_wconf 89' lang='lat' dir='ltr'>turha</span> <span class='ocrx_word' id='word_1_298' title='bbox 1180 3460 1312 3525; x_wconf 85' lang='lat' dir='ltr'>collecta</span> <span class='ocrx_word' id='word_1_299' title='bbox 1333 3482 1386 3524; x_wconf 89' lang='lat' dir='ltr'>ex-</span> 
     </span>
     <span class='ocr_line' id='line_1_38' title="bbox 295 3543 1385 3629; baseline -0.001 -22"><span class='ocrx_word' id='word_1_300' title='bbox 295 3543 429 3607; x_wconf 86' lang='lat' dir='ltr'>ereitum</span> <span class='ocrx_word' id='word_1_301' title='bbox 457 3564 636 3607; x_wconf 77' lang='lat' dir='ltr'>semovere</span> <span class='ocrx_word' id='word_1_302' title='bbox 671 3545 820 3623; x_wconf 88' lang='lat' dir='ltr'>iactabat,</span> <span class='ocrx_word' id='word_1_303' title='bbox 851 3555 884 3607; x_wconf 88' lang='lat' dir='ltr'>et</span> <span class='ocrx_word' id='word_1_304' title='bbox 915 3563 974 3629; x_wconf 86' lang='lat' dir='ltr'>per</span> <span class='ocrx_word' id='word_1_305' title='bbox 1004 3546 1122 3607; x_wconf 87' lang='lat' dir='ltr'>mnnita</span> <span class='ocrx_word' id='word_1_306' title='bbox 1155 3548 1225 3607; x_wconf 88' lang='lat' dir='ltr'>loca</span> <span class='ocrx_word' id='word_1_307' title='bbox 1249 3544 1385 3608; x_wconf 86' lang='lat' dir='ltr'>obseura</span> 
     </span>
     <span class='ocr_line' id='line_1_39' title="bbox 296 3627 1385 3714; baseline 0.001 -25"><span class='ocrx_word' id='word_1_308' title='bbox 296 3638 388 3690; x_wconf 88' lang='lat' dir='ltr'>noete</span> <span class='ocrx_word' id='word_1_309' title='bbox 411 3628 444 3689; x_wconf 89' lang='lat' dir='ltr'>in</span> <span class='ocrx_word' id='word_1_310' title='bbox 467 3627 559 3689; x_wconf 87' lang='lat' dir='ltr'>dorsa</span> <span class='ocrx_word' id='word_1_311' title='bbox 579 3630 795 3690; x_wconf 86' lang='lat' dir='ltr'>Romanorum</span> <span class='ocrx_word' id='word_1_312' title='bbox 821 3630 1014 3707; x_wconf 83' lang='lat' dir='ltr'>efficiuntur,</span> <span class='ocrx_word' id='word_1_313' title='bbox 1037 3647 1234 3714; x_wconf 86' lang='lat' dir='ltr'>naquaquam</span> <span class='ocrx_word' id='word_1_314' title='bbox 1254 3628 1385 3690; x_wconf 83' lang='lat' dir='ltr'>fidentes</span> 
     </span>
     <span class='ocr_line' id='line_1_40' title="bbox 294 3711 1385 3796; baseline -0.002 -21"><span class='ocrx_word' id='word_1_315' title='bbox 294 3734 326 3775; x_wconf 87' lang='lat' dir='ltr'>se</span> <span class='ocrx_word' id='word_1_316' title='bbox 347 3732 454 3773; x_wconf 86' lang='lat' dir='ltr'>manns</span> <span class='ocrx_word' id='word_1_317' title='bbox 480 3712 511 3771; x_wconf 90' lang='lat' dir='ltr'>in</span> <span class='ocrx_word' id='word_1_318' title='bbox 536 3730 588 3772; x_wconf 89' lang='lat' dir='ltr'>eos</span> <span class='ocrx_word' id='word_1_319' title='bbox 606 3712 760 3793; x_wconf 86' lang='lat' dir='ltr'>missuros.</span> <span class='ocrx_word' id='word_1_320' title='bbox 787 3712 902 3774; x_wconf 88' lang='lat' dir='ltr'>timore</span> <span class='ocrx_word' id='word_1_321' title='bbox 923 3723 1027 3774; x_wconf 87' lang='lat' dir='ltr'>antem</span> <span class='ocrx_word' id='word_1_322' title='bbox 1047 3714 1231 3796; x_wconf 83' lang='lat' dir='ltr'>importuno</span> <span class='ocrx_word' id='word_1_323' title='bbox 1253 3711 1385 3773; x_wconf 84' lang='lat' dir='ltr'>cadente</span> 
     </span>
     <span class='ocr_line' id='line_1_41' title="bbox 295 3794 1384 3881; baseline -0.001 -25"><span class='ocrx_word' id='word_1_324' title='bbox 295 3796 327 3856; x_wconf 87' lang='lat' dir='ltr'>in</span> <span class='ocrx_word' id='word_1_325' title='bbox 352 3794 564 3879; x_wconf 83' lang='lat' dir='ltr'>Philippiexun</span> <span class='ocrx_word' id='word_1_326' title='bbox 595 3794 666 3879; x_wconf 82' lang='lat' dir='ltr'>fuga</span> <span class='ocrx_word' id='word_1_327' title='bbox 698 3795 905 3858; x_wconf 78' lang='lat' dir='ltr'>irrationabili</span> <span class='ocrx_word' id='word_1_328' title='bbox 935 3816 1006 3858; x_wconf 86' lang='lat' dir='ltr'>usus</span> <span class='ocrx_word' id='word_1_329' title='bbox 1026 3806 1081 3859; x_wconf 83' lang='lat' dir='ltr'>est.</span> <span class='ocrx_word' id='word_1_330' title='bbox 1121 3816 1195 3881; x_wconf 71' lang='lat' dir='ltr'>‚quo</span> <span class='ocrx_word' id='word_1_331' title='bbox 1215 3804 1384 3878; x_wconf 82' lang='lat' dir='ltr'>comperto</span> 
     </span>
     <span class='ocr_line' id='line_1_42' title="bbox 295 3876 1383 3963; baseline -0.006 -22"><span class='ocrx_word' id='word_1_332' title='bbox 295 3878 427 3941; x_wconf 83' lang='lat' dir='ltr'>Romani</span> <span class='ocrx_word' id='word_1_333' title='bbox 450 3878 482 3941; x_wconf 91' lang='lat' dir='ltr'>in</span> <span class='ocrx_word' id='word_1_334' title='bbox 502 3878 605 3963; x_wconf 82' lang='lat' dir='ltr'>fugam</span> <span class='ocrx_word' id='word_1_335' title='bbox 619 3880 888 3943; x_wconf 86' lang='lat' dir='ltr'>convertebantur</span> <span class='ocrx_word' id='word_1_336' title='bbox 899 3902 958 3963; x_wconf 89' lang='lat' dir='ltr'>per</span> <span class='ocrx_word' id='word_1_337' title='bbox 979 3880 1048 3942; x_wconf 84' lang='lat' dir='ltr'>loen</span> <span class='ocrx_word' id='word_1_338' title='bbox 1071 3876 1112 3941; x_wconf 85' lang='lat' dir='ltr'>ad</span> <span class='ocrx_word' id='word_1_339' title='bbox 1133 3880 1299 3942; x_wconf 86' lang='lat' dir='ltr'>meandum</span> <span class='ocrx_word' id='word_1_340' title='bbox 1318 3878 1383 3939; x_wconf 78' lang='lat' dir='ltr'>dit.</span> 
     </span>
    </p>
   </div>
   <div class='ocr_carea' id='block_1_3' title="bbox 327 4108 1383 4305">
    <p class='ocr_par' dir='ltr' id='par_1_3' title="bbox 327 4108 1383 4305">
     <span class='ocr_line' id='line_1_43' title="bbox 327 4108 1383 4183; baseline 0.002 -22"><span class='ocrx_word' id='word_1_341' title='bbox 327 4108 556 4181; x_wconf 72' lang='lat' dir='ltr'>⁹)suhtngalibus</span> <span class='ocrx_word' id='word_1_342' title='bbox 587 4110 711 4165; x_wconf 79' lang='lat' dir='ltr'>Glosm:</span> <span class='ocrx_word' id='word_1_343' title='bbox 732 4109 888 4183; x_wconf 73' lang='grc' dir='ltr'><strong><em>ὑποζύγιον</em></strong></span> <span class='ocrx_word' id='word_1_344' title='bbox 904 4111 1068 4179; x_wconf 77' lang='lat' dir='ltr'>subingiuxa.</span> <span class='ocrx_word' id='word_1_345' title='bbox 1088 4111 1295 4165; x_wconf 81' lang='lat' dir='ltr'>Onomaatieons</span> <span class='ocrx_word' id='word_1_346' title='bbox 1312 4110 1383 4163; x_wconf 82' lang='lat' dir='ltr'>sob-</span> 
     </span>
     <span class='ocr_line' id='line_1_44' title="bbox 363 4179 1380 4305; baseline 0.003 -74"><span class='ocrx_word' id='word_1_347' title='bbox 363 4179 459 4305; x_wconf 51' lang='lat' dir='ltr'>mu·</span> <span class='ocrx_word' id='word_1_348' title='bbox 479 4180 636 4273; x_wconf 72' lang='grc' dir='ltr'>ύκιιζιιγιις.</span> <span class='ocrx_word' id='word_1_349' title='bbox 672 4182 824 4253; x_wconf 78' lang='lat' dir='ltr'>subiugatis</span> <span class='ocrx_word' id='word_1_350' title='bbox 840 4181 1084 4239; x_wconf 81' lang='lat' dir='ltr'>bestianudentio</span> <span class='ocrx_word' id='word_1_351' title='bbox 1102 4182 1132 4237; x_wconf 87' lang='lat' dir='ltr'>in</span> <span class='ocrx_word' id='word_1_352' title='bbox 1152 4199 1239 4253; x_wconf 75' lang='lat' dir='ltr'>agone</span> <span class='ocrx_word' id='word_1_353' title='bbox 1257 4182 1380 4237; x_wconf 77' lang='lat' dir='ltr'>nonani.</span> 
     </span>
    </p>
   </div>
   <div class='ocr_carea' id='block_1_4' title="bbox 0 0 1530 4900">
    <p class='ocr_par' dir='ltr' id='par_1_4' title="bbox 0 0 1530 4900">
     <span class='ocr_line' id='line_1_45' title="bbox 0 0 1530 4900; baseline 0 5"><span class='ocrx_word' id='word_1_354' title='bbox 0 0 1530 4900; x_wconf 95' lang='lat' dir='ltr'> </span> 
     </span>
    </p>
   </div>
  </div>
 </body>
</html>
