3050 4900
644 307 792 374 NOTAE.
1184 299 1256 376 tus

172 471 287 558 plaseio
307 491 418 554 magras
439 468 581 534 redditur
599 469 640 534 ab
658 470 826 553 Anastasio,
848 487 941 552 quam
959 487 1082 554 sequor,
1106 482 1139 536 et
1161 477 1259 536 sonti.

174 577 266 616 nmmr
286 555 414 640 poetae
427 551 611 639 profluvium
633 556 725 616 verti.
751 554 893 633 χειμῶνα
915 575 1048 637 namque
1070 560 1257 621 recentiores

174 641 287 700 Graeci
309 648 424 699 vocant
442 639 586 707 imbrium
613 640 748 720 coptum:
770 646 801 698 et
821 658 856 699 ex
876 638 946 718 gelu
957 638 1022 698 siue
1040 639 1168 720 frigore,
1190 661 1253 702 non

174 742 274 804 aeque
297 742 333 782 ac
354 721 466 803 pluviis
485 719 704 782 inundantibus
733 728 765 784 et
784 720 937 782 coutinuis
959 721 1109 784 frumenti
1130 723 1256 808 vinique

173 803 306 888 penuria
326 805 406 866 solet
425 825 593 888 emergere.

255 897 327 975 349,
344 903 371 964 1.
415 899 591 985 διαστροφὴ
613 897 686 980 περὶ
706 903 762 962 sori
783 897 875 980 ἁγίου
895 899 1016 982 πάσχα]
1039 905 1144 966 locam
1164 907 1256 967 istum

171 1006 234 1068 pro
255 994 354 1047 tortus
374 986 530 1048 brevitate
551 985 759 1067 caliginosum,
781 985 941 1066 superfuso
963 1009 1090 1071 quoque
1106 989 1255 1072 scaligeri

171 1089 284 1131 errore
303 1069 461 1131 redditum
484 1069 697 1130 obscuriorem
716 1070 747 1128 in
772 1070 857 1131 bono
880 1069 995 1133 lumine
1016 1073 1171 1152 positurus
1193 1073 1255 1134 Pe·-

170 1153 281 1226 tavius,
302 1153 357 1214 ubi
377 1160 517 1236 patentes
547 1152 647 1213 radios
679 1151 825 1234 effulgere
854 1153 990 1229 censuit,
1011 1156 1043 1213 in
1074 1157 1253 1237 oppositum

170 1236 293 1296 obicem
315 1239 425 1298 eteius
444 1237 588 1298 umbram
611 1235 752 1296 incautus
775 1233 885 1296 incidit
896 1233 1084 1300 Protbcoria
1105 1238 1252 1302 adnotes

168 1317 200 1379 in
222 1319 442 1402 Nicephorum,
462 1330 494 1382 et
517 1319 557 1381 de
573 1317 659 1380 doct.
680 1327 776 1400 temp.
791 1312 875 1380 lib.‘l
896 1337 962 1401 cap.
978 1313 1028 1382 24.
1069 1321 1168 1383 lucem
1191 1323 1252 1384 ita·

168 1423 230 1487 que
250 1403 378 1485 reperit,
398 1423 508 1464 verum
527 1403 671 1463 umbram
701 1423 762 1462 non
788 1399 895 1484 effugit
912 1404 1045 1484 penitus.
1089 1405 1252 1468 illustravit

166 1507 238 1549 sane
256 1485 312 1570 τὴν
333 1479 528 1568 dsuorpopais
548 1486 604 1546 rori
622 1481 712 1564 ἁγίου
733 1477 863 1564 πάσχα·
883 1485 1129 1568 immansurum,
1150 1489 1251 1552 alicam

166 1571 280 1652 potius,
304 1591 397 1653 spuam
411 1589 482 1630 cum
503 1569 660 1630 Anastasio
675 1576 707 1628 et
722 1567 856 1628 miscella
875 1571 978 1630 sancti
990 1573 1146 1653 paschatis
1162 1593 1249 1632 ever·

164 1655 291 1730 marm,
324 1653 372 1714 vel
391 1673 462 1713 cum
484 1653 550 1713 aliis
577 1651 712 1713 ordinem
731 1671 912 1734 perversum.
956 1673 1026 1713 nam
1047 1674 1118 1714 cum
1139 1675 1174 1716 ex
1194 1675 1251 1716 ca-

165 1757 248 1798 none
267 1737 402 1799 Nicaeno
432 1757 494 1797 una
527 1757 598 1795 cum
620 1734 735 1795 ludaeis
764 1743 797 1795 et
824 1732 1100 1818 quartadecimanis
1125 1757 1249 1800 sacrum
1280 1793 1282 1800 .

163 1817 1248 1967 t?tlt?tttttttltttttt.tlt.ttttdtffltltt

161 1987 273 2047 festum
292 1987 410 2049 remitti
431 1984 614 2048 conveniat:
646 1946 728 2044 anub
753 1983 911 2045 lastiniani
935 1923 1056 2048 decimo
1078 1925 1172 2064 adiro,
1196 1989 1248 2050 die

162 2069 319 2131 dominico
342 2080 374 2132 et
400 2069 474 2130 luna
502 2079 614 2152 quarta
645 2067 765 2129 decima
791 2070 1069 2147 concurrentibus,
1099 2091 1136 2131 ac
1155 2072 1245 2133 simul

161 2152 194 2213 in
217 2153 330 2235 Aprilis
363 2152 445 2214 diem
474 2154 612 2236 primum
639 2151 862 2225 incidentibus,
886 2153 1060 2232 paschalem
1077 2154 1245 2216 celebrita-

159 2243 241 2312 tem,
266 2258 306 2297 ne
336 2236 453 2297 ludaeis
483 2247 514 2298 et
534 2234 812 2319 quartadecimanis
837 2235 963 2296 ecclesia
991 2239 1189 2314 consentiret,
1213 2240 1244 2298 in

159 2317 242 2379 diem
261 2320 355 2380 alium
374 2318 522 2384 dominic.
554 2317 609 2401 qui
629 2316 741 2400 Aprilis
770 2326 896 2378 octavus
927 2327 1111 2380 numeratur
1139 2329 1243 2382 trans-

159 2402 237 2464 ferri
258 2405 410 2486 oportuit.
452 2411 626 2485 prorogata
656 2420 733 2462 vero
762 2399 916 2481 paschatis
938 2399 1147 2476 solemnitate,
1172 2424 1243 2463 cum

156 2482 1242 2647 {tlttlltttttttttltttlt...ttt‘sltttt..lttttt

806 2611 816 2642 ,
1227 2610 1243 2623 .

155 2664 216 2730 rat,
237 2616 389 2733 paiscbatis
414 2656 534 2739 peregit
564 2652 691 2724 lestum;
721 2649 958 2731 carnisprivium
973 2610 1086 2713 ’autem
1109 2672 1145 2712 ex
1166 2652 1241 2733 imp.

152 2740 273 2797 sancito
293 2736 344 2799 die
364 2746 483 2805 mutum
512 2737 677 2797 undecimo
701 2733 917 2816 statuendum,
940 2732 1026 2819 qnasi
1046 2732 1159 2817 pascha
1182 2734 1241 2795 ka.
1276 2776 1278 2779 -

154 2818 258 2880 leadas
271 2820 395 2901 Apriles
409 2828 598 2903 occupasset,
621 2819 671 2880 die
682 2816 848 2879 Februarii
866 2824 981 2900 quarto
1006 2816 1121 2879 obivit:
1144 2825 1240 2901 atquc
1294 2892 1302 2899 ι

153 2903 198 2962 ita
219 2902 411 2965 hebdomade
433 2926 503 2981 unu,
523 2903 593 2984 plns
612 2924 704 2986 quam
716 2922 776 2984 par
794 2901 887 2975 foret,
910 2910 965 2962 aut
982 2901 1117 2984 exigeret
1137 2902 1241 2963 eccle-

151 2985 213 3046 siae
226 2988 282 3061 lex,
293 2988 439 3049 ieiunasse
452 2995 594 3069 repertus
611 2995 665 3046 cst.
687 2984 773 3059 haec,
789 2994 822 3044 ut
839 2984 976 3060 Petusio,
990 2984 1033 3046 ita
1048 2985 1123 3045 mibi
1138 2992 1237 3047 textus

153 3068 297 3130 illustrati
314 3069 432 3132 arridet
448 3069 614 3151 expositio:
634 3090 716 3151 quae
730 3068 873 3149 sequitur
893 3067 976 3148 apud
990 3088 1062 3129 eum
1074 3066 1149 3127 locis
1169 3088 1237 3128 me..

150 3153 279 3212 moratis
293 3153 537 3215 deGraecorum
547 3152 803 3235 quadragesimali
822 3150 938 3211 ieiunio
958 3152 1142 3227 obseruatio,
1160 3150 1235 3211 mihi

150 3237 339 3320 veritatique
358 3236 479 3319 penitus
493 3236 683 3297 adversatur.
696 3233 854 3296 sciendum
868 3242 921 3311 est,
939 3233 1041 3316 inquit
1058 3234 1236 3315 posteriore

150 3316 231 3391 loeo,
244 3321 379 3381 Graecos
400 3318 660 3401 quadragesimale
672 3340 761 3385 suum
783 3328 914 3396 tempos,
930 3324 961 3376 et
981 3310 1103 3395 α’ποχήν
1124 3316 1204 3377 inire
1216 3340 1235 3377 u

150 3401 305 3463 dominica
324 3404 530 3484 sexagesimae,
554 3402 660 3463 diebus
682 3409 754 3462 unte
773 3398 884 3481 pascha
905 3398 964 3474 56,
988 3406 1025 3459 ut
1046 3418 1082 3459 ex
1109 3400 1235 3471 Maximi

148 3494 307 3567 computo,
328 3494 360 3547 et
373 3485 484 3546 Albino
496 3485 608 3546 Flacco
629 3486 683 3547 lib.
699 3483 738 3545 de
761 3484 823 3544 div.
847 3482 927 3544 offic.
949 3503 1015 3563 cap.
1037 3480 1076 3543 do
1095 3490 1233 3564 septuag.

146 3566 256 3651 liquet,
280 3570 365 3630 cuius
377 3568 513 3631 instituti
541 3590 576 3629 eu
593 3568 674 3629 ratio
695 3576 751 3628 est.
784 3587 856 3627 cum
888 3566 968 3627 enim
983 3564 1118 3641 Graeci,
1145 3574 1180 3626 ut
1201 3575 1234 3627 et

147 3650 360 3715 Occidentalcs
381 3654 436 3728 lsic
457 3649 532 3735 quip
556 3674 573 3715 e
593 3648 755 3734 legendum
778 3660 878 3731 puto,
899 3670 962 3709 nou
986 3648 1170 3727 Orientales)
1191 3642 1233 3709 40

145 3734 258 3796 solidos
282 3735 345 3797 dies
377 3736 493 3797 ieiunio
525 3672 630 3795 (lirare
651 3741 801 3795 statutum
830 3732 978 3794 habeant:
999 3752 1036 3791 ac
1057 3752 1157 3812 nequa
1176 3729 1232 3793 do.

145 3818 264 3879 minicia
285 3817 391 3879 diebos
411 3838 512 3901 neque
532 3817 675 3892 sabbatis,
700 3838 764 3878 uno
785 3825 913 3897 excepto
933 3813 1069 3897 paschali
1091 3813 1231 3875 ieiunare

144 3903 281 3963 soleants
311 3923 431 3963 necesse
459 3910 505 3963 est
535 3912 570 3961 ut
591 3901 714 3960 initium
744 3899 808 3959 roda
840 3893 1085 3977 α’ποκρεωσίμων
1106 3888 1232 3973 ἡμερῶν

144 3994 350 4048 antevertant.
391 4007 462 4045 nam
485 3988 624 4047 Romana
645 3982 771 4044 ecclesia
799 3974 1054 4061 τεσσαρακοστήν
1076 4000 1160 4039 suam
1183 3981 1231 4039 iu-

143 4068 222 4149 cipit
236 4090 252 4127 a
267 4068 421 4129 dominica
434 4070 534 4149 prima
546 4067 808 4151 quadragesimae,
819 4086 899 4148 quae
914 4065 952 4126 ab
964 4060 1119 4124 dominica
1135 4062 1231 4145 quin·

143 4151 336 4237 quagesimae
355 4152 496 4235 proxima
518 4162 576 4216 est.
599 4152 639 4215 ab
660 4148 720 4212 hcc
739 4170 815 4213 sero
836 4148 887 4211 die
908 4146 948 4209 ad
968 4145 1131 4211 sabbatum
1160 4168 1229 4209 ma·
