3050 4900
497 428 553 489 EX
585 426 845 493 timoratus.
1142 423 1216 497 243

115 595 180 659 sihi
196 593 341 657 subiecto
361 588 520 655 hominem
534 614 631 655 anum
653 598 824 665 monastico
845 595 1003 662 smemats
1018 599 1235 662 circumamio'

117 691 219 741 ctam
263 676 349 763 quod
372 698 443 737 cum
467 677 641 757 imperator
664 678 828 757 didicisset,
851 683 973 743 bonum
993 702 1118 765 semper
1140 706 1219 745 exc·-

117 786 190 829 sum
212 762 351 839 babens,
378 762 504 843 scripsit
526 761 554 824 ci
594 761 688 823 ratius
722 763 826 825 dicens
848 766 974 827 “inveni
997 778 1028 829 te
1049 770 1154 829 virum
1173 790 1221 828 se-

119 847 265 909 candum
284 866 341 905 cor
362 866 475 921 meum,
494 845 547 927 qui
568 782 643 911 iacis
665 869 770 912 omnes
783 850 960 911 voluntates
982 855 1093 913 meas.''
1135 849 1220 920 hunc

122 946 204 1015 'ergo
226 930 379 1001 imitantes
403 937 436 990 et
455 926 553 992 ceteri
573 928 683 992 similia
712 933 950 1014 perpetrabant.
987 985 991 991 .

212 1014 301 1075 tuno
327 1012 451 1094 imperii
475 1008 669 1075 Constantini
700 1008 741 1075 32
771 1015 854 1078 misit
881 1014 1011 1080 Abdelus
1030 1018 1062 1081 in
1085 1016 1222 1079 Africam

123 1096 336 1163 Muslubitum
354 1116 426 1157 cum
450 1095 588 1157 exercitu
610 1096 730 1175 multo,
762 1106 794 1159 et
828 1100 978 1182 ingressus
1005 1111 1050 1164 est
1072 1098 1224 1183 dlpbudal

125 1180 268 1245 Badinar
291 1180 323 1242 in
342 1180 546 1253 Romanium,
576 1189 608 1241 et
633 1180 717 1262 cepit
746 1180 884 1263 captivos
905 1183 1107 1267 'quingentos
1155 1186 1226 1245 Mo-

125 1264 331 1348 psuestienses
345 1270 451 1325 autem
471 1262 598 1325 obviam
613 1264 654 1325 eis
674 1277 875 1327 occurrentes
891 1278 922 1330 et
938 1268 1052 1329 bellum
1066 1266 1226 1351 exagitan-

127 1359 176 1412 sss
203 1346 388 1409 occiderunt
408 1368 444 1407 cx
460 1344 613 1414 drabibus
631 1344 725 1418 mille
766 1359 812 1409 ast
834 1348 965 1411 Abslelus
985 1352 1088 1413 abiens
1108 1352 1227 1412 Hiero·

127 1428 473 1513 solymumjciunuvit,
502 1438 534 1492 et
554 1431 716 1513 praecepit
750 1430 879 1494 inscribi
900 1434 1092 1497 Christianos
1112 1443 1144 1497 ct
1162 1434 1228 1495 Hc·

130 1516 246 1577 bracos
267 1514 298 1575 in
318 1514 477 1585 manibus;
495 1524 526 1575 et
548 1512 667 1575 idcireo
686 1512 777 1577 multi
790 1514 1042 1585 Christianorum
1062 1538 1121 1601 par
1142 1537 1229 1579 mare

132 1600 166 1661 in
188 1597 372 1662 Romanium
395 1596 614 1678 confugerunt.

218 1700 309 1761 Anao
337 1696 462 1779 imperii
495 1698 542 1760 sui
562 1695 734 1761 :samoris
760 1698 1000 1779 Constantinus,
1020 1719 1125 1762 mense
1145 1698 1329 1776 Melonem

134 1780 341 1845 duodecimae
371 1780 568 1857 indictionis,
600 1781 716 1849 stolum
754 1781 992 1846 obelandiorum
1029 1784 1078 1845 bis
1111 1781 1233 1845 milium

135 1864 468 1946 contravatgartam.
508 1872 540 1928 et
555 1860 708 1947 ingressus
729 1864 842 1947 ipsein
857 1868 955 1929 ruben
978 1866 1139 1929 chelandia
1161 1889 1234 1927 mo-

136 1957 187 2009 tus
210 1947 316 2009 estad
347 1946 529 2017 intrandum
553 1948 730 2009 Danubium
753 1972 894 2029 amnem,
927 1949 1082 2015 derelictis
1106 1970 1235 2047 quoque

139 2032 342 2113 praetoribus
364 2030 556 2117 equestrium
588 2031 764 2093 thematum
793 2044 881 2095 extra
903 2031 1077 2113 clausurus,
1106 2054 1131 2093 st
1151 2035 1237 2095 forte

137 2126 265 2199 possent
289 2114 476 2197 Vulgaribus
496 2114 529 2176 in
552 2134 585 2176 se
605 2114 755 2177 intuitum
778 2116 942 2200 ligentibus
964 2118 1099 2180 introire
1114 2119 1143 2177 in
1159 2116 1238 2180 vul.

140 2198 271 2281 gauium.
315 2218 386 2258 cum
420 2208 524 2259 autem
559 2198 691 2261 venisset
719 2222 753 2261 ns
779 2222 818 2261 ue
840 2199 880 2262 ad
898 2202 1023 2280 Burnus,
1045 2199 1237 2279 formidavit,

142 2291 177 2343 et
198 2280 299 2343 redire
330 2280 549 2343 meditabatur.
600 2279 654 2343 sed
685 2290 717 2345 et
772 2282 891 2367 algares
919 2284 1069 2363 sidentes,
1092 2307 1128 2346 ac
1148 2282 1241 2346 simili

141 2384 262 2448 pavore
286 2373 466 2443 metuentes,
487 2366 640 2429 miserunt
660 2367 779 2428 Boilam
801 2375 834 2429 et
852 2367 1001 2466 Triguten
1025 2376 1165 2451 petentes
1184 2388 1243 2449 pu-

145 2472 223 2510 ccm.
272 2470 351 2532 qnos
380 2471 448 2512 cum
479 2449 605 2511 vidisset
636 2448 829 2532 imperator,
855 2474 974 2534 gavisus
1008 2464 1055 2514 cst
1080 2462 1113 2514 et
1132 2472 1244 2534 pacem

142 2533 228 2612 fecit,
249 2535 401 2632 praestito
427 2533 560 2595 vicissim
589 2531 797 2596 iureiurando
830 2535 974 2618 quatinus
1002 2555 1104 2619 neque
1122 2532 1243 2616 Vulga-

142 2639 193 2680 res
213 2627 335 2680 errarent
369 2624 480 2680 contra
500 2615 685 2680 Romaniam
717 2637 821 2701 neque
850 2618 1028 2700 imperator
1048 2615 1189 2680 studeret
1211 2616 1243 2677 in

143 2701 330 2784 Vulgarium
363 2699 495 2762 intrares
552 2708 585 2763 et
616 2699 704 2763 factis
725 2721 822 2783 super
845 2700 906 2762 boc
938 2723 973 2764 ex
995 2711 1132 2785 utraque
1152 2709 1245 2783 parte

144 2783 312 2866 scripturis
334 2783 372 2844 ad
397 2783 527 2846 invicem
550 2805 690 2847 reversus
711 2793 756 2846 est
783 2785 960 2868 imperator
981 2794 1013 2848 et
1034 2786 1146 2848 urbem
1168 2783 1244 2861 adit,

144 2867 256 2931 taxatis
280 2867 436 2930 derelictis
455 2889 490 2930 ex
513 2867 655 2930 omuibus
676 2867 864 2930 thematibus
885 2869 918 2930 in
940 2867 1046 2931 castris
1065 2891 1146 2952 qnae
1167 2888 1246 2929 con-

147 2951 238 3018 didit.
282 2951 439 3012 Octobrio
461 2973 538 3013 vcro
560 2973 663 3014 mense
684 2953 869 3015 undecimae
899 2953 1078 3014 indictionis
1101 2951 1247 3016 nuntiam

146 3033 285 3117 suscepit
299 3057 316 3096 a
329 3034 478 3116 Vulgaria
497 3035 536 3098 ab
557 3035 686 3098 occultis
707 3036 814 3098 amicis
834 3036 904 3114 suis,
926 3035 1012 3122 quod
1024 3039 1165 3098 mitteret
1184 3033 1246 3095 do.

145 3118 249 3180 minus
272 3119 439 3203 Vulgariae
468 3118 634 3181 duodecim
663 3119 748 3182 milia
777 3141 812 3181 ex
835 3122 956 3202 populo
988 3129 1019 3182 et
1040 3119 1183 3181 Boilades
1205 3117 1246 3180 ad

146 3201 369 3284 captivandum
393 3201 562 3264 Verzitiam
596 3211 627 3264 et
664 3202 882 3265 abducendum
911 3224 962 3264 eos
990 3203 1021 3264 in
1053 3201 1346 3285 Vulgariam.p.692

147 3285 206 3372 qui
230 3307 268 3348 ne
290 3285 500 3348 innotesceret
533 3283 620 3430 ‹puod
648 3297 760 3349 contra
780 3287 933 3370 Volgares
965 3295 1157 3362 moveretur,
1179 3291 1246 3363 (vc-

147 3377 263 3431 nersnt
286 3371 367 3430 enim
391 3369 429 3430 ad
451 3391 523 3432 eum
556 3370 638 3455 eguti
660 3371 781 3434 domini
808 3371 987 3454 vulgariae)
1010 3391 1082 3432 cnm
1103 3367 1204 3461 adlatae
1224 3367 1247 3429 ii

148 3463 253 3515 essent
283 3452 313 3513 in
345 3454 446 3530 urbe,
475 3453 634 3516 simulavit
660 3475 692 3516 se
722 3453 868 3516 adversus
898 3455 1014 3516 Arabes
1046 3475 1191 3528 movere,
1214 3462 1247 3513 et

149 3545 385 3598 transmearunt
405 3548 469 3600 tam
500 3538 609 3599 vexilla
630 3558 725 3620 quum
756 3538 962 3621 supellectiles
984 3537 1147 3600 ministerii
1169 3533 1247 3618 regii

149 3629 330 3704 apparatus.
372 3641 443 3682 cum
465 3631 569 3682 antem
583 3621 802 3706 apocrisiarios
824 3620 994 3699 dimisisset,
1019 3642 1078 3704 per
1100 3619 1249 3701 explora-

151 3715 238 3766 tores
258 3715 424 3786 comperto
457 3725 570 3767 eorum
596 3725 739 3788 egressu,
774 3712 930 3787 assumpto
961 3705 1101 3767 exercitu
1122 3702 1249 3764 festinus

153 3787 217 3849 iter
237 3789 389 3870 arripuit,
410 3795 442 3850 et
475 3789 666 3851 coacervatis
688 3788 863 3852 thematum
884 3789 992 3850 taxatis
1014 3797 1047 3851 et
1065 3787 1250 3849 Thracesis·

154 3871 202 3930 nis
224 3881 256 3932 et
289 3871 383 3933 unitis
417 3873 580 3934 ordinibus
613 3871 817 3956 optimatibus
842 3871 918 3934 fecit
947 3892 999 3935 eos
1019 3866 1060 3933 80
1082 3867 1175 3931 milia.
1218 3875 1252 3932 et

154 3975 290 4037 pergens
312 3955 343 4015 in
365 3953 468 4016 locum
490 3955 545 4040 qai
568 3955 684 4017 dicitur
702 3955 891 4033 Litlbsoria
913 3953 1025 4017 nullius
1046 3955 1141 4016 tubae
1163 3951 1252 4014 clun.

155 4059 235 4121 gore
255 4047 396 4116 sonante,
416 4037 579 4100 irruerunt
608 4059 703 4121 snper
724 4039 812 4118 illos,
834 4048 867 4102 et
888 4048 1011 4101 vertens
1031 4059 1084 4099 eos
1107 4037 1182 4098 feeit
1203 4036 1254 4097 ri-

155 4121 292 4183 ctoriam
313 4143 472 4206 magnam,
496 4130 620 4184 etcum
641 4123 743 4184 multis
772 4125 888 4185 exuviis
910 4132 943 4186 et
962 4121 1092 4204 captivis
1113 4140 1254 4182 reversus

156 4215 214 4282 cst,
235 4205 386 4288 triumphi
410 4205 456 4268 sni
478 4205 632 4288 trophaea
661 4225 755 4287 penes
789 4207 902 4269 urbem
922 4213 1091 4283 ostentans,
1112 4211 1144 4265 et
1164 4205 1256 4267 obse·

159 4289 244 4372 qalis
262 4291 455 4374 constipatus
476 4289 633 4373 incedens,
652 4289 834 4374 bellumque
848 4289 913 4352 hoo
931 4289 1039 4354 nobile
1061 4307 1255 4370 nuncupans,
