3050 4900
482 325 622 392 noctu
647 325 936 394 restitutores.
1180 321 1253 396 *585

248 492 396 574 202,1h·
437 493 494 556 soi
513 489 695 576 ἀταράχως.

246 609 319 689 905,
340 606 374 671 6.
414 607 679 689 tessaracota»
702 610 1027 695 dropepropoeptnor
1047 610 1172 688 edente]
1195 627 1255 674 ter·

162 697 206 780 tip
225 693 453 757 contestantibus
473 697 527 793 qni
543 709 633 758 erant
652 695 869 756 catholicarum
883 699 1015 782 partirem
1022 715 1034 771 ,⁸
1056 704 1087 757 et
1110 695 1180 758 loco
1203 717 1253 758 eu·

163 777 237 841 clusi
259 786 359 854 erant,
389 784 425 839 ut
458 799 503 839 src
527 796 648 840 neeesse
675 778 844 840 habuerint
876 779 1133 842 contestationem
1157 801 1254 858 suam,

166 883 204 923 ae
222 857 404 943 ἅντίρρησιν
424 860 473 922 vel
495 862 585 923 hamo
617 883 635 924 e
657 862 797 924 funiculo
827 881 993 947 appensam
1015 863 1168 946 ingerere,
1192 872 1251 927 etc.

169 939 228 1028 τήν
248 943 329 1007 As'oo
349 941 460 1026 μονήν.
1034 941 1039 954 ’

203 1131 214 1156 ‚
245 1051 328 1150 {aad
351 1053 401 1120 16.
441 1047 478 1116 sd
501 1041 602 1132 ὄνομα
625 1049 769 1132 Φῶκος]
789 1051 883 1118 Barh.
899 1053 993 1140 Peyr.
1017 1061 1078 1118 etc·
1100 1051 1153 1117 ubi
1175 1051 1254 1118 male

230 1154 279 1197 oo.

167 1157 229 1198 αυτ
246 1240 319 1321 206,
342 1240 374 1305 7.
415 1241 577 1324 τρίμηνον.

244 1349 316 1428 207,
337 1343 368 1414 4.
412 1349 557 1431 Νέστορα
575 1348 611 1413 di
630 1341 805 1428 Ῥωμανόν]
829 1351 919 1416 litera
939 1349 1048 1414 mutila
1065 1372 1101 1414 ex
1122 1353 1253 1414 Anasta-

160 1433 208 1497 sio
229 1433 412 1531 supplauda,
433 1441 468 1493 ut
486 1433 671 1532 praesertim
681 1435 733 1496 SS.
747 1428 959 1498 confessorum
980 1434 1149 1498 memoriae
1172 1456 1251 1498 eoa-

117 1560 121 1566 ’
159 1517 290 1679 ‘aiiii‘
306 1516 1251 1684 §inihi-'ralia'Thihmiiw'fflih,Tm

161 1682 440 1747 Ciroleedomnsem.

244 1804 403 1874 nst10.
454 1806 512 1890 τῇς
530 1805 682 1888 omddoe,
705 1807 761 1871 soi
789 1803 920 1889 ἐκβολὰς
947 1804 1122 1874 ἐπισκόπων
1142 1806 1250 1873 tnur-

159 1886 300 1974 stuzas]
322 1892 414 1953 Barla
433 1891 527 1976 ΡΨ.
548 1895 652 1959 Anast.
665 1893 757 1954 Cedr.
781 1903 841 1954 eto.
882 1893 1087 1978 episcoporum
1109 1893 1250 1956 innoxio·

158 1975 478 2056 mmabmgotioness
505 1976 611 2058 palam
637 1975 750 2038 vitiosa
781 1977 876 2038 edita.
946 1977 1011 2038 uod
1035 1978 1179 2061 seqnitur
1211 1975 1250 2038 de

158 2057 301 2140 Trisagio
324 2057 451 2142 hymno,
466 2059 610 2142 iactaque
639 2058 685 2122 illi
704 2070 738 2122 et
766 2069 886 2121 mutata
906 1998 1073 2139 additione,
1093 2061 1130 2122 P.
1151 2060 1247 2120 Simu.

161 2139 345 2202 atttriti
379 2142 469 2225 epist.
496 2153 646 2225 tanquam
674 2163 711 2206 er
740 2142 951 2226 Theophane,
974 2154 1007 2207 et
1025 2145 1112 2207 illum
1137 2144 1249 2206 exseri-

159 2221 257 2288 lseate
276 2227 435 2287 Anastasio
457 2235 570 2307 censet,
593 2246 684 2288 voces
703 2225 769 2289 illas
789 2225 912 2306 Xpsord
930 2226 1064 2304 βασιλεῦ
1090 2227 1210 2289 additas
1230 2249 1249 2286 a

162 2307 354 2370 calendione
374 2308 415 2369 ad
446 2307 747 2392 Theopasohitarum
785 2309 985 2372 evertendam
1019 2309 1185 2387 haeresim,
1210 2331 1248 2372 ac

160 2391 248 2455 velot
267 2391 430 2469 antidoto,
449 2413 488 2456 ne
518 2401 687 2476 potaretur
706 2390 746 2454 ad
772 2390 869 2475 ipsam
892 2393 1008 2455 trinam
1029 2391 1175 2456 deitatem
1195 2414 1248 2455 re·-
1269 2391 1271 2396 ’

159 2476 239 2538 ferri
261 2476 348 2561 quod
369 2476 511 2539 additum·
532 2479 643 2554 iuerat,
665 2478 719 2561 qni
727 2496 833 2561 passus
849 2490 1027 2560 estpmptes·
1046 2498 1112 2553 nos,
1133 2476 1186 2538 ssd
1209 2476 1248 2537 ad

161 2558 321 2623 Christum
342 2561 528 2644 peculiarius
546 2560 725 2621 hominem:
749 2569 906 2621 attamen
928 2561 1031 2622 iacent
1050 2560 1248 2642 Theophanis

162 2642 266 2722 rerba,
287 2666 386 2727 eaque
398 2642 571 2706 Anastasius
588 2636 691 2726 presse
710 2641 857 2720 reddidit,
879 2642 979 2727 ipsum
1001 2642 1157 2704 hoePetri
1179 2645 1249 2705 loe-

160 2726 206 2789 rit
221 2729 328 2809 primo
348 2747 406 2789 suo
437 2729 636 2811 episcopatu,
667 2726 802 2810 quadam
831 2723 916 2789 velut
938 2727 1189 2789 accomodatione
1210 2726 1248 2789 ad

158 2810 368 2872 Orientalium
396 2819 556 2895 utcunque
584 2808 734 2873 sedandos
766 2809 883 2871 animos
918 2811 1081 2873 occasione
1122 2809 1243 2872 addita-

158 2896 255 2956 menti
284 2894 445 2973 torbatos,
474 2896 574 2957 eidem
605 2895 645 2955 ab
668 2913 706 2956 eo
728 2894 927 2975 adiunctum,
957 2895 1043 2978 quod
1072 2902 1189 2977 postea,
1212 2916 1248 2955 ae

157 2976 296 3040 seeundo
317 2978 499 3061 episcopatu
518 2976 650 3039 Zenonis
670 2978 779 3041 favore
799 2977 925 3040 liberius
952 2975 1104 3041 haeresim
1125 2978 1248 3054 docens,

110 3082 116 3092 ’
150 3062 313 3124 'sublatum
335 3061 482 3123 voluerit.
522 3062 568 3125 sie
588 3062 654 3143 ipse
664 3063 749 3123 Zeno
774 3059 964 3147 quandoque
984 3063 1088 3124 mitius
1110 3062 1174 3143 epit
1195 3082 1249 3123 ca-

159 3145 354 3207 tholicorum
384 3156 492 3223 meto,
523 3166 624 3229 eoque
655 3145 773 3207 solutus
816 3146 921 3207 omnia
954 3146 1096 3223 miscuit,
1118 3144 1248 3229 direque

159 3228 331 3291 catholicos
354 3229 468 3291 afflixit.
484 3250 501 3290 e
543 3228 646 3308 eadat,
662 3250 789 3311 quaeso,
805 3227 916 3311 lector,
927 3228 1134 3312 Theophanis,
1159 3250 1249 3289 eum·

160 3334 224 3396 que
245 3310 307 3375 fide
343 3313 463 3393 optima
483 3334 519 3375 re
541 3312 639 3375 dentis
661 3312 808 3374 Anastasii
829 3312 936 3390 verbs,
957 3332 1032 3375 num
1054 3311 1249 3374 calendionis

159 3394 252 3458 ineis
280 3395 400 3480 aliquid
420 3396 598 3475 invenerit,
624 3406 752 3479 excepta
782 3395 952 3471 electione,
974 3404 1007 3458 et
1026 3394 1248 3478 deportatione

156 3480 275 3558 Oasim,
296 3500 376 3563 quae
399 3480 493 3562 paulo
523 3490 595 3543 ante
616 3480 714 3541 relata
734 3478 806 3539 fuit.
849 3477 1008 3541 Cedrenus
1029 3480 1112 3541 clare
1135 3480 1247 3541 admo-

156 3560 233 3624 dum
253 3559 423 3646 olrumque
456 3562 518 3625 hoc
537 3565 592 3625 uni
614 3564 710 3624 Petro
741 3562 867 3623 Fulloni
887 3561 1027 3645 assignat,
1048 3563 1151 3645 priori
1173 3564 1248 3638 eius,

156 3646 348 3711 sesecundo
376 3645 578 3729 episcopata,
608 3668 644 3708 ex
665 3647 733 3728 ipso
762 3654 920 3708 mutuatus
943 3646 1142 3727 Theophane.
1168 3639 1247 3724 πρό-

154 3749 245 3811 τερον
272 3728 333 3809 μὲν
362 3728 538 3810 προσέθηκε
566 3730 610 3814 τῷ
634 3730 786 3813 spsoeys'p
803 3728 927 3811 Xpsord
949 3730 1084 3808 βασιλεῦ
1110 3722 1127 3788 ’ὃ
1149 3750 1248 3790 osne.

154 3808 273 3891 (rudeis
294 3812 341 3875 δι’
358 3805 453 3893 ἡμᾶς.
493 3807 682 3894 ὕστερονδὲ
705 3806 810 3874 taeda
830 3815 968 3893 περιεῖλε
988 3809 1033 3890 ri,
1047 3812 1168 3892 Xpsori
1186 3812 1246 3888 βα-

153 3895 256 3970 σιλεῦ.
298 3896 420 3959 addidit
439 3896 600 3980 Trisagio,
620 3918 679 3959 rex
711 3897 839 3968 Christe,
859 3896 914 3980 qui
935 3894 1102 3981 crucfixus
1120 3916 1152 3956 es
1169 3916 1248 3978 pro-
1347 3928 1353 3937 ·

151 3992 227 4063 pter
245 4000 318 4043 nos.-
336 3994 442 4066 posteo
461 4002 535 4043 vero
553 3979 672 4042 rediens
694 3981 808 4041 sustulit
828 3974 919 4053 illud,
941 3999 1000 4041 rex
1021 3978 1144 4041 Christe.

238 4087 311 4170 208,
331 4088 361 4150 5.
404 4082 442 4149 ὃν
460 4086 698 4171 ὀχλοποιοῦπα]
717 4088 810 4152 Barb.
831 4086 925 4171 Peyr.
941 4094 1001 4149 ete.
1024 4080 1184 4147 ἐνεκάλεσε
1208 4084 1243 4147 di

161 4166 218 4235 καί
239 4171 373 4255 Ζήνωνι.
416 4175 537 4238 Zersons'
560 4173 711 4258 episcopos
729 4172 851 4254 detulit,
870 4172 990 4255 ahisque
1009 4168 1168 4233 cohibendi
1184 4190 1244 4233 ac-
