3050 4900
292 385 341 458 36
442 395 653 461 Anastasis
685 389 880 462 mstontn
907 383 1217 454 musnet

292 565 514 630 desideraverit
541 567 755 651 episcopatum
774 561 923 630 mirabilis
942 563 1022 640 iste,
1043 559 1202 620 occultans
1220 571 1381 637 praesum.
1481 555 1485 564 ’

199 725 201 730 Ι
291 659 439 734 ptuosum
470 651 502 712 in
524 672 556 712 se
580 645 783 732 desiderium,
814 636 853 711 et'
867 645 989 708 latentis
1020 641 1186 724 superbiae
1207 638 1381 700 velamento

292 735 490 816 cooperiens.
532 733 685 820 adquam
707 736 737 796 in
759 729 943 815 primordiis·
965 727 1085 789 idcirco
1105 727 1203 786 elatus
1224 720 1382 803 apparuit,

316 819 443 879 uoniam
463 819 563 880 socios
588 841 623 881 ex
646 816 871 881 confessoribus
888 811 1055 874 nonnullos
1075 809 1192 872 babeas
1213 813 1381 867 meruerat.

293 841 429 985 denique
451 902 619 980 Maximus,
649 923 727 964 unus
750 922 786 962 er
807 895 998 980 presbyteris
1017 893 1150 969 nostris,
1171 899 1205 953 st
1224 887 1383 962 Urbanus,

292 986 348 1068 qui
368 985 503 1048 secundo
526 1005 562 1048 ea
584 987 776 1048 confessione
797 972 929 1065 gloriam
958 977 1114 1040 consecuti
1134 985 1216 1050 sunt,
1236 968 1385 1034 Sidonius

292 1089 421 1211 quoque
433 1077 465 1131 et
476 1069 642 1148 Celerinus,
657 1071 706 1132 vir
717 1069 772 1153 qui
783 1065 887 1127 omnia
904 1061 1056 1145 supplicia
1066 1081 1126 1142 per
1136 1054 1385 1120 misericordiam

315 1150 343 1212 ei
353 1153 655 1234 perseverantissime
664 1150 841 1235 pertulerit,
853 1158 887 1211 ct
897 1147 1045 1208 firmitate
1055 1142 1127 1204 fidei
1136 1162 1209 1203 suae
1221 1137 1385 1200 inlilmita·

270 1241 274 1249 '
292 1242 356 1296 tem
367 1236 467 1296 carnis
481 1231 691 1298 corroborans
701 1243 851 1319 potenter
861 1229 1072 1293 adversarium
1084 1226 1169 1303 vicit,
1183 1221 1385 1287 considerau-

293 1326 339 1382 ω
354 1339 435 1396 eum,
446 1327 478 1380 et
492 1319 713 1402 perspicientes
734 1316 935 1379 calliditatem
950 1323 983 1376 ct
997 1312 1155 1375 levitatem
1167 1328 1249 1392 quac
1261 1305 1386 1367 inerant

292 1402 332 1478 ei,
348 1403 489 1483 periuria
501 1425 630 1488 quoque
642 1411 735 1485 atque
748 1399 928 1476 mendacia,
952 1415 1075 1459 necnon
1091 1401 1124 1456 et
1136 1387 1385 1454 excommnuica-

292 1485 410 1548 tiouem
426 1486 503 1564 cius,
525 1487 640 1550 reversi
651 1483 775 1548 suntad
784 1483 954 1558 ecclesiam,
964 1479 1108 1543 atomuia
1123 1477 1187 1538 eius
1205 1471 1339 1536 artificia
1351 1477 1385 1531 et

292 1568 469 1648 molimina,
491 1589 571 1652 quae
594 1590 630 1633 ex
644 1570 744 1631 multo
767 1568 829 1629 iam
841 1575 985 1648 tempore
1004 1562 1121 1624 bahem
1139 1553 1385 1638 subterfugiebat

290 1659 324 1714 ct
344 1652 523 1716 occultabat
544 1673 585 1730 se,
601 1675 710 1715 coram
722 1651 827 1714 multis
841 1649 970 1712 contessi
989 1653 1070 1718 sunt,
1093 1643 1155 1704 boc
1168 1639 1295 1724 quidem
1317 1636 1386 1719 epi·
1447 1661 1452 1674 ·

289 1735 406 1817 scupis,
428 1736 505 1797 illud
531 1755 610 1804 uero
639 1735 831 1820 presbyteris
864 1743 898 1796 et
918 1730 1017 1808 laicis„
1031 1749 1126 1813 quam
1146 1723 1289 1810 plurimis
1310 1741 1385 1782 cum

289 1817 376 1880 luctu
391 1839 453 1880 non
469 1818 595 1882 modico
608 1819 844 1894 manifestantes,
865 1826 899 1878 et
921 1813 1138 1896 resipiscentes,
1157 1829 1253 1890 super
1272 1805 1385 1889 quibus

289 1899 416 1964 dolosae
434 1902 649 1988 malignusque
670 1902 787 1965 bestiae
801 1907 946 1984 parentes
967 1897 1007 1959 ad
1021 1893 1179 1958 modicum
1201 1901 1323 1973 tempus
1344 1884 1385 1950 ab

289 1984 416 2046 ecclesia
442 1990 665 2048 recusamur
715 1993 749 2049 et
776 1995 850 2068 post
885 2003 986 2065 pauca
1011 1976 1265 2061 “impossibilem,
1284 1973 1385 2036 frater

289 2068 461 2144 carissime,
490 2071 727 2132 conversionem
756 2077 790 2131 et
815 2064 1108 2130 transmutationem
1137 2061 1169 2121 iu
1189 2055 1277 2121 brevi
1301 2064 1383 2118 tem.

188 2167 370 2238 perrepere
392 2151 523 2213 vidimus
555 2174 650 2234 super
678 2173 729 2214 eos
750 2152 900 2216 effectam.
956 2147 1139 2211 clarissimus
1163 2142 1247 2206 enim
1266 2139 1332 2216 hic,
1352 2145 1385 2201 et

289 2234 344 2318 qui
366 2235 547 2296 iuramentis
582 2235 777 2298 terribilibus
796 2243 866 2298 erat
895 2233 1004 2296 solitus
1024 2229 1232 2291 affirmare'se
1250 2220 1385 2285 nullate-

288 2339 345 2379 nus
364 2317 580 2401 episcopatum
601 2318 789 2396 desiderare,
811 2318 915 2380 subito
938 2317 1099 2398 episcopus
1121 2305 1385 2394 quemadmodum

199 2409 201 2414 ’
287 2421 324 2463 ex
345 2401 452 2483 stipite
474 2403 611 2488 quodam
643 2403 674 2465 iu
698 2403 835 2467 medium
865 2401 997 2463 iactatus
1025 2403 1166 2481 apparet.
1208 2393 1266 2456 iste
1287 2390 1384 2472 igitur

286 2482 472 2568 dogmatista
503 2496 536 2549 et
567 2486 790 2551 ecclesiasticae
818 2485 998 2569 discipliuae
1016 2491 1170 2583 patronus
1191 2498 1263 2540 cum
1283 2484 1384 2537 attra-

287 2568 364 2630 bere
391 2590 428 2629 ac
454 2591 608 2653 usurpare
636 2571 867 2655 episcopatum,
898 2571 953 2653 qui
976 2567 1035 2629 sibs
1056 2562 1189 2645 desuper
1209 2559 1297 2623 datus
1319 2577 1383 2619 nou

287 2652 401 2730 fuerat,
425 2652 602 2727 niteretur,
638 2655 716 2717 duos
748 2655 807 2716 sibi
827 2654 928 2715 socios
958 2648 1112 2733 propriae
1132 2644 1237 2706 salutis
1259 2644 1385 2725 ignaros

287 2734 400 2817 elegit,
424 2738 568 2821 quatinus
593 2736 639 2797 lris
671 2736 767 2798 missis
795 2736 828 2797 iu
856 2742 1010 2797 remotam
1040 2729 1145 2793 ltaliae
1155 2737 1290 2872 (partem
1310 2723 1385 2786 inde

288 2826 352 2879 tres
373 2819 534 2900 episcopos
556 2826 688 2901 agrestes
703 2828 736 2882 et
756 2818 993 2902 simplicissimos
1007 2816 1080 2877 licta
1093 2834 1154 2897 qua
1177 2834 1227 2873 um
1248 2810 1388 2872 circum-

289 2900 438 2963 ventione
458 2902 607 2967 seducere
629 2915 819 2981 counretur,
837 2900 989 2986 siquidem
1010 2900 1077 2983 ipse
1098 2914 1273 2961 asseverans
1296 2891 1384 2955 affir-

289 2984 397 3047 mabat
420 2994 571 3068 oportere
592 2986 658 3046 illos
681 2988 813 3049 Romam
834 3005 1025 3063 occurrere,
1049 3002 1113 3065 quo
1134 2988 1248 3042 cuncta
1270 2975 1387 3039 dissen-

290 3066 347 3144 sio,
370 3070 553 3150 quaefacta
574 3070 685 3149 luerat,
708 3093 770 3131 una
785 3091 858 3131 cum
878 3069 943 3130 aliis
965 3062 1242 3129 intervenientibus
1262 3060 1388 3143 episco-

186 3180 192 3195 ι
290 3150 338 3233 pis
361 3150 545 3215 solveretur.
587 3174 665 3236 quos
686 3154 932 3237 praevenientes,
952 3148 1043 3212 sicuti
1063 3146 1281 3231 praediximus,
1300 3142 1386 3205 circa

291 3234 501 3315 malignorum
520 3236 680 3298 molimina
711 3247 743 3299 et
764 3238 909 3321 figmenta
931 3233 1151 3317 simpliciores,
1172 3239 1205 3293 et
1227 3228 1389 3291 inclinatos

292 3338 312 3377 a
334 3318 518 3399 quibusdam
539 3318 598 3382 sibi
617 3322 767 3383 similibus
790 3332 821 3383 et
840 3319 974 3383 turbatis
993 3316 1181 3391 hominibus,
1202 3311 1283 3373 horn
1303 3306 1390 3372 dcci·

293 3401 469 3497 anebrios
490 3412 523 3465 et
541 3406 689 3487 crapulae
711 3404 844 3482 deditos,
868 3404 900 3465 vi
922 3402 1026 3485 coligit
1048 3397 1230 3483 imaginaria
1250 3392 1387 3480 quadam

294 3491 327 3546 et
349 3486 432 3545 suani
464 3508 570 3547 manus
604 3488 802 3571 impositione
834 3486 1049 3571 episcopatum
1070 3484 1127 3545 sibi
1149 3481 1299 3543 trdsuere.
1352 3494 1390 3539 ex

295 3566 408 3650 quibus
430 3575 532 3631 tamen
562 3592 640 3633 unus
663 3594 725 3633 nou
749 3583 822 3655 post
846 3572 979 3633 multum
1000 3568 1151 3630 remeavit
1170 3564 1210 3626 ad
1231 3560 1392 3625 ecclesiam

296 3648 403 3733 lugens
424 3660 457 3713 et
476 3654 625 3716 confitens
647 3668 812 3738 peccatum
832 3676 938 3729 suum;
968 3653 1020 3715 cui
1041 3660 1075 3713 et
1095 3646 1392 3713 communicavimus

200 3734 399 3813 potetates,
418 3756 483 3817 pro
506 3758 544 3799 eo
569 3736 757 3821 deprecante
776 3739 932 3816 universo,
953 3736 1009 3821 qui
1026 3736 1151 3812 aderat,
1176 3732 1306 3829 populo·
1351 3726 1394 3789 td

301 3817 370 3879 loca
393 3826 497 3881 autem
520 3822 551 3883 in
575 3823 687 3903 quibus
713 3822 827 3905 reliqui
849 3820 987 3905 episcopi
1016 3820 1141 3880 fueraut
1160 3812 1299 3877 ordmati
1319 3832 1393 3873 snc-
1510 3863 1511 3880 1

301 3922 434 3964 cessores
453 3905 683 3967 transmisimus.
704 3905 848 3969 defensor
869 3927 945 3990 ergo
965 3902 1116 3985 evangelii
1129 3899 1282 3963 nesciebat
1295 3916 1394 3957 unum

302 3985 483 4068 episcopum
497 4008 558 4051 esse
570 3997 721 4072 oportere
733 3990 765 4051 in
777 3990 930 4052 catholica
941 3988 1079 4064 ecclesia,
1100 3985 1132 4047 iu
1147 4006 1209 4069 qua
1223 4002 1287 4053 nou
1300 3981 1395 4063 58⁰0·

304 4067 396 4163 rabat
415 4072 614 4154 presbyteros
629 4092 691 4134 esse
704 4073 910 4157 quadraginta
929 4094 990 4152 ses,
1010 4070 1158 4133 diaconos
1177 4074 1308 4149 septem·
1320 4062 1397 4125 ⁸¹¹¹)-

305 4150 734 4240 dsaconosseptcm,acolytos
746 4156 1087 4241 duosetquadragiuta,
1106 4151 1274 4216 exorcistas
1288 4155 1397 4209 autem

305 4242 339 4299 et
359 4232 489 4301 lectores
511 4259 581 4302 cum
604 4240 736 4305 ostiariis
757 4242 811 4323 52,
831 4242 938 4306 viduas
957 4264 1031 4306 cuns
1051 4237 1170 4305 afflictis
1187 4254 1282 4321 supra
1304 4226 1397 4292 ¹05⁰·
