3050 4900
274 346 348 418 368
643 346 686 414 ill
715 345 994 414 Tffiortttnsn

273 519 337 586 tani
353 519 516 588 bonorum
538 514 660 601 partem
679 518 859 602 acciperet,
878 517 1024 602 precibus
1047 519 1168 603 agebat
1209 521 1366 606 repulsam

271 606 391 703 saepius
419 625 523 704 passa,
549 599 590 662 ad
621 603 750 700 amitam
777 603 907 700 direntit
936 604 1259 704 Constantinopolim,
1280 628 1364 691 quae

269 855 435 921 Pulcher-ia
457 854 540 916 diem
568 852 653 915 dicit
705 852 791 915 ndat
814 851 959 914 Athenais
980 875 1049 916 eam
1069 863 1263 918 venustatem
1285 857 1366 920 facie

270 940 458 1026 praeterens,
481 958 574 1020 quam
594 935 652 997 sibi
671 935 802 998 finxerat
814 935 1017 1013 Theodosius,
1040 958 1077 1000 ac
1095 950 1259 1028 praeterea
1279 939 1366 1001 litte.

271 1045 379 1086 ras-nm
400 1019 541 1083 omnium
557 1019 706 1102 copiam,
733 1021 789 1081 ubi
812 1038 872 1101 pro
893 1039 925 1082 ae
945 1021 1059 1098 oravit,
1077 1023 1117 1083 ad
1137 1025 1202 1086 eina
1221 1022 1365 1085 tribunal

269 1106 421 1189 exposuit.
462 1103 553 1186 plura
576 1101 698 1164 dioemi
719 1125 783 1165 nna
803 1103 915 1186 placet,
945 1125 1025 1186 quae
1048 1124 1112 1164 non
1135 1105 1231 1168 modo
1250 1106 1365 1168 foemi-

271 1211 400 1269 narum,
431 1188 585 1284 aedquae
605 1187 748 1285 virorum
770 1187 863 1249 etiam
885 1196 1070 1285 ornamenta
1089 1187 1258 1285 laudesque
1276 1189 1308 1250 in
1330 1211 1364 1252 se

268 1268 1365 1432 :ttlzttbttttttt„ttlttttlttl?tlttttt

268 1443 301 1501 in
322 1437 506 1501 Paiones-tas
533 1437 714 1498 thalamum.
769 1437 919 1518 ingressus
942 1437 1058 1499 iuvenis
1081 1440 1255 1520 imperator
1274 1439 1363 1502 Pau·
1492 1501 1496 1508 ,

268 1525 332 1586 lino
356 1521 471 1584 comite
492 1541 549 1604 per
571 1523 683 1603 velum,
702 1519 806 1582 velum
827 1520 909 1582 enim
930 1519 1033 1602 puella
1053 1521 1149 1583 oculis
1173 1521 1359 1602 obduxerat,

222 1670 226 1676 ,
267 1607 393 1686 furtim,
414 1607 550 1688 raptim,
571 1603 624 1666 sed
653 1613 772 1667 attente
790 1603 952 1686 conspicit,
994 1603 1116 1666 vultum
1139 1605 1203 1668 eius
1227 1625 1362 1686 omnem,

267 1711 305 1752 ac
324 1689 414 1750 simul
439 1690 469 1749 ia
489 1709 558 1750 eam
578 1687 726 1750 ardorem
744 1687 849 1747 animo
871 1687 996 1769 accipit,
1019 1708 1054 1748 ac
1079 1686 1204 1750 demum
1225 1690 1256 1752 in
1280 1711 1361 1750 con.

267 1773 352 1855 iugii,
378 1773 469 1847 vitae,
492 1780 525 1834 et
546 1770 670 1853 imperii
691 1770 886 1832 consortium
905 1771 1039 1833 assumit
1096 1771 1239 1835 Socrates
1265 1772 1317 1836 lib.
1339 1773 1360 1834 7

267 1879 334 1940 cap.
354 1861 406 1934 91,
427 1855 580 1938 Euagrius
603 1853 656 1917 lib.
682 1859 698 1920 1
722 1873 790 1936 cap.
813 1850 863 1915 20.

321 1966 325 1973 ⁴
352 1982 464 2057 130,1.
508 1976 666 2040 Eddoss'uv
686 1973 918 2056 μετωνόμασεν]
939 1977 1079 2041 Atticum
1100 1981 1275 2044 nominibus
1297 1981 1359 2044 im.

265 2063 417 2146 ponendis
446 2061 597 2124 disertum
625 2061 728 2123 multia
756 2061 900 2144 exemptis
931 2060 1070 2124 declarat
1094 2063 1238 2128 Socrates
1266 2065 1359 2129 tiu?
1448 2143 1455 2154 ι

268 2169 337 2229 cap.
357 2147 407 2224 25,
431 2148 473 2208 nit
496 2144 611 2206 mirum
634 2145 742 2228 itaque
763 2145 787 2204 si
809 2145 839 2206 in
863 2141 1003 2207 Eudocia
1026 2146 1207 2229 appellanda
1228 2145 1363 2236 eddo'an..¹

264 2251 330 2292 σεν.
372 2229 496 2291 concilii
517 2228 643 2291 Nicaeni
663 2248 764 2289 canon
778 2225 828 2290 30.
869 2228 1044 2290 Turrianac
1065 2229 1208 2294 editionis
1233 2234 1362 2294 nomina

266 2313 503 2376 Christianorum
524 2313 683 2373 νεοσπάσιν
703 2313 880 2396 scriptumne
901 2317 934 2372 in
956 2311 1100 2396 baptismo
1120 2317 1236 2400 ι’σιρσηί
1258 2317 1360 2378 iubet:

265 2419 359 2483 qnam
384 2398 463 2459 bcne
492 2391 622 2457 εὐδοκία
639 2395 811 2494 'utriusque
833 2395 1018 2539 testapnenti·
1032 2397 1150 2496 paginis
1169 2399 1277 2483 sapiat,
1301 2400 1361 2462 dc-

262 2480 870 2647 tzittaPlttfn‘tttlttl'tlm
901 2479 979 2542 '¹⁰⁰¹
1008 2501 1040 2541 ¹¹¹
1068 2492 1225 2567 mm
1244 2483 1360 2547 ¹⁰⁰²¹¹¹¹¹

346 2689 426 2753 trid.
453 2684 485 2747 4.
537 2680 688 2766 ἐγεννήθη
717 2682 999 2766 Ου’σλενπιννσνός]
1029 2708 1111 2750 anno
1142 2690 1277 2755 Honorii
1307 2690 1360 2769 25,

264 2768 500 2851 qui'lbeodosii
519 2770 699 2831 undecimus
720 2778 768 2831 eat
783 2770 992 2833 Valentiniani
1013 2773 1100 2834 tertii
1121 2773 1204 2837 diem
1225 2774 1359 2839 natalem

263 2852 437 2914 conscribit
458 2849 594 2927 idatius,
615 2872 710 2935 quem
729 2851 935 2937 Theophanes
963 2857 1114 2939 sequitur.
1155 2858 1295 2941 Prosper
1316 2858 1359 2923 ad

172 2989 176 2997 .
263 2956 379 2997 annum
399 2932 647 3017 praecedentem.

339 3056 431 3123 tttd.
455 3062 506 3124 11.
548 3076 567 3119 τ
613 3056 644 3119 δ’
663 3052 751 3143 σῦτῷ
773 3052 839 3123 ἔτει
860 3058 1024 3147 ἒγεννῇθη]
1057 3064 1229 3151 superfluus
1251 3071 1283 3129 et
1305 3067 1359 3129 in-

263 3142 346 3206 ntilis
367 3142 530 3225 scriptoris
551 3144 560 3204 Ι
602 3164 653 3205 or.

311 3240 328 3331 ”,
346 3252 427 3332 [bid.
452 3257 500 3319 15.
549 3242 672 3333 ἐσφάγη
701 3244 762 3332 πρὸ
789 3246 850 3314 τῶν
877 3247 1039 3335 τεσσάρων
1070 3252 1191 3335 νωνῶν]
1221 3257 1247 3319 si
1268 3266 1359 3327 serto¹

263 3336 331 3399 idus
352 3336 540 3397 Februarias
561 3334 602 3397 ad
623 3332 789 3417 imperium
812 3346 938 3399 vocatus
962 3346 1078 3421 quarto
1094 3362 1191 3402 nonas
1211 3342 1358 3423 Septem.

260 3420 356 3483 brilcs
377 3420 567 3482 interficitur
582 3418 778 3481 Constantius
799 3415 1008 3481 Valentiniani
1031 3431 1132 3505 pater,
1155 3426 1357 3487 anno'sbeo-

262 3502 341 3575 dosii
364 3502 551 3565 duodecimo
573 3502 697 3585 imperii
718 3502 848 3585 collega,
872 3504 968 3565 tertio
998 3503 1118 3568 decimo
1139 3504 1215 3569 lethi
1236 3508 1356 3591 praeda

262 3587 360 3649 factus
381 3594 436 3663 est,
458 3608 496 3649 ex
524 3586 660 3648 auctoris
692 3606 790 3647 annos
815 3608 832 3646 a
856 3586 1033 3669 Septembri
1053 3590 1242 3653 numerantis
1266 3613 1354 3655 cosn-

261 3680 361 3753 puto;
383 3669 457 3731 illud
480 3677 584 3731 autem
605 3679 667 3747 est,
689 3669 774 3753 quod
797 3668 911 3733 idatius
936 3670 1078 3751 affirmat,
1101 3694 1183 3735 anno
1207 3675 1356 3739 nimirum

261 3752 396 3821 lionorii
410 3748 458 3833 26,
479 3752 512 3813 in
522 3752 691 3815 Theodosii
712 3752 930 3815 duodecimum
954 3754 1110 3817 incidente
1127 3757 1249 3839 imperii
1275 3780 1356 3819 eon.

261 3839 395 3899 sortium
416 3834 578 3919 accepisse,
599 3856 636 3897 ac
656 3846 805 3933 sequente
826 3836 991 3899 Ravennae
1013 3838 1205 3903 defunctum.
1246 3840 1355 3905 eadem

262 3921 414 3983 scatentia
432 3919 581 4003 Prosperi
601 3918 724 3979 calculis
745 3927 854 4002 aperte
874 3920 1101 4005 manifestatur.

271 4081 274 4087 .
344 4036 426 4097 [tid.
451 4040 500 4104 18.
540 4034 619 4118 μηνὶ
643 4033 755 4116 east]
778 4034 882 4117 placet
908 4036 1004 4119 magis
1025 4038 1159 4100 aliorum
1180 4060 1238 4103 mss
1258 4040 1353 4105 lectio

260 4114 443 4285 2212?ng
477 4121 508 4198 ι’,
540 4130 573 4184 et
598 4120 707 4183 meanis
734 4117 842 4183 Thotis
879 4120 928 4185 die
962 4124 1000 4187 10
1039 4124 1212 4207 Augustalis
1244 4122 1353 4261 caedes
