3050 4900
523 379 576 442 llll
605 377 863 444 rflttoenlnn
1159 364 1228 442 141

149 546 314 630 Cappadox
334 555 368 610 ct
388 546 547 630 Helpidius
569 549 764 632 praepositus
786 550 970 612 annamenti
992 557 1026 612 et
1045 547 1098 611 alii
1117 545 1234 610 diversi

147 632 309 694 consilium
341 632 483 694 fecerunt
514 633 546 693 in
577 631 809 716 llippodrornio
838 633 976 698 Pbocam
1006 632 1182 711 occidendi,
1202 630 1336 704 etp-459

147 717 229 777 facto
249 715 385 798 prandio
418 716 605 779 Theodorus
637 723 812 800 praefectus
838 717 1034 800 praetorium
1065 717 1173 798 coepit
1192 714 1236 777 eis

146 809 252 862 texere
274 800 478 860 intentionem
497 819 592 860 suam.
635 802 768 884 contigit
788 810 893 863 autem
912 801 976 862 illic
995 800 1131 862 inveniri
1152 801 1236 860 Ana-

146 883 271 944 stasium
293 883 440 945 comitem
461 882 674 965 largitionum.
718 885 854 967 prandio
876 905 952 967 ergo
972 885 1067 964 facto,
1088 891 1235 946 stenar.

145 967 218 1028 ratis
239 965 286 1028 his
307 987 388 1050 quae
409 965 589 1028 insidiarum
610 976 710 1047 erant,
735 968 894 1049 poenituit
913 968 1105 1030 Anastasinm
1125 965 1188 1027 illic
1204 986 1237 1028 se

144 1057 318 1132 repertum,
343 1059 375 1110 et
396 1071 456 1111 non
476 1049 553 1110 dixit
573 1071 652 1134 qaae
673 1053 762 1114 cordi
784 1073 840 1112 suo
856 1052 989 1129 inerant,
1008 1049 1064 1114 sed
1085 1050 1179 1112 siluit.
1203 1059 1237 1110 at

144 1153 224 1196 vero
245 1132 405 1215 Helpidius
425 1133 631 1216 perdurabat,
645 1134 748 1198 dicens
770 1139 853 1196 “nou
875 1134 967 1198 vultis
988 1145 1034 1212 ut,
1056 1155 1128 1196 cum
1145 1132 1238 1194 sede-

144 1216 188 1277 rit
210 1215 243 1278 in
266 1217 344 1278 solio
366 1237 461 1299 super
490 1216 786 1300 Hippodromium,
801 1217 885 1281 hunc
913 1215 1185 1300 comprehendam,
1204 1225 1236 1280 et

143 1300 275 1364 evellam
303 1299 409 1364 oculos
443 1299 530 1380 eius,
564 1310 597 1366 et
627 1303 670 1364 sic
698 1323 771 1364 eum
792 1302 1018 1368 interficiens
1052 1312 1085 1365 et
1104 1300 1237 1384 pollice-

144 1383 243 1446 batur
263 1383 305 1446 eis
324 1383 401 1446 dare
424 1405 547 1447 curras.
603 1406 640 1448 re
667 1393 837 1469 propterea
858 1386 984 1448 Pliocae
1005 1392 1079 1452 nom
1101 1406 1137 1448 ex
1157 1405 1235 1467 pro-

144 1464 264 1530 ditione
276 1466 423 1528 Anastasii
440 1469 530 1547 lacta,
550 1465 637 1530 iussit
657 1470 893 1552 praefectumet
908 1468 1086 1551 llelpidium
1108 1487 1146 1533 ac
1165 1466 1237 1550 pri-

143 1571 259 1623 mores,
282 1550 337 1634 qui
356 1551 514 1615 sciverant
534 1572 610 1629 rem,
633 1573 704 1614 cum
726 1553 811 1614 omni
824 1551 985 1636 diligentia
1005 1549 1126 1614 discuti.
1148 1573 1236 1615 cotu-

145 1655 207 1718 que
221 1633 462 1712 discuterentur,
475 1655 555 1732 quae
570 1635 752 1698 insidiarum
770 1637 894 1698 luerent
914 1635 983 1698 sassi
994 1643 1076 1710 sunt,
1097 1644 1130 1696 et
1150 1633 1235 1716 quod

145 1717 352 1780 Theodorum
374 1716 534 1780 voluerant
552 1718 656 1782 facere
710 1720 870 1802 rincipem.
913 1739 1014 1801 porro
1033 1718 1154 1780 Phocas
1175 1718 1236 1778 ius-

143 1799 180 1862 sit
202 1799 354 1864 decollari
366 1800 571 1866 Theodorum
582 1802 673 1888 llelpi
697 1805 760 1866 'um
776 1803 968 1866 Anastasium
987 1812 1020 1866 et
1039 1822 1156 1884 omues,
1182 1801 1236 1886 qui

144 1883 269 1947 insidias
290 1905 357 1948 snas
378 1896 600 1968 cognoverant.

225 1983 334 2046 Mundi
355 2003 437 2046 anno
451 1981 544 2063 6102,
566 1985 688 2050 divinae
708 1985 931 2048 incarnationis
952 2006 1033 2047 anno
1056 1983 1129 2063 602,
1151 2005 1234 2046 anno

143 2067 1235 2216 ttmttttl.⁸¹¹².tltttltlttlt’nltlitmfflttli

143 2235 274 2382 patris,
306 2195 566 2380 quppiadmodnm
593 2235 708 2384 Pisidep
730 2175 1336 2383 fflsupquffffrliffilkffilbel'l'm

144 2340 701 2488 ..ttfttt..¹.,⁰titt¹'ttt.:.
744 2341 872 2477 aliia?
885 2341 1236 2488 p..⁸il..lii‘a.l¹¹¹li

142 2486 352 2569 Pentapolim,
372 2483 486 2549 habens
506 2507 610 2548 secum
630 2425 785 2571 populiim
797 2487 932 2549 multum
950 2488 1135 2569 pedestrem.
1177 2482 1233 2548 de-

140 2578 342 2655 sponsaverat
372 2580 476 2632 eutem
503 2570 662 2633 Heraclius
691 2568 864 2633 Endociam
892 2569 986 2631 filiam
1008 2568 1126 2651 -Rogati
1157 2568 1235 2646 Alri,

164 2676 226 2715 uae
249 2652 302 2715 illo
332 2662 476 2737 tempore
496 2652 770 2738 Constantinopoli
800 2664 870 2717 erat
888 2674 951 2715 una
971 2674 1043 2713 cum
1061 2650 1235 2736 Epiphania

142 2676 280 2800 loiselii
302 2745 411 2800 matre.
454 2738 581 2801 audiens
603 2749 706 2801 autem
728 2736 847 2799 Phocas
869 2734 958 2821 quod
976 2744 1078 2801 mater
1099 2734 1234 2798 Heraclii

140 2828 221 2883 esset
256 2820 289 2881 in
318 2820 465 2900 civitate,
484 2842 604 2885 necnon
635 2831 667 2884 et
686 2818 847 2899 Eudocia,
868 2840 948 2903 quae
973 2819 1032 2881 sibi
1052 2819 1155 2882 iuerat
1177 2820 1234 2882 de-

139 2912 309 2987 sponsata,
331 2902 432 2966 tenuit
461 2923 510 2966 ens
531 2912 562 2966 et
590 2904 767 2967 observavit
795 2904 827 2964 in
859 2901 1016 2965 dominico
1034 2903 1234 2980 monasterio,

163 2986 231 3049 uod
253 2986 494 3049 connominatur
515 3010 612 3049 novae
632 2984 857 3071 poenitentiae.
902 3008 973 3047 cum
987 2996 1092 3049 antem
1114 2986 1235 3049 adiisset

140 3008 311 3133 lleracliu}
328 3070 495 3155 Abydum,
523 3070 639 3133 invenit
664 3071 872 3133 Theodorum
901 3070 1048 3132 comitem
1069 3070 1180 3155 Abydi,
1202 3080 1235 3133 et

140 3154 313 3215 sciscitatus
344 3152 454 3215 didicit
481 3153 520 3216 ab
541 3174 579 3216 eo
612 3176 693 3238 quac
713 3152 986 3235 Constantinopoli
1015 3153 1234 3215 movebantur.

141 3247 175 3300 at
200 3257 278 3299 vero
301 3236 419 3298 Phocas
438 3237 522 3300 misit
543 3238 675 3299 fratrem
695 3258 785 3298 suurn
796 3236 1034 3299 Dementiolum
1053 3236 1234 3319 magistrum

139 3318 180 3381 ad
203 3318 423 3382 custodiendos
453 3340 558 3382 muros
587 3320 705 3404 longos.
756 3340 890 3403 cumque
911 3317 1111 3401 comperisset
1132 3319 1234 3381 llere.

140 3404 240 3465 clinm
262 3403 406 3487 Abydum
426 3403 542 3481 adiisse,
562 3404 659 3466 muris
681 3402 807 3467 dimissis
828 3404 906 3486 fugit
921 3402 1234 3484 Constantinopolim.

139 3508 245 3569 porro
269 3486 428 3549 Heraclius
450 3506 465 3548 e
489 3488 533 3549 ud
554 3487 698 3573 Abydum
727 3486 848 3569 recepit
869 3508 974 3548 omnes
997 3486 1096 3548 exules
1113 3481 1236 3569 princi.

140 3570 443 3716 raiatia
462 3508 927 3717 laiseinais}
946 3570 1236 3714 scaettae

139 3743 269 3821 ceptum
299 3700 501 3821 stemma'ab
535 3676 660 3801 eldclesia
681 3746 806 3799 sauctae
838 3674 887 3799 lli
907 3675 1073 3819 genitrici?
1089 3734 1234 3799 Heraclio

140 3818 265 3882 detulit.
308 3830 479 3903 propterea
501 3843 572 3883 cum
588 3819 891 3901 Constantinopolim
912 3820 1109 3901 pervenisset,
1126 3819 1235 3881 diver.

141 3904 186 3965 tit
206 3900 247 3963 ad
265 3912 396 3986 portum
415 3902 573 3989 Sophiae3
604 3905 746 3988 initoque
764 3904 849 3965 bello
876 3903 974 3964 vincit
996 3902 1096 3986 gratia
1119 3901 1234 3965 Christi
1242 3907 1330 3980 nest

141 3996 328 4069 tyranuum.
370 3988 478 4073 vulgus
499 3998 603 4051 antem
625 3989 709 4051 hunc
729 3986 989 4070 comprehensum
1009 3984 1236 4049 interfecerunt

144 4078 179 4131 ct
200 4071 271 4152 igne
290 4070 375 4155 apud
396 4072 695 4135 Boicremaverunt.
736 4071 887 4153 ingressus
907 4089 984 4131 vero
1004 4067 1164 4130 Heraclius
1185 4091 1237 4132 re-

144 4152 227 4235 galia
247 4166 418 4219 coronatus
438 4165 484 4219 est
514 4170 533 4218 t
554 4154 664 4237 Sergio
685 4152 867 4238 patriarcba
898 4155 930 4214 in
952 4151 1095 4215 oratorio
1115 4153 1147 4214 S.
1165 4152 1236 4215 Ste-

143 4236 242 4317 phani
262 4240 294 4301 in
324 4239 443 4325 palatio
464 4237 533 4301 sito.
576 4248 729 4303 coronata
760 4246 807 4302 est
825 4256 903 4301 vero
924 4234 1033 4300 eadem
1052 4234 1103 4301 dis
1125 4254 1236 4321 sponsa
