3050 4900
139 351 141 357 Ι
224 236 299 332 sno
378 266 590 333 susarasn
621 264 818 331 nrsroan
854 265 1164 334 summissuros

224 438 307 499 niam
326 446 565 521 perpetrarunt,
587 436 834 501 bosSalebimast
855 448 1006 519 praetore
1029 438 1174 500 ducente.
1217 456 1320 521 porro

224 523 395 583 Anastasius
418 522 715 604 pseudopatriarcha
747 532 855 583 tenens
876 521 1062 583 honoranda
1084 530 1116 583 et
1137 520 1256 583 vivifica
1279 522 1318 582 li.

222 626 293 687 gna,
314 606 427 667 iuravit
447 608 566 687 popolo
590 606 694 667 dicens
716 610 797 687 “per
816 627 887 666 eum
909 606 962 688 qui
986 607 1016 667 iu
1040 606 1112 687 ipsis
1132 604 1236 665 allisas
1257 614 1316 683 cst,

222 687 267 749 sic
288 688 363 750 mibi
389 690 697 751 demonstratiuae
720 689 894 770 imperator
907 708 1095 766 asseverans,
1118 709 1158 750 ne
1178 687 1318 750 aestimes

223 772 321 835 filium
337 772 388 833 dei
403 794 465 835 esse
486 794 556 833 eum
575 794 666 856 quem
690 771 815 855 peperit
832 771 931 832 Maria
951 773 1071 855 quique
1093 770 1210 832 dicitur
1223 770 1318 833 Clari.

200 864 296 932 atas,
318 854 371 917 sed
402 877 517 941 parurn
548 854 719 917 hominem.
761 855 862 917 Maria
892 854 974 916 enim
996 878 1068 918 eum
1090 855 1216 937 peperit
1238 855 1318 917 sicat

224 960 286 1085 ΕΞ,
294 939 419 1022 peperit
439 947 539 1001 mater
558 960 625 1001 mea
650 940 781 1003 Maria.”
821 948 854 1002 et
876 946 952 1001 tane
976 940 1075 1002 omnis
1093 938 1228 1023 populas
1248 960 1317 999 ma-

278 1022 331 1085 'xit
352 1020 389 1084 ei.
986 1045 990 1049 ·

307 1128 415 1191 Mundi
434 1152 515 1190 anno
536 1124 629 1197 6934.
650 1128 773 1193 divinae
795 1128 1016 1194 iucarnationis
1037 1152 1119 1191 auno
1141 1123 1213 1207 734,
1235 1118 1318 1195 anuo
1520 1187 1521 1212 p

225 1234 303 1276 vero
327 1213 449 1296 imperii
462 1214 657 1275 Constantini
679 1214 827 1290 secundo,
848 1216 902 1298 qni
913 1216 1129 1276 Romanorum
1150 1213 1318 1295 imperinm
1396 1238 1404 1250 ·
1520 1245 1521 1300 3

223 1297 335 1376 tenuit,
355 1306 499 1359 mortuus
521 1307 567 1361 est
589 1298 693 1359 Hiram
716 1298 854 1360 Arabum
875 1296 947 1359 dar.
972 1296 1024 1358 hic
1044 1294 1232 1359 sanctissima
1251 1302 1317 1358 An.

224 1378 370 1443 tiocbena
402 1382 528 1443 ccclesia
558 1402 616 1463 per
639 1400 736 1441 annos
770 1380 976 1463 qnadraginta
1004 1380 1130 1442 viduata
1161 1391 1317 1458 manente,

224 1463 463 1548 prohibentibus
492 1464 559 1527 fieri
588 1462 800 1545 patriarcham
826 1463 996 1545 Arahihns,
1017 1462 1049 1525 iu
1072 1462 1179 1524 eadem
1199 1462 1318 1525 habeus

226 1546 381 1633 quendam
410 1547 649 1609 amantissimum
679 1546 868 1609 monacham
895 1546 1010 1631 Syrum
1038 1546 1164 1609 nomine
1184 1546 1320 1645 Stepha-

227 1654 315 1709 num,
339 1632 540 1713 agrestiorem
571 1628 698 1715 quidem
725 1630 778 1693 sed
801 1630 997 1713 religiosum,
1026 1630 1113 1691 iubet
1134 1630 1165 1691 in
1189 1630 1322 1693 Oriente

250 1714 336 1777 ositis
357 1714 556 1789 Christianis,
588 1712 613 1773 si
642 1713 756 1777 vellent
779 1714 921 1797 permitti
950 1712 1010 1775 sihi
1029 1713 1242 1796 patriarcham
1263 1712 1320 1775 ha.

166 1734 486 1943 ⁶⁴¹ian,aas
502 1794 719 1943 salsas
740 1794 1320 1963 alteruissalaritiis

132 1906 152 1963 P
228 1986 290 2049 que
312 1964 461 2027 discurrit
482 1963 547 2025 sine
566 1963 784 2051 prohibitione
802 1929 979 2026 buiusmddi
1002 1962 1082 2033 lieri.

308 2070 427 2133 Eodem
450 2092 533 2135 anno
554 2072 694 2133 obtinuit
715 2070 830 2133 Vhalid
856 2071 936 2135 filius
958 2072 1053 2135 Hisau
1073 2070 1211 2133 Arabum
1232 2071 1322 2155 prin·

223 2154 435 2301 lltlsal‘}
452 2152 1321 2317 lilithlllrlllflfflstllsllla

224 2322 371 2385 auxilium
392 2332 576 2407 quaerentes
597 2260 734 2419 utriqgue·
774 2260 1022 2405 porrosspluriae
1044 2321 1181 2419 defectus
1201 2330 1235 2385 et
1255 2332 1320 2385 ter·

214 2428 279 2490 'rae
300 2415 402 2470 motas
431 2428 489 2490 per
522 2406 591 2468 loca
611 2406 684 2468 faeta
704 2416 796 2484 sunt,
819 2404 863 2468 ita
893 2416 929 2468 at
949 2413 1070 2468 montes
1089 2413 1257 2470 unirentur
1280 2404 1321 2468 ad

225 2489 357 2554 invicem
379 2512 438 2573 per
460 2511 601 2554 eremum
620 2491 751 2574 sabbae
766 2501 799 2555 et
829 2489 954 2554 castella
971 2490 1029 2552 sub
1054 2499 1172 2568 terram
1193 2490 1321 2554 immer-

224 2585 374 2658 gerentur
395 2575 552 2656 absorpta.

307 2681 428 2742 Eodem
459 2703 536 2742 vero
570 2703 652 2743 anno
676 2683 800 2742 Cosmus
827 2675 1030 2743 Alexandriae
1051 2681 1233 2764 patriarcba
1255 2701 1317 2742 aaa

224 2785 296 2826 cum
318 2773 384 2826 tota
400 2763 525 2826 civitate
548 2787 565 2824 a
588 2765 868 2828 monothelitarum
888 2763 1059 2826 cacodoxia
1084 2764 1240 2827 rediitad
1261 2785 1321 2825 or·

226 2847 415 2920 thodoxiam,
437 2868 507 2908 curn
530 2847 676 2910 tenuisset
696 2869 713 2908 a
737 2849 832 2932 Cyro,
854 2847 910 2934 qni
940 2848 998 2910 aab
1020 2849 1166 2911 Heraclio
1189 2846 1320 2910 Alexan·

225 2931 315 2992 driae
345 2930 524 3012 patriarcha
549 2931 618 2990 fuir.
660 2951 761 3012 porro
791 2931 964 2994 exercitum
987 2933 1088 2994 morit
1112 2936 1229 2994 Gamer
1247 2953 1319 2992 eum

224 3013 365 3076 Arabum
386 3012 587 3074 multitudiue
607 3023 718 3074 contra
733 3015 930 3089 Romanum,
949 3023 982 3078 et
1002 3015 1108 3077 maltis
1129 3015 1161 3076 iu
1183 3014 1321 3095 captivi-

225 3107 321 3160 tatem
344 3095 483 3160 abductis
504 3117 645 3158 reversus
665 3108 722 3168 est,
746 3107 778 3159 et
798 3099 945 3181 apparuit
973 3099 1094 3182 signum
1117 3098 1150 3159 in
1172 3099 1259 3160 caclo
1280 3095 1321 3158 ad

223 3179 402 3264 aquilonem
424 3201 528 3243 mense
542 3180 640 3241 iussio.
684 3180 797 3243 Vhalld
820 3191 925 3244 autem
945 3183 1078 3244 Petrum
1096 3181 1320 3244 sanctissimam

224 3263 457 3346 metropolitam
467 3265 607 3326 Damasci
630 3263 733 3347 lingua
752 3265 890 3327 mutilari
910 3267 1072 3348 praecepit
1094 3275 1241 3349 tauquam
1263 3287 1318 3326 ar-

223 3355 369 3430 guentem
399 3349 501 3429 palam
532 3349 670 3410 Arabum
700 3359 732 3411 et
753 3348 1007 3412 Manichaeorum
1035 3350 1267 3432 cognationem,
1286 3357 1320 3410 et

223 3429 343 3494 exulem
371 3451 466 3513 penes
496 3431 614 3494 felicem
649 3432 799 3494 Arabiam
829 3433 922 3510 fecit,
951 3432 1005 3494 ubi
1036 3441 1069 3496 et
1097 3435 1237 3494 moritur
1256 3454 1319 3516 pro
1374 3443 1378 3448 ’

224 3514 350 3576 Christo
382 3513 537 3598 martyrio
566 3525 735 3596 percepto,
772 3537 843 3577 cnm
874 3517 1042 3598 expressius
1072 3515 1190 3577 divinas
1217 3517 1321 3576 misem

223 3597 465 3678 pronuntiasset,
485 3599 565 3660 sicut
578 3599 666 3660 liuius
682 3599 728 3660 rei
744 3608 923 3661 narratores
938 3601 1037 3676 aiunt,
1059 3601 1158 3683 quise
1177 3600 1318 3682 propriis

129 3680 485 3762 p.6t2auditihussuper
502 3683 562 3744 hoc
581 3683 754 3744 satisfactos
771 3704 834 3744 ease
852 3683 1002 3746 fatentur.
1031 3682 1121 3745 huius
1143 3681 1319 3744 aemulator

227 3774 259 3825 et
280 3765 468 3848 aequivocus
476 3765 587 3827 Petrus
598 3763 682 3847 apud
692 3766 859 3827 Maiumam
873 3765 986 3830 eisdem
1001 3767 1197 3848 temporibus
1215 3775 1321 3826 osteu-

225 3869 275 3908 sus
295 3857 341 3910 est
361 3869 422 3929 pro
436 3846 559 3909 Christo
580 3855 702 3930 martyr
723 3849 894 3925 ultroneus,
919 3848 1070 3932 languore
1093 3847 1244 3933 siquidem
1265 3847 1320 3909 de·

226 3939 329 3993 teatau
346 3930 501 4012 primores
512 3931 650 3994 Arabum
664 3931 837 4008 advocarit,
851 3942 964 4016 utpote
977 3934 1163 3994 assuefactos
1177 3931 1237 3994 sihi
1248 3953 1320 3992 cum

226 4013 434 4076 chartularius
457 4025 534 4077 esset
559 4023 591 4076 ct
612 4013 738 4096 publiea
760 4017 880 4077 tributa
903 4017 984 4078 facta
1003 4016 1129 4078 ratione
1146 4016 1318 4091 conferret,
1375 4073 1383 4088 ,

226 4107 259 4161 et
279 4097 323 4161 ait
343 4095 382 4160 ad
396 4097 464 4162 illos
485 4097 681 4164 “merccdem
704 4097 830 4183 quidem
850 4121 913 4185 pro
936 4100 999 4164 anei
1020 4100 1198 4165 visitatione
1218 4121 1235 4162 a
1256 4098 1318 4163 deo
