3050 4900
606 341 755 407 NOTAE.
1148 342 1220 408 517

216 508 287 587 587,
311 510 339 573 1.
381 506 439 588 τη“ν
461 510 623 589 Μισθιαν]
647 512 688 572 ita
709 513 855 595 profecto
877 505 1047 597 tegendum,
1065 516 1222 595 Μηδείας,

138 596 245 657 vitiata
267 592 349 677 apud
372 592 584 677 Nicephorum
613 596 706 657 lectio
730 597 910 659 reiiciende.
952 596 1034 673 μετὰ
1054 598 1090 657 δὲ
1110 599 1221 676 ταῦτα,

85 742 95 757 ‚
136 678 293 743 recensitis
318 677 464 739 nimirum
486 678 652 759 Butgaricis
681 680 864 756 incursibus,
904 676 1014 741 καὶτὸ
1033 679 1096 741 ταῖν
1115 681 1221 758 Σαρα-

131 762 233 843 τιηναῑν
252 754 346 831 ἔθνος
364 761 427 820 τοῖν
442 753 609 830 Ῥωμαίων
631 762 781 823 κατέθεον
799 757 926 842 χώραν·
955 761 1011 823 κατ’
1029 756 1220 824 τὰπλεῖστα

129 845 213 925 μέρη
235 842 460 921 διατρέχοντες,
481 846 629 923 πλείστην
659 839 736 925 ὅσην
761 842 884 926 βλάβην
914 842 1091 925 ἀνθρώπων
1110 865 1143 906 τε
1167 842 1227 905 κατ’

131 926 249 1007 κτηνῶν
270 925 449 987 ἑσσοῦνται
499 922 557 1007 την
588 947 621 987 τε
650 926 800 1007 Μηδείαν
833 924 888 987 κατ’
918 924 1009 1002 ἕτερα
1042 928 1219 1003 πολίσματα

130 1005 501 1086 συμπαραλαμβάνουσι·
556 1008 709 1071 Misthinm
730 1012 906 1095 Lycaoniae
935 1014 1044 1073 urbem
1068 1034 1104 1073 ex
1122 1012 1219 1072 Orte-

130 1090 175 1154 lio
197 1090 291 1153 dubie
312 1090 472 1174 loquente,
495 1102 584 1155 corto
608 1094 765 1155 coniicies.

203 1206 309 1305 ‘Ibid
332 1205 379 1268 13.
401 1206 435 1268 dr
455 1206 491 1271 δὲ
511 1208 553 1293 τῷ
565 1206 811 1309 μεσημβρίζειν]
832 1208 1034 1308 ῌίοορὴονυε,
1056 1209 1103 1281 εἰς
1121 1201 1219 1269 ἔτινον

8 1294 14 1301 “
131 1310 212 1353 κατα
233 1310 290 1353 τον
308 1288 524 1373 μεσημβρινὸν
543 1314 595 1373 της
615 1286 734 1373 ἡμέρας
755 1312 868 1372 ναιρον
892 1294 1051 1374 deponere.

213 1388 291 1450 thid.
306 1388 354 1449 15.
398 1388 645 1469 upmroorpa'rmp
657 1389 715 1451 τοῦ
723 1386 880 1469 Ὀψικίου]
902 1392 1023 1453 comitis
1044 1389 1123 1451 itlius
1147 1390 1218 1451 the.

131 1470 218 1617 ppatlis
239 1482 407 1535 stratorem
425 1474 562 1556 primum
582 1476 732 1575 concipe:
761 1472 926 1557 dnqpsrro‘r
944 1496 1017 1537 τινα
1037 1474 1142 1557 posuit
1161 1474 1218 1537 Ni-

168 1578 296 1639 prorus.

216 1656 296 1720 lbr'd.
322 1654 370 1717 17.
409 1654 564 1736 τοξοτῶν]
585 1656 798 1740 Nicephorus,
819 1656 1031 1737 crporroirmr.

214 1769 286 1847 588,
308 1770 334 1833 1.
376 1770 421 1843 εἰς
442 1767 475 1833 τὸ
495 1767 698 1852 σ’ρνατοιῖριον
721 1772 784 1834 τῶν
803 1770 988 1855 Πρασίνονν]
1013 1772 1158 1853 miscella,
1173 1772 1219 1833 ad

130 1856 294 1915 emtoriwn
323 1854 537 1917 Prasinorum.
587 1854 761 1933 Cedrenus,
793 1854 839 1927 εἰς
869 1851 906 1917 τὸ
934 1852 1135 1933 ἁρματυόριον
1152 1854 1217 1917 τῶν

131 1938 317 2017 Πρασίνων,
339 1938 387 1999 ad
405 1938 601 2000 Prasinorum
628 1942 839 2001 armatorirms.
869 1932 999 2017 ἅρματα
1020 1960 1096 2001 vero
1116 1937 1214 1998 dictio

131 2040 202 2081 eum
224 2030 414 2082 currustnm
433 2045 530 2098 arma,
551 2022 627 2085 haec
648 2024 834 2100 recentiore,
858 2023 926 2083 ilios
949 2023 1076 2104 antiqno
1097 2022 1215 2104 signiti-

131 2102 221 2165 cendi
243 2104 465 2169 consuetudine
487 2107 624 2182 referat,
647 2107 753 2167 locum
775 2126 838 2189 quo
864 2106 1064 2167 Prasinorum
1086 2104 1217 2187 qusdri.

131 2208 196 2289 pue,
220 2187 269 2248 vel
289 2210 375 2249 erma
396 2195 428 2249 et
448 2198 630 2250 ornamenta
653 2189 692 2250 ed
702 2192 858 2251 Circenses
879 2210 991 2268 agones
1012 2189 1215 2271 parabantur,

130 2270 340 2351 αρματοᾰριον,
361 2269 409 2333 νο1
430 2263 634 2350 ὄρνυτοὺριον
656 2272 819 2334 indicabit.

214 2369 300 2433 Ibid.
324 2366 356 2433 4.
398 2362 415 2430 ὃ
438 2370 723 2451 πρωτοασηνρῆιις]
743 2368 950 2453 Nicephorus,
972 2364 1217 2449 ἀναγορεύουσιν

131 2452 176 2523 εἰς
195 2451 328 2532 βασιλέα
345 2451 510 2531 Ἀρτέμιον
545 2453 739 2514 esttamen
766 2455 983 2534 Γραμματὲα,
1005 2449 1061 2526 οὓς
1081 2452 1120 2534 τῇ
1138 2448 1215 2514 Ἰτα-

130 2537 194 2598 λιόν
214 2539 302 2620 φωνῇ
322 2537 470 2600 καλοῦσιν
500 2534 678 2616 α’σηιρῆτις.

211 2635 282 2716 589,
304 2637 333 2699 5.
374 2635 624 2714 τοξοβολίσιρας,
646 2629 701 2696 καί
719 2637 890 2716 τεραραίας
909 2633 955 2705 εἷς
976 2630 1049 2706 τούς
1068 2627 1214 2710 πύργους,

130 2717 187 2780 καί
204 2715 408 2803 μαγγανικά]
431 2721 567 2802 primum
596 2717 724 2781 historia
757 2719 888 2780 miscello
915 2717 1035 2793 reddit,
1058 2715 1213 2777 arcobaii.

127 2813 197 2874 stas,
218 2803 342 2865 secundi
368 2803 436 2866 vice
466 2803 615 2866 Meursius
646 2809 839 2882 πετραρεῖιι,
861 2803 926 2864 sive
944 2799 1118 2880 πετραρέας
1138 2819 1213 2880 sup·

128 2885 237 2966 ponit:
275 2885 403 2947 tertium
434 2886 626 2970 Nicephorus
656 2887 805 2969 exponit,
841 2879 1057 2966 νιολεμητὴρια
1079 2875 1212 2962 ὄργανα·

127 2969 166 3030 de
188 2969 314 3053 reliquis
338 2969 418 3030 idem
440 2969 655 3036 consulendus.

142 3090 148 3102 ·
207 3075 289 3138 leid.
309 3076 339 3138 8.
388 3071 498 3156 ὥρεῖα]
531 3075 749 3157 Moschopulus
779 3075 862 3158 opud
894 3075 1073 3149 Meursium,
1091 3065 1213 3153 αἶρεῖον,

126 3153 162 3218 τὸ
182 3158 384 3241 σιτοδοχεῖον,
404 3162 552 3220 horreum.
574 3160 729 3220 consentit
747 3160 889 3223 miscetis.
1304 3235 1308 3242 ¹

208 3265 288 3327 Ibid.
304 3255 360 3328 ¹13.
402 3265 447 3350 τῷ
469 3266 499 3327 d'
514 3261 600 3352 αὐτῷ
615 3267 750 3353 δευτέρην
773 3261 835 3328 ἔτει
853 3263 908 3348 τῆς
925 3263 1087 3342 βασιλείας
1103 3259 1213 3340 'Apre-

122 3349 212 3426 μιόυ]
237 3349 266 3410 in
290 3373 405 3412 annum
424 3351 552 3411 Artemii
572 3351 718 3431 primurn,
739 3373 874 3433 eumque
896 3351 1053 3410 ineuntem
1073 3354 1211 3406 tantum-

124 3433 220 3493 modo
242 3435 389 3494 Germani
416 3435 447 3493 in
470 3433 620 3494 thronum
648 3435 710 3495 ΟΡ.
743 3432 976 3495 transtatiouem
999 3430 1211 3511 reponendam

123 3525 284 3598 sequentes
306 3519 441 3578 rationes
477 3519 603 3578 docent.
661 3517 690 3577 1.
720 3539 802 3576 anno
823 3518 933 3578 Leonis
961 3515 1082 3574 decimo
1104 3513 1210 3588 tertio,

124 3599 295 3662 indictione
318 3599 372 3679 13,
395 3608 466 3681 post
496 3622 592 3661 annos
623 3601 822 3682 pontificatus
845 3597 1102 3683 quatuordecim,
1127 3617 1213 3656 men.

123 3705 169 3746 ses
189 3683 349 3768 quinque,
372 3692 404 3744 ct
425 3684 487 3744 dies
515 3693 591 3760 tres,
613 3689 803 3746 Germanum
836 3683 907 3744 sede
935 3681 1095 3763 depulsum
1110 3679 1212 3740 verbis

125 3789 220 3850 <poam
242 3769 356 3850 apertis
379 3765 516 3828 declarat
536 3767 741 3849 Theophanes
764 3767 804 3828 ad
826 3788 941 3826 annum
963 3765 1071 3826 Leonis
1091 3763 1213 3844 praefa-

126 3860 214 3929 tum,
241 3862 274 3914 et
309 3873 343 3913 ex
377 3871 414 3912 eo
443 3851 615 3911 Anastasius
645 3851 756 3912 hahet:
787 3872 905 3910 εαιιιιιεο
935 3850 1106 3910 sacerdotio
1125 3847 1211 3921 surr-

124 3947 186 3995 ctns
217 3941 285 4007 (est
312 3937 506 4012 Germanus)
534 3937 621 3995 σαντίσ
656 3929 709 4012 14,
742 3957 853 3995 rnenses
878 3935 917 4010 5,
944 3927 1107 4006 diedesi,
1139 3925 1210 3985 enni

124 4039 200 4078 vcro
223 4019 264 4078 ἰΙΙὶ
286 4019 349 4080 dies
378 4027 410 4079 et
437 4039 551 4079 menses
581 4041 598 4076 a
628 4017 761 4078 ianuarii
795 4017 845 4077 die
866 4017 1016 4100 septimo,
1038 4021 1073 4072 ut
1097 4011 1210 4070 ibidem

123 4101 462 4184 scribitTheophance‚
489 4103 534 4162 vet
565 4111 600 4160 ut
623 4102 804 4173 Anastasius,
826 4098 845 4157 7
879 4101 946 4158 idus
971 4096 1133 4171 ianuarias,
1156 4094 1209 4176 qui

125 4185 156 4246 in
181 4187 313 4250 eundem
335 4186 463 4260 incidit,
486 4197 517 4246 et
544 4205 607 4268 quo
629 4187 801 4245 Germanus
823 4191 1057 4256 exauctoratus,
1090 4199 1211 4241 sursum
