3050 4900
627 366 777 436 NOTAE.
944 389 949 399 ·
1168 367 1240 441 397

242 534 312 614 193,
340 535 391 597 11.
430 529 493 598 οὖν
509 532 636 615 γυναιξὶ
652 534 709 600 soi
733 537 862 620 τέκνοις]
891 541 997 604 condi
1025 540 1115 605 codd.
1136 543 1243 628 legunt

158 619 284 702 γυναιξὶ
302 639 466 681 nnmerum
484 620 700 682 multitudinis.

176 763 180 771 '
241 742 329 809 leid.
356 743 404 805 15.
445 743 481 805 ἐν
497 743 543 888 ogi
563 743 675 829 σὲνσιρ]
696 746 730 805 in
752 745 841 824 seila,
862 763 915 807 sen
934 745 1070 808 sessionis
1088 723 1169 810 ioco.
1189 771 1242 812 sn.

158 847 219 910 pra
240 829 354 889 etenim
374 827 513 906 οογιιάθε
534 847 589 905 ρον
610 829 734 890 eierare
751 829 837 891 Zeno
858 831 1056 912 promiserat.
1099 841 1173 894 noto
1192 855 1242 898 se-

151 923 257 996 'quens
280 912 385 972 iocum
406 911 519 972 clarius
542 909 687 995 illustrat.

236 1017 318 1080 Ibid.
339 1017 389 1082 91.
436 1011 558 1100 ἐσφάγη
579 1013 625 1091 εἷς
643 1010 698 1100 τήν
721 1017 869 1103 κοχλίαν]
893 1039 928 1082 er
949 1017 1090 1082 chronici
1111 1022 1242 1085 hieran..

157 1100 242 1162 drini
260 1102 361 1163 verbis
383 1101 424 1162 ad
445 1099 640 1162 Constantini
662 1121 777 1162 annum
808 1099 849 1164 93
882 1105 980 1166 iucem
1000 1103 1076 1164 haec
1093 1113 1241 1167 mutuan.

154 1193 222 1282 tpr.
264 1177 419 1247 ιιαλιίτιον
445 1182 527 1264 μέγα
553 1184 679 1266 ἐποίησα
699 1184 830 1284 scirpulos
856 1187 912 1246 τοῦ
932 1180 1060 1246 ἱππικοῦ
1082 1187 1163 1270 (καί)
1186 1187 1243 1270 τὴν

156 1264 272 1328 ανοδον
305 1264 367 1328 sind
396 1265 455 1327 rosi
479 1267 634 1328 noicuho
661 1265 707 1338 εἷς
728 1286 763 1328 ro
794 1260 939 1346 xieeopa
961 1269 1016 1329 rosi
1036 1263 1167 1334 ἱππικοῦ
1188 1267 1242 1335 διὰ

156 1349 213 1411 τοῦ
232 1348 399 1430 λεγομένου
422 1347 562 1427 κοχλίου.
581 1354 699 1432 Qum
719 1351 856 1434 amplam
873 1352 1018 1435 proxime
1037 1355 1148 1414 cneum
1168 1375 1242 1417 ιονι-

154 1431 246 1510 dide,
273 1447 303 1494 et
329 1454 480 1494 ascensum
507 1455 528 1494 α
543 1435 663 1518 palatio
689 1434 724 1495 in
739 1436 814 1495 circi
840 1435 974 1496 tribunal
997 1435 1119 1520 (σε’νοοι
1142 1457 1243 1520 nuper

153 1513 286 1596 dictum)
305 1539 365 1613 per
382 1520 517 1598 spatium
536 1515 684 1578 cochleam
696 1529 833 1580 wranam
851 1519 995 1580 extruxit.
1038 1517 1076 1578 ad
1099 1517 1242 1582 chronici

152 1597 350 1662 Alexandrini
371 1599 466 1660 instar
488 1599 556 1662 Pal.
576 1599 669 1662 Barh.
692 1607 725 1662 ct
755 1601 885 1685 Peyrez.
907 1599 1001 1663 codd.
1026 1602 1166 1662 scribunt
1185 1599 1243 1666 τόν

152 1684 294 1760 κοχλίαν.
335 1704 371 1745 ex
395 1679 475 1744 iiiiu's
506 1703 606 1766 porro
629 1683 818 1746 auctoritate
836 1681 1045 1746 iocnm'hunc
1065 1695 1165 1747 totum
1188 1685 1241 1746 in-

155 1765 290 1865 terpoio3
319 1761 444 1866 iopcipp
473 1765 518 1839 εἰς
540 1765 596 1829 τὸν
613 1769 745 1848 κοχλίαν
766 1767 824 1832 sori
849 1767 1006 1830 nciorioo
1030 1761 1065 1844 te
1085 1763 1241 1852 α’νὴρχετο

153 1847 199 1922 εἷς
218 1869 252 1912 το
275 1851 494 1930 ιιινιοδρομιον.

237 1950 311 2037 194,
331 1954 359 2018 6.
401 1953 638 2040 ἐχειροτονήθη]
662 1957 747 2020 iocus
771 1956 984 2040 interpolatus.

233 2081 314 2144 ibid.
332 2080 379 2145 19.
420 2081 544 2162 ἐγένετο
562 2080 692 2161 σεισμὸς
705 2075 855 2183 φοβερός]
877 2083 907 2142 in
923 2103 1037 2144 annum
1056 2081 1187 2146 Zenonis
1202 2081 1242 2148 13

153 2167 316 2230 submovet
338 2165 512 2228 chronicon
533 2164 676 2227 Alexand.
701 2167 829 2246 οπαθεν,
858 2167 969 2250 inquit,
992 2159 1053 2226 oiuo'
1072 2165 1242 2248 θεομηνιάς

154 2249 287 2328 σεισμοῦ
307 2251 388 2311 ΚΠ.
418 2245 455 2309 ro'
477 2243 625 2330 ticinense
651 2247 750 2329 αὕιῆς
770 2244 872 2322 πάθος
900 2245 978 2330 μηνὶ
997 2248 1028 2308 Γ
1026 2251 1160 2334 οραιαιλρ
1182 2251 1242 2311 Σο-

117 2337 123 2348 “
153 2333 313 2416 νιιεμβρίρι
331 2329 375 2404 ις’
403 2331 461 2402 ἐπ’.
477 2328 583 2409 ὀλίγον
604 2329 764 2410 διάστημα
786 2326 844 2401 ἕως
867 2333 926 2392 τοῦ
944 2324 1082 2410 Ταύρου.
1122 2353 1254 2413 rausum=

155 2417 222 2480 (ΣΡ.
243 2418 328 2477 irato
347 2417 470 2477 numine
490 2415 588 2477 hiem
611 2416 725 2495 aceepit
745 2433 770 2476 a
789 2425 886 2475 terrae
906 2427 987 2475 motu
1009 2413 1135 2478 secrnado
1159 2414 1240 2479 Gor·

146 2503 245 2585 piano
261 2499 345 2584 Sept.
366 2496 406 2561 96
426 2499 527 2583 span'o
541 2518 638 2583 prope
659 2518 748 2581 usque
767 2498 811 2558 ad
834 2498 976 2557 Tarewn.

236 2606 306 2688 195,
324 2606 354 2669 7.
396 2606 555 2686 Στέφανος
589 2604 626 2667 ot
654 2602 754 2690 ψῆφρν
778 2602 882 2687 κοινῇ]
914 2602 996 2665 inuno
1016 2604 1168 2687 Euagrius
1192 2612 1239 2667 ta.

149 2701 201 2756 cet
224 2690 322 2754 iih.3
351 2710 418 2775 cap.
434 2690 473 2752 19
505 2700 624 2752 etcum
654 2687 812 2771 Stephano
843 2685 965 2748 iuniore
995 2708 1066 2749 mox
1092 2697 1239 2751 secuturo

151 2777 318 2838 confundit
330 2794 340 2834 s
359 2774 551 2859 Nicephorns
563 2774 595 2835 io
607 2773 759 2836 chronico
775 2768 813 2831 ad
822 2766 1019 2852 Theophanis
1032 2780 1167 2834 mentem
1185 2792 1240 2835 er..

153 2860 282 2943 primite
305 2868 337 2921 et
350 2858 501 2921 Baronius
521 2858 560 2920 ad
576 2879 690 2920 annum
707 2856 740 2918 C.
751 2852 813 2919 479
827 2853 906 2917 male
926 2854 1091 2938 intelligite
1113 2855 1152 2919 de
1175 2874 1239 2940 quo

152 2944 268 3008 iterum
286 2962 401 3005 sermo.

238 3068 319 3129 laid.
332 3066 380 3129 19.
422 3063 616 3147 Θεοδέριχος
628 3058 646 3125 o‘
659 3062 825 3147 Τριαριόο]
841 3084 875 3125 ox
884 3058 1011 3145 Euagrii
1024 3058 1106 3123 iih.3
1119 3082 1187 3145 cap.
1197 3060 1240 3124 95

148 3150 298 3211 translata
328 3150 484 3211 narratio:
517 3147 659 3211 nonnihil
689 3169 726 3211 ex
751 3170 788 3211 ea
808 3146 924 3210 delibat
945 3144 1082 3209 Maiehus
1101 3146 1240 3229 sophista

149 3233 235 3316 apud
255 3233 404 3296 Photium
425 3233 495 3294 cod.
518 3231 569 3293 78.

236 3336 304 3418 196,
321 3334 353 3401 i.
400 3334 587 3419 Μαρκιανὸς
608 3330 718 3411 ὀπαῖς
735 3330 919 3417 ²Ariispion]
939 3332 1131 3398 Theudorici
1154 3333 1240 3397 sedi.

150 3422 240 3485 tione
262 3432 295 3485 et
315 3424 399 3486 letho
421 3423 524 3484 relatis
544 3422 597 3483 lib.
617 3418 638 3483 3
661 3443 728 3503 cap.
743 3420 793 3482 94.
835 3420 985 3503 Euagrios
1006 3417 1147 3502 sequenti
1166 3438 1239 3500 cap.

151 3508 192 3568 95
212 3506 365 3569 Marciani
386 3506 533 3568 tumuitus
558 3504 738 3587 aggreditur
764 3502 942 3565 referendos
962 3502 1008 3565 his
1044 3502 1162 3563 verbis=
1181 3520 1241 3578 pe·

148 3584 189 3651 ui
209 3590 310 3653 ταῦτα
328 3588 500 3669 διενεχθεὶς
520 3584 598 3667 πρὸς
612 3583 748 3665 Ζήνωνα
759 3581 958 3667 Μαρκιανός,
983 3595 1044 3653 etc.
1065 3585 1107 3646 ito
1130 3582 1239 3646 Theo.

148 3672 266 3755 phanes
286 3695 369 3736 anno
397 3672 562 3756 superiore
589 3670 628 3733 de
647 3669 845 3733 Theoderico
872 3670 1084 3731 narrationem
1103 3687 1239 3749 exequu-

148 3766 209 3833 tus,
230 3756 331 3835 aliam,
352 3780 433 3843 quae
457 3780 475 3818 ιι
497 3754 658 3817 Marciano
693 3775 741 3816 res
771 3762 868 3837 gestas
898 3755 1050 3835 explorat,
1071 3749 1133 3811 hoc
1155 3770 1237 3810 anno

148 3841 276 3921 suscipit
309 3841 492 3903 texendam:
526 3860 619 3923 quam
638 3838 819 3897 Marcellino
843 3838 1005 3899 assentiens
1025 3832 1177 3895 Batonius
1198 3830 1238 3893 ad

146 3944 262 3984 annum
282 3924 413 3987 Zenonis
434 3933 580 3985 octavum
602 3920 709 3982 refert.
728 3922 750 3980 1.
765 3924 798 3981 C.
821 3942 902 3981 asino
921 3916 979 3981 481
1004 3939 1087 3977 num.
1112 3918 1128 3977 1
1151 3923 1183 3979 et
1204 3916 1234 3977 9.

151 4006 273 4092 reliqua
293 4009 325 4069 in
347 4005 516 4069 Theodoro
539 4007 659 4067 lectore
679 4000 812 4065 videnda
834 4003 888 4065 lib.
912 4002 927 4063 1
953 4002 993 4063 ad
1012 4002 1139 4061 calcem.

233 4123 355 4208 197,AE
403 4125 613 4209 issovisdeeeo
634 4116 746 4207 Ἴλλος]
776 4128 904 4211 Euagrii
935 4133 1031 4207 caput
1053 4122 1092 4188 97
1115 4143 1150 4185 er
1170 4120 1236 4184 Eu-

147 4212 263 4277 stathio
283 4215 366 4299 Syro
386 4214 516 4278 brevem
537 4212 578 4279 de
597 4212 655 4277 111ο
678 4210 896 4275 narrationem
917 4208 1059 4287 instituit,
1082 4228 1176 4293 quam
1198 4205 1237 4269 ad
