3050 4900
539 365 593 427 EX
624 357 844 424 SYNCELLO.
1181 353 1231 428 29

225 507 333 576 Mundi
355 531 438 574 auno
461 509 567 594 5540,
600 509 721 574 divinae
751 509 974 574 iucarnationis
1004 506 1065 587 40,
1087 509 1234 578 Claudius

153 595 284 680 imperat,
306 594 403 678 Agahi
424 593 593 679 prophetia
628 595 710 657 fame
731 615 791 677 per
811 597 922 659 orbem
942 597 1024 658 iacta
1047 598 1233 681 completur.

153 677 387 825 Ctppdirps4pivm
401 680 560 744 Romanae
581 677 666 741 urbis
691 675 868 744 describens
898 691 1017 743 xnvemt
1035 701 1128 744 sexies
1149 681 1329 754 mittentes

152 785 189 826 uu
211 787 237 825 ra
321 807 330 824 .

223 870 333 936 Mundi
353 867 537 949 55555546,
559 868 681 934 divinae
701 869 925 932 incarnationis
945 893 1028 934 5555
1041 865 1093 950 46,
1114 871 1146 934 in
1168 871 1327 944 dienato

150 955 200 1018 hus
219 959 410 1039 haymorum
440 953 624 1018 dissensione
654 955 737 1016 facta
767 955 799 1015 io
828 955 1021 1017 Hierusalem
1058 956 1235 1019 conculcati

152 1041 227 1102 cirea
250 1049 418 1120 portarum
450 1042 547 1100 exitus
569 1037 675 1101 Iudaei
698 1037 822 1120 periere
843 1039 929 1101 cirea
950 1037 991 1101 30
1011 1039 1107 1102 milia.
1159 1049 1237 1104 tune

150 1133 178 1186 et
196 1123 279 1206 apud
300 1121 498 1184 Athenienses
518 1123 732 1205 suprascripta
755 1130 802 1185 est
821 1143 886 1200 ara,
905 1123 1005 1205 ignoto
1023 1123 1091 1186 deo.

221 1230 334 1292 Imtini
349 1231 523 1316 philosophi
541 1243 571 1291 et
591 1233 749 1310 maryris,
770 1230 810 1292 de
830 1251 962 1292 sermone
978 1233 1079 1314 primo
1104 1229 1151 1293 ud
1168 1228 1236 1292 An-

149 1315 273 1376 touimuu
295 1317 503 1399 imperatorem
520 1335 578 1397 pro
591 1314 775 1375 Chr-titionis.
793 1324 865 1395 post
887 1315 1094 1377 ascensionem
1116 1312 1237 1376 domiui

149 1397 284 1460 incaelo
309 1408 547 1480 proposuerunt
578 1397 718 1459 homines
742 1397 905 1458 daemones
927 1398 1076 1478 quosdam
1101 1397 1237 1459 dieentes

148 1499 176 1542 se
195 1501 258 1543 esse
290 1480 379 1552 deos3
409 1481 462 1564 qui
486 1501 549 1542 nou
575 1480 676 1542 solum
706 1479 833 1542 minime
863 1481 978 1561 repulsi
999 1489 1072 1540 suut
1095 1502 1113 1541 a
1135 1481 1236 1558 vohis,

148 1563 194 1624 sed
213 1573 401 1626 meruerunt
430 1565 574 1630 honores.
624 1563 783 1626 Simonem
813 1561 969 1646 quendam
997 1563 1237 1644 Samni-itanum,

150 1647 196 1790 pui
217 1649 279 1710 fuit
300 1647 341 1709 de
363 1647 489 1710 castello
518 1645 604 1730 quod
634 1647 798 1710 dicebatur
819 1645 917 1722 Gitio,
951 1645 1005 1742 qui
1026 1647 1082 1708 snb
1105 1645 1236 1707 Claudio

173 1751 276 1794 aesare
295 1751 354 1813 per
374 1737 558 1813 operantem
589 1728 775 1792 daemonum
808 1737 909 1791 artem
940 1737 1071 1792 virtutes
1102 1730 1236 1814 magicas

147 1813 255 1877 faciens
277 1817 308 1877 in
330 1815 409 1877 urbe
429 1825 531 1876 vestra
545 1813 629 1895 regia
649 1817 747 1876 horna
771 1813 844 1876 deus
858 1812 1097 1891 existimabatur,
1119 1822 1152 1876 et
1171 1823 1332 1898 ⁸18·th

148 1907 193 1959 tua
214 1921 231 1959 a
259 1899 348 1960 vohis
371 1908 406 1960 ut
428 1896 499 1959 deus
521 1897 699 1959 honoratur
719 1898 749 1958 in
772 1895 882 1958 Tiberi
904 1895 1032 1958 flumine
1054 1898 1138 1958 iuter
1157 1897 1237 1959 dnos

147 1993 263 2062 pontes,
284 1983 398 2043 habens
430 1979 726 2064 superscriptionem
754 1981 897 2042 Latinam
918 1978 997 2040 hauc
1024 1979 1163 2044 “Sinistri
1180 1982 1238 2042 deo

145 2065 267 2127 sanceot’
322 2076 354 2127 et
381 2085 463 2147 pene
501 2085 605 2125 omnes
633 2065 759 2147 quidem
791 2063 996 2140 Samaritani,
1018 2065 1110 2145 pauci
1132 2072 1237 2126 autem

147 2148 232 2209 etiam
255 2149 287 2209 in
309 2149 374 2209 aliis
396 2147 548 2229 gentibus,
573 2156 721 2234 tanquam
744 2149 883 2232 primum
910 2147 1004 2210 deum
1026 2147 1112 2210 illum
1136 2149 1238 2221 consr-

147 2237 241 2295 teutes
263 2232 407 2295 adorant

222 2338 337 2400 Mundi
361 2360 443 2400 anno
466 2337 559 2416 5550,
580 2335 703 2400 divinae
725 2338 947 2401 iucarnationis
969 2338 1122 2420 555556,
1144 2339 1238 2401 6155-

147 2421 208 2487 dius
228 2425 373 2505 imperat.
415 2422 599 2506 Apollonius
629 2443 665 2484 ex
691 2424 901 2507 Tyanensihus
921 2424 1028 2507 ltatiae
1048 2423 1336 2506 Pythagori.p.ti³2

147 2528 194 2568 ens
217 2506 422 2590 philosophus
442 2508 562 2589 pollet,
589 2506 691 2568 itaut
713 2506 796 2567 hune
824 2508 891 2588 ipso
913 2526 1042 2590 quoque
1059 2506 1239 2649 Ppthagora

145 2590 347 2653 Philostratus
371 2591 475 2653 etalii
498 2590 630 2652 acrioris
645 2588 760 2671 ingenii
774 2590 865 2650 fuisse
879 2586 1065 2650 describant.
1110 2590 1133 2651 is
1157 2598 1240 2649 tem.
1265 2649 1270 2657 ,

146 2675 275 2755 poribus
303 2674 366 2736 visa
394 2681 439 2737 est
468 2674 531 2734 uvis
555 2671 606 2733 iiia
627 2672 786 2749 Phoenix,
813 2672 1077 2756 quemadmodum
1096 2672 1239 2735 scribunt
1291 2704 1295 2715 ·

146 2758 299 2841 Aegyptii,
321 2778 400 2841 quae
423 2767 496 2820 ante
515 2751 695 2843 65455555
716 2766 917 2841 apparuerat.
971 2765 1004 2819 et
1025 2757 1183 2841 Dexippus
1206 2755 1239 2816 in

145 2839 205 2904 hoc
226 2840 412 2903 coneordat.

223 2948 336 3011 Mundi
359 2967 442 3010 anno
458 2944 550 3029 5553,
571 2946 695 3012 Nerone
709 2946 895 3029 imperante,
920 2939 1041 3010 divinus
1061 2946 1089 3009 ei
1110 2950 1360 3031 aposto-pitto

37 3092 38 3099 ,
145 3030 188 3095 ius
207 3033 345 3095 secundo
368 3042 415 3094 est
432 3039 654 3116 praesentatus.
677 3031 811 3113 denique
824 3032 927 3113 primo
949 3053 1020 3092 cum
1032 3034 1115 3093 Nero
1129 3030 1239 3092 mitior

37 3148 38 3151 ¹
146 3114 246 3179 adhuc
268 3138 342 3199 erga
365 3116 576 3177 Christianum
604 3114 718 3197 dogma
742 3124 914 3195 teneretur,
936 3114 1062 3176 audiens
1084 3115 1240 3176 rationem

146 3201 208 3261 eius
229 3199 346 3262 dimisit
369 3198 454 3260 iilum
477 3200 589 3279 spiritu
609 3196 805 3279 dispensante
837 3198 875 3260 55
901 3196 1122 3280 perficiendam
1143 3218 1239 3278 prae.

146 3280 341 3345 dicationem.
383 3282 519 3345 secundo
542 3303 618 3344 vero
643 3282 709 3364 ipse
730 3302 762 3344 se
784 3281 954 3363 postulavit
974 3303 992 3342 a
1013 3278 1155 3343 Caesarie
1179 3282 1240 3341 Pa.

146 3365 290 3429 laestinae
310 3364 496 3428 mittendum
519 3364 559 3427 55
576 3366 746 3441 Caesarem,
766 3374 799 3426 et
820 3365 863 3425 itu
885 3364 1009 3426 demum
1025 3362 1143 3427 Neroni
1164 3364 1240 3424 asti.

146 3450 186 3509 tit
207 3457 239 3512 et
261 3450 448 3535 martyrium
469 3450 608 3530 sumpsit.
663 3448 745 3509 unde
768 3446 872 3509 ludaei
894 3469 966 3509 eum
986 3449 1133 3511 vidissent
1175 3446 1239 3507 uod

146 3531 177 3593 iu
199 3534 284 3595 hunc
305 3533 430 3595 insidias
446 3531 609 3595 occidendi
623 3532 777 3614 perficere
790 3530 1008 3616 nequivissent,
1030 3532 1161 3594 adiaco
1187 3552 1240 3593 um

147 3616 279 3679 fratrem
301 3616 421 3679 domini
442 3615 658 3699 perimendum
680 3616 823 3677 conversi
846 3626 929 3678 sunt.

231 3725 341 3788 Mundi
372 3744 455 3785 anno
477 3722 569 3803 5563,
591 3724 713 3786 divinae
740 3723 965 3787 incarnationis
985 3719 1133 3802 ann063,
1154 3720 1341 3797 Neronem

148 3808 305 3891 imperat,
336 3808 391 3893 qni
421 3829 516 3891 super
543 3808 648 3869 omnia
677 3808 849 3869 infortunia
877 3827 932 3869 sua
961 3807 1097 3890 primam
1126 3816 1240 3868 contra

146 3892 338 3953 Christianos
359 3890 606 3973 persecutionem
634 3892 841 3969 monstrarit,
868 3912 939 3952 cum
962 3888 1107 3951 videlicet
1126 3890 1240 3953 Petrus
1281 3938 1289 3952 .

146 3986 179 4039 et
202 3976 314 4037 Paulus
339 3973 435 4037 divini
465 3974 600 4057 apostoli
627 3996 688 4057 pro
710 3972 834 4035 Christo
865 3972 1010 4057 martyrii
1041 3981 1113 4035 suut
1140 3994 1241 4056 agone

147 4061 304 4137 coronati,
326 4080 404 4121 unus
425 4060 551 4141 quidem
572 4058 716 4119 deorsum
738 4058 861 4141 capite,
894 4066 930 4118 ut
960 4057 1024 4139 ipse
1049 4056 1108 4118 sibi
1129 4058 1240 4139 etegit,

147 4162 318 4223 suspensus,
339 4144 418 4203 aiter
440 4164 515 4205 vero
534 4142 636 4223 capite
650 4152 756 4203 sancto
771 4150 940 4202 truncatus.
966 4141 1005 4203 de
1027 4140 1139 4225 quibus
1158 4142 1238 4202 Ter-

150 4224 294 4289 tullianus
317 4226 472 4289 Romanus
504 4225 643 4311 scriptor
671 4222 747 4288 haec
772 4226 855 4289 inter
882 4234 986 4289 cetera
1015 4225 1122 4289 refert.
1164 4222 1238 4286 “hie
