3050 4900
305 378 379 451 562
663 384 706 449 ΙΝ
733 380 1013 447 rumentum

300 582 320 619 o
344 552 520 621 srmondsms.
562 554 731 635 quinimmo
751 554 834 615 omni
853 554 958 613 merids
977 550 1139 614 attendone
1157 550 1392 634 observandum,

297 642 486 726 patriarchis
506 648 631 699 aeterna
652 638 802 698 noeosoria
822 634 933 715 dignis,
955 650 986 697 et
998 634 1048 695 dei
1068 648 1149 696 motu
1167 656 1287 718 semper
1303 640 1394 719 actis,

301 743 448 805 magnum
474 718 661 781 Theodorum
681 723 797 781 crimen
808 720 972 803 impingere
983 717 1124 790 veniisse,
1146 732 1176 779 et
1192 720 1236 781 ab
1249 722 1394 783 ecclesiae

302 822 384 867 coeto
399 824 504 867 eorum
525 823 617 863 cama
636 823 668 863 se
683 824 865 883 segregasse,
886 804 978 884 ipsisn
1003 799 1155 863 Theodosi
1174 824 1234 863 non
1251 804 1315 862 leve
1332 804 1392 865 de.

299 888 403 949 lictum
425 906 447 948 a
466 886 600 967 patribus
620 884 716 965 fuisse
737 882 916 945 inolicatsrm:
947 886 996 945 iili
1008 882 1160 969 signidem
1180 901 1324 962 occuram
1344 891 1394 947 ri.

297 991 372 1051 gore
392 970 536 1045 remisso,
562 970 657 1029 moires
676 967 824 1029 damnum
854 970 1000 1029 euitatum
1026 980 1210 1028 censuerunt.
1256 982 1393 1031 erraaon

298 1074 370 1113 sane
394 1048 565 1113 Theodorus
593 1052 787 1129 emendavit,
810 1064 844 1112 ut
869 1050 949 1111 alilri
966 1064 1125 1111 neironem
1144 1064 1203 1111 est.-
1227 1064 1258 1111 et
1274 1055 1392 1137 scripta

298 1134 336 1197 de
358 1134 464 1197 iisdem
495 1148 524 1195 et
554 1132 703 1195 Theodori
737 1138 825 1215 gestis
854 1135 981 1195 historia
1004 1132 1101 1217 fidem
1127 1136 1213 1193 hunis
1228 1136 1330 1214 forits
1360 1150 1392 1197 et

298 1238 426 1300 magnus
447 1219 569 1300 insuper
588 1215 762 1278 Metlrodius
781 1238 913 1277 sermone
933 1214 978 1276 ad
994 1216 1144 1293 studitas,
1163 1214 1201 1275 de
1220 1238 1280 1301 quo
1298 1240 1392 1302 snpe-

298 1302 376 1379 rius,
397 1302 498 1374 ηιίοοο,
519 1312 657 1361 testatum
678 1299 810 1382 reliquit.
865 1300 1042 1361 sententiam
1067 1302 1146 1359 enim
1175 1320 1266 1383 quam
1284 1306 1389 1364 aomo

294 1404 441 1468 praeceps
454 1384 601 1457 hauserat,
623 1383 719 1465 ipsum
735 1383 919 1464 reprobasse,
944 1396 974 1443 et
984 1381 1029 1442 ad
1047 1382 1204 1443 ecclesiam
1219 1383 1337 1444 demum
1356 1406 1390 1445 se

298 1468 484 1543 adimere,
504 1486 545 1527 ac
558 1466 643 1525 uitae
662 1468 786 1527 ieruu'no
803 1467 1007 1550 propinquum
1027 1486 1094 1525 cum
1098 1466 1212 1543 felicis
1229 1472 1392 1529 numeriae

296 1549 466 1635 Niceplom
495 1548 705 1624 concordiam,
731 1547 940 1626 dilectionem,
969 1560 999 1608 et
1025 1548 1196 1609 indius'sam
1216 1552 1391 1613 animonun

296 1634 435 1694 wsionem
455 1652 586 1693 servasse
605 1633 761 1709 manifesto
789 1631 961 1775 coppirmat.
981 1632 1016 1691 in
1034 1652 1069 1692 eo
1087 1632 1188 1712 igitur,
1207 1633 1288 1716 qrsod
1298 1654 1394 1695 ensur-

296 1716 384 1777 ciant
400 1714 521 1799 psalmi
544 1714 583 1775 de
607 1714 677 1774 uiro
695 1716 769 1775 iusto
799 1736 820 1775 a
842 1714 997 1796 impletum
1015 1726 1074 1775 est:
1096 1715 1122 1775 si
1143 1714 1301 1792 ceciderit,
1324 1738 1392 1777 noa

298 1798 537 1881 confringetur,
565 1795 639 1879 quin
663 1794 805 1857 dominus
826 1796 978 1879 supponit
1012 1816 1138 1857 menum
1161 1819 1256 1864 suom.
1297 1797 1392 1861 obuio

294 1900 434 1966 stumque,
465 1890 495 1939 et
525 1901 544 1938 e
569 1900 657 1961 grege
687 1881 873 1941 sacerrimum
905 1879 1027 1943 cuilibet
1057 1901 1184 1956 nonam,
1205 1884 1234 1941 si
1253 1884 1393 1942 haeresis

296 1964 365 2025 labe
386 1974 482 2038 vacet,
503 1962 625 2039 inferre,
646 1962 674 2022 si
692 1963 800 2045 magni
816 1962 946 2043 penculi
964 1976 1015 2041 cst,
1036 1965 1122 2047 quali
1141 1966 1254 2025 mulcta
1270 1968 1393 2039 facimss

295 2048 433 2126 dignum,
454 2044 537 2129 quod
554 2044 704 2105 eiusmodi
713 2044 877 2131 poruifiees
897 2058 928 2105 et
942 2044 1296 2130 pontificumprineipes,
1317 2070 1391 2109 ma-

293 2130 340 2211 gis
363 2148 435 2189 uero
454 2126 602 2211 apostotos
623 2130 712 2211 ipsos,
737 2142 769 2189 ut
790 2134 893 2210 magni
903 2127 1048 2208 Dionysii
1067 2130 1166 2191 uerbis
1184 2145 1265 2206 suar,
1282 2152 1393 2213 aggre-

234 2224 237 2232 '
294 2212 379 2273 ditur
395 2222 426 2271 et
443 2223 580 2274 recenset.
629 2212 684 2271 lsoc
704 2226 782 2272 certe
809 2212 920 2271 dionem
939 2210 1057 2272 diviruu
1079 2212 1252 2275 Metiodius
1272 2216 1394 2275 stoditis

295 2294 395 2357 saneti
412 2290 574 2375 discipulis
595 2292 844 2377 perpendendum
874 2296 938 2354 iore
960 2299 1070 2356 merito
1090 2296 1203 2372 obiicit,
1223 2299 1272 2357 iris
1290 2298 1393 2359 uerbis

296 2390 396 2437 utens:
419 2390 451 2435 tu
470 2378 628 2437 monoclero
647 2399 696 2456 es,
723 2380 757 2439 in
785 2378 956 2439 sacerdotes
976 2378 1129 2462 inquirere
1149 2402 1210 2440 non
1228 2394 1308 2439 turem
1327 2395 1393 2457 αις

297 2460 370 2544 ipsis
390 2459 500 2522 subiici
517 2473 545 2520 te
563 2461 644 2522 decet
649 2483 660 2536 ;
681 2463 760 2546 ipsos
774 2461 832 2524 tibi
846 2461 1002 2538 subiicere,
1021 2463 1075 2522 uel
1091 2483 1192 2524 eorum
1208 2465 1301 2525 udam
1311 2485 1391 2548 per.

298 2543 429 2606 scrutm‘
450 2564 471 2602 a
491 2555 518 2603 te
537 2545 660 2604 omnino
681 2545 722 2604 sit
741 2543 884 2606 alienum.

384 2636 454 2719 747,
479 2638 528 2703 19.
570 2637 652 2704 ἀλλὰ
676 2637 731 2704 καὶ
750 2644 860 2702 πολλοὶ
873 2631 979 2728 iiiios]
1002 2643 1033 2710 in
1054 2643 1152 2704 sancti
1171 2643 1313 2728 gratiam,
1337 2644 1398 2706 sd·

300 2733 557 2801 versusssnotos,
581 2725 716 2786 auctoris
734 2726 833 2786 sancti
852 2735 957 2788 sanctu
978 2727 1139 2789 sententis.

381 2817 520 2896 74219.
563 2820 773 2906 προσήλυτον]
792 2827 931 2906 gentilem
957 2827 1102 2911 intellige,
1123 2835 1154 2890 et
1175 2849 1194 2889 s
1216 2825 1396 2890 Christiana

301 2904 457 2988 religione
479 2905 625 2968 alienum.

339 3087 359 3151 ιι
384 3003 457 3082 7⁵2.
482 3005 510 3072 ι,
534 3003 786 3090 >tenremonde
809 3005 985 3074 chariton,
1005 3010 1239 3074 rauranum
1258 3010 1397 3097 assyn-

301 3110 337 3151 οὓ
362 3111 423 3152 um·

395 3179 475 3266 751,
505 3187 556 3287 13.
609 3185 812 3286 enimenin]
838 3187 1021 3272 fraenorum
1052 3193 1191 3293 officem
1231 3195 1397 3278 interpre-

287 3272 602 3434 χὲἐωῗῖἐιβαριον,
633 3279 666 3332 et
702 3293 797 3354 magn
825 3273 1055 3339 barbarensis
1070 3298 1159 3360 μριν,
1178 3286 1210 3340 et
1231 3276 1394 3360 οαλιβάρι,

383 3453 464 3518 ibid.
489 3451 536 3516 19.
577 3447 613 3516 si
636 3453 778 3534 πέρομο]
802 3455 917 3518 fretum
937 3469 1048 3539 portus
1073 3459 1137 3520 GP.
1159 3458 1312 3536 lintribus,
1332 3479 1395 3520 ne·

301 3543 488 3612 οοματικοῖς
506 3533 620 3612 ξύλοις,
645 3538 881 3616 traiiciendum,
905 3561 922 3600 s
943 3563 1008 3625 qno
1021 3540 1149 3603 Galatae
1172 3541 1281 3625 oppidi
1302 3545 1394 3628 regio

302 3620 407 3699 Πὲρο,
428 3617 515 3702 quod
535 3617 634 3698 πέραν
647 3619 701 3680 τοῦ
722 3621 879 3703 πορθμοῦ.
923 3622 1047 3708 dequo
1071 3626 1159 3687 olibi.

384 3717 455 3795 755,
482 3715 527 3778 19.
578 3715 817 3800 ἄλληλεγγύοος]
846 3724 1002 3784 tributum
1032 3725 1103 3806 pori
1128 3733 1215 3786 sorte
1246 3725 1391 3788 omnibus

302 3801 503 3882 impositum,
533 3800 618 3884 quod
638 3804 826 3885 pauperibus
859 3829 921 3867 non
945 3807 1093 3870 solvendo
1114 3809 1256 3890 repertis,
1278 3809 1392 3871 divites

303 3883 461 3966 deponere
482 3891 675 3961 tenerentur,
698 3895 743 3947 est
766 3883 983 3968 ἅλληλέγγοον.
1024 3890 1115 3953 huius
1133 3892 1270 3973 exemplu
1290 3883 1394 3954 histo·

303 3969 445 4051 riomque
466 3987 546 4051 pene
564 3987 687 4030 omnem
699 3971 849 4032 Menrsius
870 3972 1036 4056 diligenter
1056 3975 1263 4040 coacervavit.

386 4065 458 4142 756,
477 4067 507 4129 9.
546 4065 772 4149 generaveris]
791 4069 921 4132 sotionis
940 4072 989 4135 vel
1010 4075 1203 4137 instrumenti
1232 4074 1263 4134 in
1283 4075 1393 4158 publi.

304 4168 354 4208 cns
376 4151 494 4213 tubulos
522 4151 611 4214 relati
639 4151 778 4236 pretium
810 4162 855 4218 et
882 4155 1100 4239 goesenstein.
1140 4159 1312 4230 tributum¹
1329 4181 1394 4242 pro

305 4233 420 4293 chartis
443 4235 570 4318 exponit
586 4235 748 4304 Menrsius.
