3050 4900
640 350 789 421 novin
1182 346 1255 425 543

168 512 321 615 pgoaymi
345 520 408 575 tres
430 509 576 599 baptismi
599 515 684 601 aquis
697 514 884 581 lustraverat
905 516 1133 599 Constantinus,
1152 531 1185 586 et
1206 522 1255 585 ul.

168 620 216 663 nis
235 604 423 680 susceperat

249 718 322 800 684,
342 716 373 781 4.
414 714 597 801 τοφλῶνοον]
630 720 701 782 vieo
718 715 885 805 τοφλόοον,
902 724 952 787 vel
977 724 1124 807 rapinis,
1150 741 1256 792 omae.

167 825 260 869 eam:
279 805 322 865 ita
341 796 498 883 χρυοώνοι
517 804 642 882 demere,
662 806 731 867 vies
749 802 881 887 χρνοόοο
900 808 1078 891 proferunt.

251 920 331 982 lttd.
362 914 409 981 16.
458 914 710 1001 ἀμνημόνεοιος]
741 917 966 1003 ἀκοινώνητος,
997 926 1083 987 onina
1109 926 1173 988 vivi
1205 928 1253 989 vel

165 1005 284 1067 mortni
314 1023 425 1065 nomen
460 1002 544 1065 inter·
575 1024 682 1087 preces
717 1004 861 1069 eeclesiae
888 1028 951 1069 non
977 1010 1107 1071 effertur
1132 1028 1168 1072 ex
1194 1012 1254 1073 Di.

168 1087 299 1173 ptyehis.

250 1200 323 1280 685,
348 1202 396 1265 15.
439 1200 682 1287 1γνλει1ιτῳτοιῖ
705 1198 798 1285 tylon
825 1201 1015 1292 Adlrvrs'oo]
1035 1208 1184 1291 Stephani
1201 1229 1254 1271 so·

164 1288 229 1351 eins
251 1297 296 1351 est
318 1287 470 1365 Macarius
492 1287 556 1368 iste,
575 1296 607 1348 et
628 1286 764 1349 eiusdem
789 1285 991 1353 habitationis
1013 1289 1052 1355 ad
1069 1292 1253 1378 Damntrym

165 1390 306 1435 consors.
351 1370 453 1453 relege
476 1370 668 1454 copronymi
692 1392 806 1432 annum
827 1370 880 1433 95.

245 1492 325 1561 Ibid.
351 1492 401 1557 16.
443 1493 568 1579 &noviper
599 1494 635 1557 ot
660 1492 850 1583 ον’θηνῆοαι]
873 1496 980 1561 eadem
1000 1499 1193 1585 Nicephorns
1212 1499 1252 1563 ad

162 1578 311 1641 historiae
330 1578 458 1641 ealeem.

244 1690 317 1771 686,
337 1692 368 1757 3.
418 1692 477 1757 τοῦ
504 1692 622 1774 μικροῦ
649 1688 821 1774 οειιρέτοο]
850 1706 969 1759 secreta
996 1695 1078 1775 dno,
1097 1697 1196 1760 mains
1219 1707 1251 1759 et

162 1776 261 1841 minos
280 1776 311 1838 in
336 1775 528 1859 patriarchio
561 1778 652 1839 fnisse
676 1774 818 1858 praesens
838 1778 924 1841 loeus
940 1779 1093 1844 declarate
1113 1783 1179 1843 fase
1200 1802 1251 1841 re-

163 1863 230 1925 latis
259 1862 499 1924 auctoritatibus
530 1860 657 1943 exponit
680 1862 852 1937 llleursius,
896 1874 928 1925 et
962 1876 1070 1946 aperte
1097 1870 1251 1927 memorat

161 1942 352 2028 Nicephorius
381 1954 573 2011 secretorum
594 1938 647 2025 vd,
675 1963 709 2005 va
726 1941 842 2025 perapsis
862 1941 1009 2027 δόμημα,
1029 1948 1084 2010 καί
1101 1941 1137 2009 rd
1159 1947 1251 2027 μέγα.

161 2040 280 2092 secreta
302 2027 421 2089 iudiciis
455 2027 609 2102 ferendis,
647 2034 679 2089 et
698 2026 831 2089 archivis
861 2028 1016 2092 servandis
1037 2038 1141 2093 erecta
1160 2050 1252 2091 eom-

160 2122 336 2175 monstrant
357 2112 506 2174 Eusehius
530 2111 582 2171 lib.
602 2106 621 2169 7
645 2108 717 2171 hist.
738 2110 813 2173 ecel.
834 2132 905 2195 eap.
925 2111 976 2175 30.
1029 2112 1185 2195 οὴκρηνον
1205 2110 1253 2189 δέ,

160 2189 265 2275 ὅσπερ
287 2191 318 2257 οἱ
338 2194 394 2257 τοῦ
412 2188 531 2270 κόσμον
553 2184 718 2272 ἄρχοντες,
742 2187 825 2273 ἔχων
843 2213 886 2277 rs,
906 2193 960 2258 vos*
981 2190 1149 2274 ὀνομάζων.
1201 2216 1252 2255 se·-

135 2288 292 2356 'eretnm,
314 2279 396 2340 velut
419 2276 526 2337 mundi
545 2278 755 2356 hengisti-otus,
776 2277 884 2339 hahuit
901 2292 932 2341 et
948 2282 1120 2341 nominavit
1138 2278 1251 2342 Paulus

159 2362 384 2426 samosatenus.
410 2361 528 2421 Nicetes
551 2358 860 2421 inAlexiohlannelis
881 2360 902 2421 f.
926 2355 1151 2423 δικοιοδοτινὸν
1168 2358 1251 2441 θρό-

159 2466 223 2524 νον,
252 2444 327 2506 inris
347 2442 474 2506 dicundi
495 2440 644 2504 thronum
675 2440 849 2524 appellans:
877 2440 1017 2504 Balsamo
1042 2441 1079 2505 de
1110 2444 1248 2506 Charto.

159 2529 297 2614 phylaeis
318 2535 350 2589 et
374 2525 553 2590 Proteediel
575 2523 787 2588 meditatione.
830 2535 923 2588 voeat
943 2527 1137 2608 Nicephorns
1155 2522 1251 2607 idpv-

157 2609 274 2691 μένους
301 2611 365 2672 τῶν
385 2604 530 2688 προόδων
550 2603 664 2683 οἴκους,
682 2601 738 2680 odic
761 2603 915 2685 Ῥωμαῖοι
948 2611 1079 2689 οεκρέτα
1105 2609 1248 2672 καλοῦσι.

182 2695 352 2757 roeessibns
376 2694 485 2755 domos
505 2691 684 2776 deputatas,
711 2701 829 2754 secreta
850 2694 996 2755 Romanis
1020 2693 1172 2774 appellari
1195 2713 1249 2756 so.

157 2717 245 2842 ditas:
272 2777 368 2864 qnod,
389 2785 425 2840 ut
446 2797 530 2854 reor,
550 2774 727 2860 patriarcha
752 2775 799 2835 ins
819 2774 959 2838 dicturas
979 2775 1075 2839 adea
1106 2797 1177 2840 enm
1197 2799 1249 2838 as·

158 2861 324 2924 sessoribus
348 2860 552 2936 conveniret,
580 2866 612 2922 et
626 2857 813 2943 procederat
842 2857 1012 2940 πρόκενοος
1048 2859 1151 2942 enim,
1183 2860 1249 2922 sive

157 2939 331 3022 πρόκεοοος
360 2943 527 3005 barbaram
549 2945 744 3004 Graecorum
768 2962 876 3003 vocem
896 2965 914 3004 a
935 2944 1051 3008 Latinis
1072 2951 1247 3030 receptam,

156 3029 313 3090 comitalem
343 3029 462 3088 referre
491 3025 563 3088 alibi
586 3024 779 3087 declaratum
798 3035 854 3088 est.

237 3133 318 3198 Ibid.
359 3125 411 3195 did
430 3127 601 3212 μουσοίοο]
621 3153 663 3195 ex
683 3135 814 3209 messivo,
842 3131 947 3216 inquit
968 3132 1147 3196 Anastasius.
1189 3133 1246 3197 Ni.

157 3216 312 3300 eephorns
332 3212 385 3278 ded
416 3215 568 3297 ψηφιΰων
591 3215 729 3296 χρυσοῖν.
760 3237 850 3301 opere
870 3217 1008 3280 terseloto
1036 3239 1136 3293 mono,
1157 3215 1244 3279 euius

158 3299 310 3384 pleraque
330 3320 402 3384 para
425 3321 504 3362 auro
529 3299 676 3362 radiaret

234 3414 317 3482 thid.
334 3408 365 3482 4.
417 3413 451 3490 ἐξ
470 3409 680 3498 dloypnps'oc]
715 3413 908 3476 hamtesinm
923 3411 1072 3493 τροπικῆς
1090 3413 1246 3494 §otma-

157 3497 234 3581 φίας
255 3497 360 3582 legione
377 3498 527 3581 suspicor.
581 3498 703 3580 scripsit
724 3496 822 3579 enim,
844 3498 990 3577 imagines
1007 3499 1115 3578 magni
1133 3498 1245 3573 axv-eti,

155 3603 232 3666 qam
246 3583 381 3666 rmlptae
399 3583 543 3658 errantia
561 3581 644 3664 ligno
657 3579 806 3663 deposuit.
829 3587 865 3642 nt
875 3581 959 3642 enirn
979 3572 1127 3660 repatriat,
1148 3592 1245 3656 tomo,

155 3665 273 3748 sculpo,
294 3667 490 3748 eirrrmragor
525 3663 567 3726 ita
591 3665 716 3744 πρέπον,
745 3677 830 3725 nerto
858 3662 1025 3748 signifieat:
1056 3671 1152 3744 atque
1173 3661 1244 3723 ideo

155 3741 307 3828 τροπινὴ,
337 3769 373 3810 ae
392 3741 569 3828 τορνειπινὴ
601 3748 632 3808 in
652 3767 775 3808 sensum
791 3738 926 3808 'eundem
946 3753 1076 3828 poseant
1096 3741 1243 3807 incidere.

156 3831 331 3914 aenlptnras
352 3829 538 3904 huiusmodi,
560 3849 635 3914 quas
655 3849 672 3892 e
690 3829 775 3912 ligno
795 3829 966 3891 dimidiatas
978 3827 1128 3910 intelligo,
1148 3826 1245 3908 νηρό.

153 3932 252 3994 garos
274 3907 363 3994 ὕλην,
383 3935 488 3976 neem
516 3910 681 3998 liqreesaeta
697 3915 835 3997 fissaque
856 3913 896 3975 ad
918 3912 1052 3995 parietas
1072 3911 1144 3974 lixas
1163 3909 1245 3972 indi.

156 4005 207 4060 nat
220 3997 428 4080 Nicephorum
449 3993 505 4078 vvir
518 3989 677 4077 τροπικήν,
698 3992 755 4058 rol
771 3991 806 4058 ed
825 3993 971 4078 osvpdror
984 3993 1245 4058 oonlnnditTnn-

155 4081 317 4165 nograeeia
341 4101 404 4144 non
423 4101 488 4142 nno
511 4079 592 4147 loco.

238 4203 318 4270 ibid„
342 4201 374 4266 8.
417 4197 436 4266 d
465 4201 629 4290 epv'yapoe]
650 4203 877 4288 monogamiam
904 4202 1060 4286 probant,
1079 4201 1242 4268 ‘sanandas
