3050 4900
653 349 803 416 NOTAE.
1175 340 1247 418 425

253 505 325 579 958,
350 500 399 564 10.
441 497 519 582 πρὸς
546 502 705 585 Σιλίγδην]
739 506 912 570 chronicon
936 506 1096 572 Alexandr.
1124 506 1252 587 ΣιἎγβιν

171 586 328 646 nominat:
359 607 429 646 curn
452 607 514 670 quo
549 589 717 649 ser-horum
746 589 943 670 Theophanis
965 591 1134 652 concordia
1145 611 1249 671 prae-

167 677 284 729 sentem
305 669 465 729 historiam
494 671 534 729 ah
555 692 592 730 co
617 669 801 754 descriptam
822 673 1022 736 demonstrat.
1066 697 1129 738 non
1152 677 1247 738 ornit-

169 751 281 813 tendae
299 751 350 812 hic
373 753 476 814 variae
501 754 658 821 lectiones.

251 878 332 943 ibid.
357 877 406 938 19.
457 846 611 958 Kodridipc
641 877 677 940 di
701 873 719 937 d
741 879 801 940 teir
824 881 963 959 Περσῶν
985 879 1147 958 βασιλεύς]
1176 883 1250 946 haec

166 962 290 1022 auctori
309 961 483 1044 Procopius
502 960 555 1022 lib.
580 963 596 1021 1
619 961 659 1024 de
679 962 762 1024 hello
781 964 906 1026 Persico
926 966 1084 1050 suggessit.

201 1150 208 1165 ·
235 1068 337 1165 ddici.
362 1063 410 1130 14.
452 1063 665 1151 πρεσβύτερον
682 1066 785 1132 adron
805 1065 886 1146 υἱόν]
910 1073 1044 1138 eiusdem
1064 1095 1166 1137 secum
1190 1095 1249 1136 no.

166 1173 266 1214 minis.

249 1267 330 1330 [bid.
352 1267 400 1331 15.
453 1265 534 1330 διότι
560 1263 613 1331 τὸν
640 1267 810 1350 ὀφθαλμὸν
839 1270 1012 1347 ἐκκέκοπτο]
1043 1295 1112 1335 nans
1145 1296 1250 1338 mono·

160 1351 356 1433 phihalmrun,
376 1351 429 1412 vel
446 1354 541 1414 alium
563 1353 709 1431 dejocem
726 1357 863 1437 corporis
884 1358 1044 1438 parr'encem
1066 1359 1151 1437 nefas
1171 1362 1248 1421 Per·

164 1435 206 1494 sis
224 1455 320 1515 regem
339 1439 537 1498 concinnere:
559 1437 743 1519 Procopius.

248 1551 332 1614 ibid.
351 1549 397 1613 16.
441 1549 615 1630 ’Aouidovl
636 1555 785 1618 Ahenedo
806 1556 915 1618 scribit
927 1555 1100 1641 Procopius
1121 1557 1247 1622 citatus:

163 1636 269 1697 variae
288 1636 434 1698 lectiones
456 1635 537 1700 alius.
963 1673 968 1682 ·
1245 1668 1253 1683 ‘

178 1829 182 1834 ‚
246 1749 369 1830 1513.
410 1748 610 1815 ducimini
635 1751 817 1836 θεεμηνάις]
837 1756 989 1838 Euagrius
1009 1756 1061 1817 lib.
1083 1755 1105 1818 4
1126 1778 1194 1840 esp.
1218 1759 1247 1820 8.

246 1868 330 1931 ibid.
352 1868 381 1930 9.
434 1867 558 1945 Τζάθος
590 1867 689 1933 droir
715 1871 837 1948 Λαζῶν
864 1867 1026 1951 βασιλεύς]
1051 1875 1189 1937 narratio
1213 1899 1247 1938 ex

164 1953 317 2014 chronico
346 1953 554 2017 Alexandrino
587 1955 625 2016 ad
655 1977 772 2016 anunm
795 1958 899 2018 lustini
925 1966 1081 2040 quartum,
1103 1959 1133 2019 in
1154 1960 1249 2041 quin-

165 2047 232 2098 tum
245 2057 321 2099 vero
337 2059 353 2096 a
373 2037 564 2120 Theophane
579 2039 738 2117 translate,
753 2041 840 2124 quod
855 2040 980 2124 quintus
991 2063 1087 2102 annus
1110 2065 1126 2102 a
1144 2044 1249 2125 quarti

162 2141 268 2181 mense
286 2121 462 2202 Septembri
486 2121 580 2182 ducat
602 2123 744 2184 initium:
778 2127 938 2205 reperitur
960 2126 1053 2187 etiem
1073 2127 1167 2207 poulo
1189 2127 1249 2188 im·
1328 2187 1330 2190 ,
1357 2197 1360 2204 ,

159 2213 280 2264 mutata
301 2203 385 2284 apud
407 2203 567 2284 Agathinus
600 2207 652 2266 lib.
674 2204 695 2266 3
715 2207 754 2267 ad
787 2206 940 2286 medium,
960 2210 1010 2270 cui
1037 2204 1173 2292 Τζᾶθης,
1195 2211 1247 2294 qui

163 2287 271 2348 chron.
294 2289 376 2352 Alex.
399 2286 554 2365 Τζιέθιος,
578 2300 610 2350 et
629 2289 815 2372 Theophani
841 2285 961 2365 Τζᾰθος
981 2292 1143 2354 sorihitnr.

161 2487 206 2549 rb
240 2405 326 2550 2ihid.
350 2402 398 2468 14.
438 2403 647 2482 εῶνΛαζῶν]
668 2405 722 2491 qui
744 2406 903 2492 quondum
923 2407 1042 2485 Colchi,
1064 2429 1099 2470 ex
1121 2407 1250 2491 Agathia

174 2513 216 2550 ¹·
262 2538 270 2555 .

243 2590 326 2655 Ibid.
345 2590 392 2652 15.
435 2589 591 2674 ἐφώτισεν
610 2586 720 2665 αὐτόν]
742 2588 901 2672 φωτίζειν,
924 2598 957 2649 ut
979 2598 1010 2651 et
1032 2588 1197 2668 βαπτίζειν
1219 2610 1254 2653 se·

161 2676 354 2758 profitentur
373 2675 456 2758 apud
481 2678 616 2737 Graecos
639 2674 784 2758 baptismi
807 2684 1011 2755 susceptores.

246 2791 331 2855 iord.
356 2790 403 2854 17.
441 2782 552 2871 Ὁμοῦ]
578 2791 751 2853 chronicon
772 2791 856 2853 Alex.
873 2782 1005 2868 Ὀνίνου,
1017 2790 1089 2852 Vnt.
1106 2790 1249 2867 Νουμοῦ.

244 2900 325 2962 ibid.
367 2896 428 2959 αἰιό
453 2900 707 2978 κουροιιαλαιῶν]
737 2898 954 2983 curopalatem
984 2898 1114 2983 explicat
1143 2908 1249 2961 noster

158 2982 312 3045 Codinnsr
333 2983 438 3065 paucis
461 2983 616 3065 Corippus
638 2983 680 3043 lih
701 2982 728 3043 1.
1112 2992 1119 3007 '

285 3085 364 3145 Cum
385 3084 486 3167 magni
505 3104 627 3167 regeres
649 3084 752 3145 diviua
775 3083 887 3167 palatia
909 3084 1016 3165 patris,

282 3182 404 3247 Ordine
423 3204 485 3265 pro
508 3205 614 3247 rernm
635 3184 786 3246 vocitatus
814 3204 891 3246 cura
913 3182 1029 3265 palatii.

160 3300 191 3354 ct
214 3292 265 3353 lib.
287 3290 318 3353 1.

282 3399 525 3483 Dispositorqne
546 3422 643 3461 rrovns
663 3421 770 3465 sacrae
792 3400 964 3461 Baduarins
987 3396 1088 3473 aulae,

285 3500 447 3560 Successor
466 3500 576 3579 soceri,
599 3500 751 3562 vocitatus
775 3500 985 3582 curapalatii.

163 3609 192 3667 id
217 3610 309 3670 officii
330 3608 384 3669 diu
405 3616 475 3669 orate
499 3608 575 3669 hacc
597 3618 738 3691 tempora
760 3608 874 3681 extitit,
898 3616 932 3669 nt
953 3609 1096 3670 olsscrrnt
1117 3606 1248 3669 Thomas

160 3694 298 3776 Dempst.
324 3713 360 3755 er
379 3691 510 3755 Sidonio
533 3692 668 3775 Apollin.
690 3714 755 3754 car.
776 3692 825 3755 23.

288 3812 372 3871 intra
395 3810 496 3871 aulam
509 3809 611 3872 soceri
634 3809 694 3872 mei
716 3808 875 3892 expetitus,

285 3910 400 3973 Curam
421 3933 493 3973 cnm
512 3910 693 3973 moderatus
713 3931 744 3973 es
767 3909 882 3993 palatii.

157 4017 248 4079 huins
270 4040 380 4081 munus
408 4029 497 4097 erat,
535 4030 572 4081 ut
590 4038 687 4080 nuno
713 4020 802 4099 virga
829 4016 988 4080 decoratus
1012 4017 1090 4075 inter
1107 4011 1248 4093 obsequia

156 4122 340 4179 numerosa,
370 4104 556 4187 antepedes
585 4104 681 4183 regios
698 4106 819 4184 prierius
840 4098 1005 4161 incederet.
1047 4096 1248 4157 Cassiodorus

155 4185 209 4252 lib.
232 4184 256 4272 'i
274 4188 363 4269 epist.
386 4185 416 4263 5,
438 4188 586 4270 palatium
609 4185 812 4250 custodiebat.
836 4182 987 4267 Euagrius
1009 4180 1061 4244 hh.
1085 4178 1103 4241 5
1126 4200 1192 4261 cup.
1218 4176 1245 4237 1.
