3050 4900
520 342 570 405 Ex
602 340 860 409 tutoresne
1165 334 1239 405 207

149 510 188 573 od
208 519 313 593 partes
334 509 477 573 'thracae
498 534 515 573 n
537 513 663 575 castetto
685 512 788 575 Galati
805 523 837 576 et
855 533 956 597 nsque
978 512 1017 577 ad
1036 510 1165 575 Didiam
1184 533 1244 596 ap.

144 596 336 679 plicuerunt.
387 616 497 657 verum
526 596 695 679 grandibus
718 596 776 658 itiis
804 598 932 659 naribm
951 618 987 660 es
1008 618 1107 659 ouere
1130 618 1243 679 aggra-

145 680 225 741 vatis
246 689 343 761 atque
362 679 546 756 retardatis,
582 678 665 741 dorsi
687 678 830 743 custodes
855 702 955 764 usqne
978 679 1019 743 ad
1042 681 1153 763 viginti
1173 700 1242 740 sca-

144 764 225 847 phas
249 770 474 843 rernanserunt,
498 762 646 827 habentes
668 774 816 828 centenos
836 764 986 827 loricatos
1006 764 1045 826 ad
1060 762 1115 825 bas
1135 772 1242 825 caste·

147 846 285 909 diendas.
340 856 506 930 praeterea
535 849 725 925 serenitate,
755 867 837 931 quae
858 847 912 910 bas
940 848 972 911 io
993 856 1135 909 reumate
1155 866 1244 907 com·

146 929 328 1011 prehendit,
341 930 460 1009 effecta,
482 939 516 993 et
537 940 668 1013 angusto
686 935 713 1009 ¹)
734 932 893 995 modicam
906 930 1002 994 flante
1022 930 1063 992 ad
1086 931 1244 993 exteriora

143 1014 297 1097 impulsae
317 1022 398 1075 sunt.
453 1015 630 1097 imperator
660 1036 736 1077 vero
768 1016 915 1097 protinus
946 1014 1085 1098 igniferis
1115 1014 1245 1076 navibus
1283 1032 1289 1043 ·

143 1112 259 1161 contra
282 1118 333 1161 eas
353 1097 479 1161 directis
501 1098 540 1161 ab
555 1099 706 1182 Acropoli
725 1098 780 1161 has
800 1098 903 1161 diviua
924 1118 986 1182 ope
1006 1101 1076 1182 igne
1096 1118 1246 1160 consum-

143 1184 223 1265 psit:
242 1193 276 1245 et
297 1181 374 1245 aiiae
395 1182 522 1265 quidem
546 1204 582 1246 er
602 1182 648 1245 bis
672 1183 710 1246 ad
734 1185 824 1267 ripas
852 1202 960 1245 maros
979 1182 1143 1266 proiectae
1162 1187 1246 1257 sunt,

145 1268 226 1329 aliae
244 1286 323 1329 vero
346 1284 408 1327 una
428 1287 500 1329 cuns
519 1265 696 1329 bominibus
719 1266 750 1329 in
772 1266 968 1349 profundam
983 1266 1142 1330 demersae
1160 1274 1243 1339 sont,

146 1369 249 1431 porro
271 1348 349 1411 aliae
380 1349 538 1435 usquead
569 1358 692 1413 acutam
720 1359 754 1413 et
773 1350 867 1412 iatam
888 1350 1018 1411 insulam
1038 1357 1242 1430 contemptae

144 1443 295 1514 portatae
312 1442 394 1497 sunt.
445 1434 616 1518 hincvergo
649 1433 704 1517 qui
725 1444 819 1497 erant
836 1454 873 1496 er
895 1435 976 1496 urbe
995 1430 1142 1494 fiduciam
1163 1436 1338 1514 per-petit

145 1524 309 1599 oeperunt.
359 1524 405 1579 ast
436 1516 540 1615 hostes
566 1536 678 1617 magno
696 1536 831 1615 'pavore
856 1517 997 1614 concussi
1018 1524 1101 1593 sunt,
1121 1511 1241 1611 humidi

145 1598 1242 1769 ttffttttittt'tttsttttttttttfflstttffl‘ttt'

145 1788 254 1831 monos
273 1788 368 1849 snpra
387 1768 627 1851 propugnacuia
655 1768 829 1852 imponere.
869 1768 924 1833 sed
944 1766 1108 1831 consilinm
1130 1786 1243 1827 eornm

145 1850 306 1934 dissipavit
326 1851 524 1933 omnipotens
545 1852 619 1915 deus
638 1872 697 1933 per
718 1852 969 1915 interemtionem
984 1849 1171 1913 castissimae
1189 1845 1241 1909 dei

144 1935 312 2017 genitricis.
354 1934 463 1997 eadem
485 1954 562 1997 uero
583 1944 677 1999 nocte
699 1936 874 2017 imperator
893 1942 1038 1998 catenam
1055 1954 1074 1994 a
1095 1933 1243 2019 iocisGa·

145 2018 198 2081 lati
219 2026 343 2081 secroto
365 2023 407 2095 “)
430 2020 573 2081 removit.
597 2018 715 2081 inimici
736 2029 842 2082 antem
856 2020 1050 2083 aestimantes
1072 2014 1159 2100 qnod
1179 2036 1241 2075 ro·

143 2102 210 2165 teos
232 2121 287 2165 eos
309 2101 457 2184 decipere
478 2100 558 2165 hauc
588 2103 760 2166 removerit
787 2103 971 2187 imperator,
994 2123 1059 2164 non
1080 2100 1143 2162 ansi
1168 2105 1241 2159 sunt

143 2184 266 2247 intrare
287 2206 384 2269 nsque
406 2183 446 2247 ad
465 2207 599 2269 eaquae
620 2187 772 2250 dicuntur
793 2188 905 2262 Crateti,
924 2184 975 2249 vel
995 2184 1163 2285 applicare,
1184 2178 1240 2244 sed

144 2270 322 2350 navigantes
345 2268 382 2330 ad
395 2268 496 2331 sinum
506 2268 660 2332 Sosthenii
675 2271 738 2332 iilic
758 2269 941 2333 munierunt
960 2290 1030 2331 narr
1053 2268 1117 2330 inm
1137 2288 1238 2330 sunm

145 2373 222 2413 sane
244 2360 354 2414 octavo
385 2350 453 2414 idus
474 2352 642 2415 Octobrias
671 2353 811 2416 moritur
831 2352 1010 2416 Soiebiman
1031 2291 1094 2413 dux
1115 2372 1238 2429 eornm,

145 2444 181 2500 et
216 2457 337 2500 emeras
368 2436 461 2500 sumit
491 2434 626 2498 officinm
655 2437 783 2500 Humor.
842 2460 914 2499 cnm
940 2444 1046 2500 autem
1075 2434 1171 2496 biems
1204 2432 1237 2494 in

143 2520 271 2584 Thrace
291 2519 381 2583 valde
400 2520 502 2602 gravis
523 2522 704 2597 accessisset,
725 2523 805 2584 adeo
825 2531 863 2584 ut
882 2531 969 2582 terra
989 2539 1052 2580 non
1071 2524 1200 2600 pareret
1220 2539 1239 2576 a

144 2605 237 2684 nire,
274 2605 409 2687 quaein
443 2627 460 2666 c
498 2604 626 2668 statium¹
653 2627 741 2667 versa
771 2625 835 2666 esse
855 2603 1041 2679 videbator,
1068 2598 1237 2664 mnititndo

144 2709 302 2770 equorum
325 2697 357 2750 et
387 2708 578 2750 corneorum
604 2699 847 2772 ceterorumque
866 2687 1069 2750 sninsantium
1093 2685 1240 2746 inimico-

146 2795 219 2834 rum
240 2781 365 2832 mortua
388 2780 442 2834 est.
462 2793 563 2854 porro
590 2773 709 2835 vernali
730 2783 875 2854 tempore
890 2772 979 2834 venit
998 2768 1148 2852 Sopbiam
1167 2786 1239 2828 curn

145 2858 238 2930 stote,
260 2855 316 2938 qni
337 2857 438 2918 inerat
464 2857 595 2939 Aegypti
616 2866 828 2932 constructus,
851 2855 965 2918 habens
987 2875 1080 2917 naves
1096 2856 1239 2917 trumen-

144 2946 215 2998 tum
236 2940 368 3000 ferentes
391 2935 453 3000 400
477 2951 511 3002 et
533 2941 711 3004 dromones.
754 2949 916 3022 comperta
941 2937 1082 3001 Romuici
1103 2936 1239 3001 efficacia

144 3021 223 3104 ignis
248 3023 435 3085 transcurrit
454 3021 653 3107 Bithyniam,
686 3035 718 3086 et
741 3025 905 3086 incontra
928 3023 1079 3085 transiens
1098 3021 1138 3084 ad
1159 3040 1274 3102 por-p.
1283 3021 1336 3078 610

145 3113 215 3166 tum
234 3105 313 3166 boni
332 3105 407 3189 Agri
429 3108 590 3190 applicuit.
633 3116 705 3191 post
724 3107 887 3189 paululum
907 3116 1011 3191 autem
1033 3106 1118 3166 venit
1137 3104 1241 3166 estti-

146 3187 197 3250 aid
219 3209 291 3250 cum
311 3189 372 3252 alio
396 3193 491 3272 stolo,
513 3192 567 3276 qui
590 3189 691 3254 fueret
712 3199 910 3253 constructus
931 3190 964 3250 io
985 3188 1100 3266 Africa,
1123 3187 1240 3248 babens

149 3282 182 3332 et
204 3273 268 3354 ipse
287 3293 377 3336 naves
399 3271 460 3336 360
490 3286 522 3339 et
542 3285 771 3338 armamentum
799 3283 831 3336 et
851 3283 1001 3354 sumptas.
1045 3271 1187 3336 similiter
1209 3278 1242 3332 et

148 3355 214 3438 ipse
237 3377 310 3418 cum
327 3355 434 3420 eadem
464 3355 502 3422 de
526 3357 654 3422 humido
690 3360 698 3420 i
722 3380 760 3421 ne
782 3357 947 3432 didicisset,
973 3355 1126 3438 appiicuit
1147 3374 1241 3438 penes

147 3439 286 3500 Soteron
313 3449 346 3500 et
370 3441 464 3505 Briau
499 3451 531 3504 et
553 3463 648 3524 usqne
678 3379 720 3504 ad
743 3442 870 3504 Cartare
899 3447 1043 3521 portum.
1097 3437 1242 3522 Aegyptii

148 3543 224 3584 vero
256 3523 367 3584 harum
394 3524 528 3587 duarum
556 3526 694 3588 classium
724 3523 808 3606 apud
828 3545 861 3586 se
883 3531 980 3585 noctu
998 3520 1160 3597 consiliati,
1183 3541 1241 3582 na-

149 3603 235 3668 rium
256 3607 413 3672 frumenta
438 3609 606 3672 ferentium
635 3607 760 3671 sublatis
782 3607 927 3670 lintribus
955 3603 995 3668 ed
1019 3607 1130 3670 urbem
1151 3606 1241 3684 fuge-

148 3697 234 3766 runt,
255 3689 479 3772 imperatorem
501 3693 669 3770 laudantes,
693 3693 735 3754 ita
764 3701 800 3755 ut
819 3691 860 3754 ab
881 3691 988 3754 Hieria
1009 3687 1163 3774 usquead
1184 3705 1243 3748 ur·

149 3769 221 3834 hem
241 3771 378 3856 lignenm
399 3773 561 3840 rideretur
589 3797 685 3839 mare.
739 3775 935 3857 comperiens
968 3781 1071 3835 autem
1101 3791 1160 3853 per
1186 3789 1241 3838 cos

151 3854 325 3939 imperator
341 3855 381 3923 de
401 3859 587 3924 absconditis
610 3859 641 3922 in
663 3861 730 3922 sinn
745 3858 864 3922 duabus
884 3857 1037 3931 classibus,
1057 3853 1240 3939 siphonibus

170 4013 212 4158 ἐξ
227 4011 506 4165 xyxtosyuyltygmg·
541 4089 580 4142 sic
597 4089 693 4142 Graeci
721 4089 766 4145 lc.
788 4095 978 4140 testamentum
997 4083 1069 4156 qssod
1090 4083 1242 4167 exscripto

224 4166 330 4210 consus
360 4161 500 4228 mysticum
527 4168 555 4210 et
583 4169 714 4213 secretum
747 4159 904 4228 appeliant,
932 4149 1004 4230 uois
1031 4153 1243 4222 dursdsuerotrr

223 4233 409 4300 nuncupativi,
428 4231 501 4303 quod
519 4231 635 4286 testibus
653 4228 830 4285 audientibus
846 4235 1026 4298 nuncupatur.
1062 4225 1141 4281 Pars.
