3050 4900
498 294 502 302 ⁵
566 299 570 304 ’
624 343 774 406 noran.
863 347 865 350 ·
1008 363 1017 382 ·
1170 333 1286 404 319-

159 516 336 601 scripsisse:
370 519 448 587 adeo
475 527 511 582 ut
542 521 741 584 Dorotheum
765 517 957 582 sacerdotem
978 543 1090 600 unum,
1111 519 1244 582 altarum

160 605 357 687 episcopum
385 604 470 665 hunc
490 603 606 666 litteras
627 607 717 682 istas,
739 605 870 666 alterum
891 606 975 681 alias,
999 605 1083 666 bunc
1102 604 1243 682 Edessae,

159 690 294 750 atterum
325 687 512 770 Odyssopoli
544 699 727 766 mortuum,
748 687 879 750 eundem
900 697 1001 750 umen
1034 696 1066 749 et
1086 689 1212 750 unicum
1226 709 1245 748 a
1281 685 1286 695 '

160 770 353 913 Thwppeue
369 781 402 832 et
422 771 487 832 aliis
506 779 686 854 reputatum
706 793 779 833 cum
792 771 929 834 ltaronio
951 773 982 834 in
1002 780 1135 855 martyr.
1151 767 1245 832 ¹facile

160 855 202 917 sit
220 855 379 937 catigeta.

243 974 298 1055 36,
323 977 372 1038 ta.
411 973 567 1055 Συμεῶνα
594 965 851 1056 ἆρχιιιιιλικοιιον]
881 978 970 1040 istam
995 975 1122 1040 Saboris
1141 997 1245 1058 perse-

161 1060 338 1135 cutionem,
371 1069 403 1121 et
430 1061 591 1144 symeonis
617 1063 837 1144 sociorumque
858 1072 993 1124 mortem
1014 1060 1053 1122 ad
1075 1059 1246 1124 Constantii

160 1152 193 1206 et
214 1143 388 1205 Constantis
408 1151 552 1224 tempora
569 1145 731 1206 submovet
752 1147 903 1206 Baronius
931 1167 979 1206 an.
1004 1140 1063 1206 341
1087 1167 1171 1204 num.
1196 1141 1245 1223 10,

160 1249 199 1292 eo
222 1227 349 1292 nomine
363 1227 449 1309 quod
460 1227 667 1312 Hieronymus
688 1228 719 1288 in
741 1228 893 1290 chronico
913 1228 1127 1310 praefatorum
1148 1227 1245 1308 impp.

161 1319 264 1372 aetate
286 1310 440 1372 Sabcrem
469 1311 501 1371 in
525 1311 714 1373 Christianos
742 1313 860 1374 referat
887 1311 1045 1374 saeviisse:
1076 1311 1161 1393 quasi
1191 1329 1246 1371 rex

161 1395 275 1475 impius
306 1393 338 1453 in
360 1415 412 1455 eos
438 1394 631 1476 frequentius
663 1394 781 1478 impelli
812 1417 876 1457 non
903 1395 1055 1476 potuerit,
1076 1394 1163 1476 quod
1182 1393 1247 1475 ipse

160 1477 367 1560 Hieronymus
395 1486 546 1539 recenset.
596 1486 708 1540 auctor
734 1478 938 1559 Theophanes
959 1479 1165 1540 sozomenum
1196 1497 1247 1537 se-

161 1571 275 1643 quutus
299 1560 424 1622 Saboris
447 1565 695 1642 persecutionem
720 1563 856 1644 primam
882 1561 1076 1624 Constantini
1095 1559 1247 1641 tempori-

159 1643 216 1704 bus
237 1643 385 1704 annectit.
438 1645 603 1707 Soaomeni
623 1643 705 1706 idem
724 1645 880 1706 sentientis
901 1644 1111 1706 testimoninm
1131 1662 1247 1703 occur.

160 1726 204 1788 rit
222 1727 316 1788 litat
342 1747 410 1808 cap.
429 1726 450 1788 8
471 1738 503 1789 et
522 1749 608 1812 seqq.
641 1729 794 1790 Sabcrem
806 1773 815 1807 ,
843 1729 1009 1791 Saborium
1041 1736 1073 1790 et
1095 1726 1248 1809 Saporem

160 1821 273 1872 auctor
293 1830 517 1894 nonnunquam
536 1813 656 1873 scribit.

240 1932 321 1994 Ibat
345 1931 394 1998 13.
449 1929 505 1996 sui
519 1929 573 1996 stis
607 1934 784 2014 Σιλιοκιάς]
804 1935 891 1998 addit
923 1943 1035 1998 auctor
1062 1927 1105 2004 οὖς
1126 1929 1248 2014 patoes.

160 2015 237 2077 duos
268 2017 365 2097 igitur
387 2025 479 2100 putat
507 2039 588 2098 esse,
608 2017 694 2080 huuc
726 2019 955 2101 Ctesiphontis,
976 2020 1068 2080 istum
1089 2015 1247 2079 Seleuciae

182 2101 324 2166 raesules.
367 2123 465 2162 unum
487 2108 589 2162 tamen
611 2110 644 2164 et
663 2103 795 2164 eundem
808 2101 1014 2184 Ctesiphontis
1035 2100 1125 2162 simul
1144 2107 1176 2161 et
1190 2099 1248 2160 Se-

157 2122 274 2244 lhuciae
293 2183 473 2265 episcopum
493 2185 583 2246 fuisse
595 2184 780 2268 symeonem
803 2188 893 2267 pouit
913 2187 1102 2248 sozomenus
1125 2182 1247 2244 citatus.

160 2263 329 2348 Σομεώνην
357 2262 412 2328 tta
433 2263 501 2328 τότε
523 2263 770 2346 ἅρχιεπίσκοιιοα
796 2270 963 2342 §atavum
983 2263 1037 2328 καὶ
1060 2265 1249 2360 Aequaque-

160 2367 216 2418 τος
234 2348 295 2408 τῶν
323 2348 357 2410 ἑν
387 2347 528 2430 Περσίδι
555 2351 793 2426 βασιλιοοασοῖν
816 2346 956 2430 πόλεων,
986 2347 1030 2421 οἷς
1063 2351 1156 2428 patos
1176 2367 1250 2408 ossa

160 2425 379 2509 διαβάλλουσι.
434 2456 531 2493 unum
552 2435 645 2495 etiam
672 2435 857 2519 Sym'eonem
893 2433 985 2496 babet
1013 2430 1187 2493 Anastasius
1216 2429 1248 2491 in

158 2536 223 2589 sua,
245 2536 308 2575 non
330 2515 407 2577 adeo
431 2515 570 2594 historia,
594 2539 687 2599 quam
704 2518 903 2600 Theophanis
926 2516 1079 2577 versione.
1122 2512 1250 2573 unicum

157 2598 280 2680 pariter
300 2600 464 2683 utriusque
484 2600 570 2662 urbis
598 2601 766 2662 antistitem
795 2610 950 2662 memorat
968 2601 1142 2660 Romanum
1164 2616 1248 2657 mar-

159 2681 351 2765 tyrologium
363 2684 476 2764 Aprilis
492 2683 529 2744 91
547 2694 578 2746 et
590 2684 742 2745 Baronius
757 2684 817 2744 suis
830 2682 861 2745 iu
876 2682 951 2744 illud
970 2682 1066 2743 notis:
1092 2687 1127 2739 ut
1138 2687 1170 2741 et
1180 2700 1249 2740 me·-

157 2763 319 2865 noloqium
341 2766 452 2847 Aprilis
475 2766 610 2828 eiusdem
639 2767 690 2830 die
720 2767 757 2829 17
781 2766 1011 2849 Κτησιφῶντος
1032 2764 1114 2826 enim
1133 2773 1165 2825 et
1185 2762 1250 2823 Σο·

157 2843 493 2992 Ιλὴκάηγιμοαευοαοῶν
512 2848 547 2912 εἰν
556 2847 696 2932 Περσίδι
715 2846 836 2912 πόλεων
857 2871 927 2912 eum
948 2850 1047 2912 solum
1069 2846 1250 2932 pontificem

170 2954 210 2992 an
233 2940 276 2991 at.

241 3036 292 3115 37,
312 3036 341 3099 9.
384 3038 429 3101 sai
453 3038 482 3100 δ’
513 3036 600 3124 αὐτῷ
634 3034 695 3101 ἔτει
710 3036 836 3121 Ἑλένην
856 3036 915 3121 τήν
935 3034 1108 3121 μακαρίαν]
1130 3035 1170 3099 ad
1191 3060 1249 3097 an.

156 3143 232 3183 nutu
254 3106 448 3184 Constantini
477 3124 648 3186 vicennalia
667 3134 846 3208 sequentem
874 3121 1106 3207 conquirendae
1126 3131 1249 3181 sanctae

157 3205 259 3265 crucis
286 3206 424 3267 studium
455 3215 486 3269 et
513 3208 656 3269 laborem
686 3210 809 3289 seponit
838 3208 989 3269 Baronius
1020 3228 1091 3267 cum
1113 3201 1248 3286 antiquis

154 3286 313 3350 historicis
334 3288 373 3350 ad
395 3300 509 3350 annum
540 3290 655 3353 Christi
676 3288 737 3355 396
757 3314 841 3355 num.
862 3290 900 3354 27
922 3300 954 3353 et
973 3310 1060 3374 seqq.
1101 3285 1249 3349 videndus

158 3372 325 3434 Gretserus
347 3394 444 3455 opere
462 3374 501 3435 de
521 3395 626 3436 cruce.

240 3477 292 3556 38,
313 3479 344 3542 7.
386 3475 496 3542 ἕλιοοε
528 3476 563 3543 ni
595 3478 798 3565 ζητούμενοι]
828 3482 888 3545 alia
908 3479 1094 3564 exemplaria
1117 3476 1249 3562 legentis

155 3555 262 3636 ἔλασε,
281 3571 429 3647 sequutus
451 3587 519 3626 sum
540 3565 572 3626 iu
592 3566 745 3628 versione.

239 3667 325 3734 Isia.
352 3668 399 3736 19.
441 3670 489 3732 s’u'
513 3665 647 3750 ὀνόματι
665 3672 720 3751 τῆς
742 3664 858 3754 ἑαυτῆς
876 3667 963 3755 uicti]
980 3670 1140 3733 Basilicam
1162 3667 1250 3728 Con·
1338 3712 1342 3719 .

156 3754 377 3815 stantinianam
407 3754 560 3837 intelligit,
588 3755 650 3816 alio
684 3757 809 3817 nomine
828 3750 1003 3834 μαρτύριον
1025 3750 1249 3835 Hierosolymis

119 3900 128 3911 ‚
157 3836 283 3902 dictam.
341 3836 379 3898 de
407 3836 491 3899 hisce
513 3838 633 3921 templis
653 3838 805 3901 Eusebius
835 3839 874 3901 de
890 3840 1031 3901 laudibus
1054 3834 1250 3900 Constantini

156 3920 252 4003 paulo
275 3930 349 3983 aute
372 3919 518 3982 medinm.

236 4026 359 4107 39,17.
402 4027 494 4113 τῷδ’
523 4026 608 4113 αὐτῷ
627 4022 690 4091 ἔτει
719 4023 943 4112 ὅφοροόνομος
964 4020 1147 4111 Μακάριος]
1170 4028 1250 4090 hanc

156 4111 323 4193 periodum
343 4134 361 4173 a
385 4112 589 4175 librariorum
609 4113 770 4197 prioribus
803 4134 857 4174 suo
879 4115 948 4174 loco
975 4111 1069 4172 nimia
1091 4108 1249 4191 προλήψει

156 4203 272 4257 motam
283 4195 354 4259 satis
366 4190 483 4261 iudicat
493 4218 622 4283 sequeus
633 4218 790 4262 annorum
804 4198 971 4261 eunonium
982 4206 1015 4260 st
1026 4194 1250 4281 episcoporum
