3050 4900
624 273 772 337 NOTAE.
905 305 910 330 ι
1172 267 1246 340 395

248 438 320 521 186,
339 442 370 505 7.
424 437 608 522 προσελθοὶν
627 439 672 517 αἷς
698 436 831 526 ὕπατος]
854 446 961 508 consul
983 444 1022 508 eo
1044 466 1128 506 anno
1149 445 1252 507 extitit

162 527 317 588 excitato
346 525 518 608 chronico,
538 537 570 589 ct
599 529 709 589 trabea
737 529 894 592 consulari
923 537 1050 592 ornatus
1072 549 1199 590 munera
1217 529 1249 588 iu

163 610 317 706 pppulum
347 612 474 693 publice
503 612 639 694 sparsits
662 613 749 696 quod
778 613 898 695 saepius
920 613 1005 696 apud
1025 621 1185 674 auctorem
1206 621 1253 674 cst

161 713 197 756 ro
221 694 467 775 προσέρχεσθαι.

244 799 328 862 Iba.
345 800 376 862 8.
417 799 608 872 Βοσιλίσνιος
638 797 715 864 ddi
744 801 882 882 Βερίνης
914 797 1065 886 αἰλολφός]
1098 801 1251 880 Euagrius

162 881 218 945 lib.
237 905 306 966 cap.
325 881 356 962 3,
380 881 547 946 lornandes
566 883 604 947 de
624 907 711 970 regn.
730 895 764 948 et
782 895 914 1029 tempor.
934 888 1134 952 successione.
1155 887 1253 948 ebro-

163 967 259 1028 nicon
283 965 444 1030 Alexandr.
478 967 518 1028 ed
547 969 679 1032 Zenonis
709 991 823 1030 anuum
866 967 1034 1048 ,Melchus
1053 969 1200 1052 sophista,
1222 975 1253 1032 et

163 1048 322 1111 Candidus
353 1053 474 1112 lsnurus
493 1051 577 1132 apud
602 1051 752 1116 Plautium
783 1051 875 1116 codd.
903 1051 945 1116 78
965 1061 997 1118 cl
1020 1050 1071 1132 79,
1096 1061 1129 1116 et
1146 1051 1253 1114 Theo-

165 1132 264 1196 dorus
286 1133 461 1198 lectoa'lib.
487 1134 502 1195 1
523 1134 645 1198 collect.

247 1239 318 1318 187,
337 1239 368 1307 3.
410 1235 464 1302 ded
480 1236 595 1325 ια’πον]
616 1239 735 1315 τύπους
762 1244 864 1306 edicta
882 1243 1077 1320 ιοιίνενιαίιὶι,
1098 1263 1253 1323 canones,

161 1324 285 1406 segidae
306 1332 422 1389 vocant
437 1326 552 1388 Graeci
573 1327 773 1404 recentiores,
796 1347 847 1388 eos
868 1325 907 1390 de
928 1327 1039 1411 quibus
1058 1325 1110 1388 hic
1127 1327 1255 1403 mentio,

162 1406 346 1487 ἔγαυιιλιους
370 1405 532 1487 συλλαβάς
538 1455 549 1486 ,
576 1410 728 1493 Euagrius
749 1432 818 1494 cap.
839 1409 860 1472 4
880 1409 1059 1490 ἐγκυκλίους
1080 1404 1254 1488 ἐπιστολάς,

163 1500 198 1552 et
217 1485 364 1636 εἰρνιίιλια
393 1491 600 1575 Nicephorns.
629 1503 740 1556 auctor
769 1495 834 1577 ipsc
853 1491 952 1558 sinos
985 1485 1106 1574 μεναιὸν
1127 1491 1254 1558 inferius

161 1574 220 1636 scri
243 1574 279 1636 it.

242 1680 324 1744 lba'ci.
350 1679 384 1744 8.
437 1679 625 1764 Ὀχούμενος
655 1673 727 1768 ὄναρ]
753 1685 841 1768 quod
866 1704 928 1766 pro
957 1703 1047 1746 mora
1078 1682 1183 1756 foret,
1203 1673 1252 1746 vel

161 1785 260 1827 curru
288 1772 414 1846 vectos,
436 1767 492 1828 'vel
520 1766 660 1830 iumento
689 1769 814 1829 minore
844 1766 1008 1829 insidentes
1039 1765 1255 1852 patriarchas,

163 1846 284 1909 litanias
302 1849 367 1911 sive
390 1851 626 1933 processionum
647 1872 755 1934 preces
771 1851 943 1914 celebrare.
987 1849 1154 1912 recolenda
1176 1869 1256 1932 quae

162 1930 202 1994 de
222 1933 253 1992 S.
272 1931 390 1996 Proclo
412 1934 552 2016 superins
574 1936 664 1996 lecta.
705 1935 893 1996 Theodorus
914 1935 1018 1999 lector
1039 1927 1192 2016 legendus.

245 2037 368 2119 188,1.
409 2035 429 2100 o‘
452 2033 594 2124 πάππος]
624 2041 721 2104 dictio
749 2039 883 2104 vocandi
903 2041 1076 2123 significatu
1098 2038 1256 2122 accipien-

163 2123 213 2185 da.
261 2123 336 2186 binc
357 2123 515 2186 Cedrenus
533 2126 675 2188 vocative
693 2121 793 2186 πιίποι.
820 2147 881 2186 non
911 2125 1038 2186 minima
1066 2123 1258 2206 scriptorum

160 2229 237 2294 pars
260 2206 344 2270 inter
359 2210 493 2270 Graecos
510 2230 528 2270 a
548 2209 658 2291 Cyrilli
678 2209 823 2271 Celestini
846 2229 947 2291 papae
968 2207 1101 2270 Romani
1125 2207 1156 2266 in
1180 2227 1257 2266 con-

164 2291 239 2353 cilio
257 2290 413 2375 Ephesino
434 2292 528 2372 legati
557 2293 750 2373 temporibus
777 2291 989 2374 patriarcham
1013 2290 1254 2355 Alexandrinum

160 2394 263 2459 papae
293 2375 419 2436 nomine
453 2374 697 2435 remunerandae
724 2375 831 2447 Cyrilli
856 2375 1002 2457 pietatis,
1029 2381 1061 2434 et
1090 2373 1123 2433 in
1149 2372 1252 2432 sedem

159 2460 294 2523 Roman.
317 2459 540 2543 obsequiorum
582 2458 660 2518 satia
681 2445 985 2539 compensandorum
1004 2456 1144 2517 scribunt
1163 2456 1254 2516 fuisse

162 2542 325 2603 donatum.
378 2542 457 2602 tanti
479 2480 634 2625 privilegii
668 2562 761 2623 penes
782 2542 864 2625 ipsos
889 2542 928 2603 sit
949 2540 1034 2611 fides,
1062 2560 1142 2622 quae
1163 2538 1254 2599 Nice-

159 2624 266 2711 phoro
290 2626 342 2687 lib.
368 2624 407 2687 14
427 2644 494 2707 cap.
516 2624 557 2687 34
591 2625 782 2687 anctoritate
816 2632 913 2685 nutet.
947 2620 980 2698 ἐξ
1011 2608 1051 2681 οὗ
1079 2615 1178 2701 λόγος,
1200 2621 1252 2680 in-

160 2710 241 2793 quit,
262 2704 317 2769 sai
335 2704 369 2769 τό
391 2707 448 2789 τῆς
466 2710 584 2787 μίτρας
603 2706 740 2785 ἐπίθεμα
760 2706 933 2790 εἰληφέναι,
957 2704 1013 2766 καί
1032 2700 1090 2784 τὴν
1109 2704 1167 2764 soi
1187 2698 1250 2763 πί.

104 2846 109 2853 .
158 2814 206 2852 πα
226 2790 443 2873 προσηγορίαν
470 2794 588 2875 λαβεῖν,
609 2787 665 2851 καί
693 2792 748 2871 τῆς
771 2790 952 2872 οἰκουμένης
974 2782 1080 2867 κριτήν
1098 2780 1252 2864 ὅνομιίζε-

158 2876 252 2936 σθαι.
289 2894 409 2959 expuo
436 2888 573 2960 tempore
585 2872 681 2955 sama
701 2887 744 2934 est
774 2874 861 2950 (mihi
883 2884 969 2937 certe
993 2870 1107 2947 sabula)
1127 2874 1251 2931 mitram

158 2958 259 3034 illatas,
279 2972 310 3021 et
326 2979 432 3042 papae
456 2959 707 3043 appellationem,
739 2970 826 3043 atquae
846 2970 879 3017 ut
902 2958 1036 3017 waieersi
1053 2954 1135 3015 orbis
1153 2952 1253 3014 index

158 3041 380 3124 appellantem,
403 3046 559 3123 accepisse.
609 3040 724 3116 fabula,
747 3040 885 3123 inquam,
907 3038 1112 3101 insulsissima.
1152 3036 1252 3097 Atha-

158 3123 261 3183 nasius
283 3124 365 3185 enim
386 3125 505 3208 Cyn-illo
525 3124 617 3206 prior
636 3126 768 3206 seipsum
788 3144 903 3205 papam
924 3120 1054 3205 epistola
1076 3118 1116 3179 nd
1138 3122 1251 3180 Antio-

158 3206 283 3269 chenses
304 3207 423 3268 scribit.
473 3202 504 3267 oi
530 3206 783 3287 ἐπιστείλαντος,
811 3199 839 3287 ὅ,
855 3224 890 3267 το
923 3208 1031 3275 πάντας
1049 3198 1251 3279 Ἀθανὰσιος,

156 3288 215 3351 καί
236 3282 266 3351 oi
285 3284 526 3371 παρατυχόντες
553 3285 613 3351 οὖν
633 3286 720 3373 uisui
738 3289 773 3352 iv
794 3286 1027 3373 Ἀλεξανδρείᾳ.
1069 3288 1124 3371 qai
1144 3286 1252 3367 episto-

156 3373 221 3434 lam
243 3375 446 3457 scripserim,
466 3386 535 3436 sunt
554 3375 627 3435 isti:
654 3394 745 3457 papa
774 3373 967 3445 Athanasius,
991 3386 1020 3433 et
1039 3370 1093 3453 qui
1111 3389 1180 3430 οιιοι
1197 3368 1253 3427 illo

108 3473 112 3481 '
156 3457 529 3601 Alexandriaeasuerunt.
552 3476 780 3537 praecessorem
796 3454 1001 3517 Alexandrum
1023 3474 1136 3536 papam
1161 3472 1253 3510 com·

157 3538 257 3621 pellet
267 3538 378 3603 Alexan
403 3542 489 3603 rinus
502 3538 602 3603 clerus
618 3538 702 3621 apud
724 3540 823 3622 ipsum
837 3536 1047 3615 Athanasium,
1069 3544 1100 3601 et
1113 3532 1252 3617 Epipha-

152 3621 246 3685 ninm
266 3619 387 3687 haeresi
417 3622 466 3687 69.
514 3622 663 3707 μακαρίῳ
690 3619 797 3708 πάνια,
817 3616 975 3707 ἐπιοκόπιρ
1001 3614 1091 3701 ripaeis
1112 3610 1252 3687 Ἀλεξάν·

158 3703 235 3789 δριρ,
257 3700 288 3768 oi
312 3704 538 3788 πρεσβύτεροι,
569 3700 625 3767 καί
644 3698 674 3765 oi
695 3699 844 3772 διάκονοι.
886 3705 974 3767 beato
990 3726 1095 3803 papae
1116 3702 1252 3783 episcopo

155 3802 257 3852 nostru
278 3790 469 3853 Alexandro
491 3791 665 3874 presbyteri
691 3800 721 3849 et
740 3786 885 3866 diaconi,
904 3792 937 3849 in
958 3788 1092 3858 dommo,
1116 3783 1252 3843 saltuem.

154 3870 240 3933 etin
262 3874 411 3956 epistolae
431 3894 587 3955 processu.
630 3873 666 3931 τί
688 3867 857 3954 μέμφεσθε
887 3866 1080 3954 Ἀλεξάνδρῳ
1100 3864 1142 3949 τῷ
1163 3862 1253 3947 πάπρ

152 3954 274 4033 λέγοντι
293 3954 328 4017 dx
348 3958 407 4017 rosi
426 3952 548 4035 πατρὸς
570 3949 626 4017 τόν
644 3946 734 4030 υἷόνς
753 3954 830 4038 quaid
856 3952 1067 4039 expostulastis
1087 3971 1155 4012 curn
1172 3948 1251 4010 Ale-

153 4036 280 4099 κοπιίιυ
297 4058 384 4122 papa
415 4062 457 4101 ea
473 4054 563 4122 patre
578 4037 681 4119 βίίιιοι
707 4044 887 4098 asserente?
927 4030 1113 4109 Hieroclem,
1141 4029 1251 4113 vulga-

152 4118 218 4183 rius
238 4119 405 4184 Heracleae
436 4143 472 4185 ea
493 4119 703 4206 appellatione
733 4120 871 4203 primum
894 4118 1051 4204 qnondam
1082 4115 1247 4177 salutatum
