3050 4900
214 324 352 405 '508
502 300 508 310 ’
647 338 690 403 in
718 335 997 403 camoranam

279 507 319 569 ab
338 506 453 598 Angelo
473 506 641 571 Theodoro
668 510 771 571 tracto
800 508 926 591 potios,
957 526 1051 651 imm
1081 504 1219 589 propriis
1248 504 1366 567 vlribas

279 592 387 665 fretus,
411 611 507 674 parva
531 592 589 653 sibi
621 591 761 653 auxiliari
790 612 883 653 manu
904 611 940 653 er
984 588 1083 674 cythis
1103 588 1278 663 condocta,
1308 610 1367 653 aee

278 696 409 737 numero
431 674 557 757 quidem
576 674 716 749 millenis,
733 674 936 737 confidentius
951 674 982 735 in
998 673 1182 735 conflictam
1198 672 1366 755 agebatur,

277 752 321 829 cic
343 756 429 838 φασί
444 776 525 829 τινας
544 758 585 841 τῇ
606 754 726 843 σημαίρ
747 753 803 819 τάν
823 752 980 841 ἔγγραφον
1004 750 1097 838 ὅρκον
1117 755 1176 817 τοῦ
1197 751 1366 832 Θεοδώρου

277 830 493 922 άπαιωρὴσας,
513 840 599 923 signo
628 842 721 903 etiam
748 840 893 915 militari,
916 849 952 901 ut
982 839 1173 901 anonnullis
1196 838 1365 901 memoriae

277 922 438 1005 proditum
459 934 516 1005 est,
539 922 740 988 iureiurando
755 922 916 987 Theodori
936 923 1054 1007 scripto
1070 926 1244 1007 'appeos0.”

358 1054 429 1133 561,
451 1054 480 1119 7.
522 1054 638 1131 μαθών
665 1052 722 1137 τήν
751 1049 1003 1139 τάνἈρμενάων
1021 1044 1132 1137 ἧτταν]
1150 1055 1225 1117 victi
1246 1054 1284 1115 ad
1306 1055 1364 1116 Sa·

277 1138 463 1221 bastopolim
492 1142 635 1222 Armeni,
652 1162 733 1213 ,eam
767 1142 878 1203 urbem
908 1140 1143 1221 Cappadociae,
1178 1138 1228 1201 vel
1259 1139 1364 1200 Ponto

276 1242 340 1283 non
360 1220 612 1305 adscribendam,
641 1224 703 1287 imo
725 1218 891 1302 ‘Armenias
914 1224 1007 1306 ipsius
1028 1232 1134 1305 eaput,
1154 1233 1187 1285 et
1207 1222 1300 1285 medii
1318 1223 1366 1282 si-

278 1326 334 1367 nas
357 1306 513 1369 civitatem
548 1328 611 1369 non
645 1308 783 1390 ignotam
807 1307 979 1370 declarant.
1031 1306 1209 1369 eThracia
1238 1326 1364 1388 qaoque

277 1388 429 1471 Abydeno
452 1390 532 1452 freto
553 1392 676 1453 traiecti
690 1392 835 1469 sclavini,
857 1392 887 1453 in
912 1390 1141 1473 Cappadociam
1161 1388 1366 1466 maritimam,

278 1473 327 1533 vel
347 1472 379 1535 in
403 1474 584 1537 ulterioreni
605 1474 788 1537 Colchidem
809 1486 844 1538 ut
866 1474 941 1559 qnid
963 1480 1182 1555 penetrassent,
1204 1473 1310 1535 eastris
1332 1482 1365 1533 et

278 1556 354 1617 aciei
375 1557 445 1619 loco
474 1558 503 1618 in
527 1560 672 1621 Armenia
696 1556 872 1640 deputatis?
926 1579 1024 1641 quare
1043 1555 1194 1619 dictiones
1215 1557 1252 1639 τῇ
1272 1547 1363 1633 παρά

277 1632 453 1717 θάλασσαν,
474 1642 513 1703 ad
543 1644 613 1703 anni
634 1642 805 1725 superioris
837 1650 953 1706 textum
974 1640 1087 1724 positas
1110 1638 1287 1703 redundare
1307 1658 1363 1699 se-

277 1720 436 1786 hementer
456 1726 604 1807 suspicor.

357 1838 510 1905 Ihid.10.
552 1834 609 1901 τάν
634 1836 796 1920 Χαγάνον]
818 1840 954 1923 Belgas-i,
976 1839 1124 1917 sclavini,
1144 1837 1232 1901 Uooi
1252 1835 1362 1898 dacem

275 1940 364 2018 suum
389 1923 591 2021 agnominant
616 1923 804 2022 Gisgonem.
856 1924 909 1985 lrie
930 1925 981 1987 ille
1002 1932 1056 2021 at,
1079 1944 1172 2022 quem
1195 1941 1290 1983 annm
1309 1942 1363 1982 su.

275 2024 385 2085 persor
409 2006 580 2087 Νεβουλον,
605 2006 796 2089 Nicephoras
817 2006 848 2068 Γ
845 2008 974 2087 εβοῦλον
995 2014 1128 2091 scripsit.

359 2128 438 2191 tota
464 2128 512 2191 19.
555 2130 716 2213 descissere
739 2130 803 2194 τῶν
821 2130 956 2217 χοίρων]
978 2154 996 2193 a
1016 2129 1179 2195 Saracenis
1198 2131 1363 2213 porcinam

278 2230 403 2273 camma
428 2212 553 2277 Iudaico
576 2238 666 2279 more
689 2216 913 2278 aversantibus.

356 2326 428 2407 562,
462 2330 490 2392 2.
544 2327 768 2412 οακκτλλάριον
794 2328 910 2408 adrat]
937 2330 1045 2394 Suidas
1074 2352 1105 2392 τ.
1126 2324 1364 2397 ’άοοστινιανάς”

273 2412 392 2490 ταριιάν
409 2413 471 2476 τάν
491 2414 663 2494 βασιλικῶν
682 2410 852 2498 χρημάτων
876 2416 1047 2500 expressius
1068 2412 1219 2477 nominat.
1260 2412 1283 2473 is
1304 2432 1362 2472 co·

273 2517 336 2558 mes
359 2518 464 2560 rerum
485 2500 680 2582 privatarum
703 2500 811 2564 domes
834 2499 957 2563 divinae
978 2501 1053 2562 olim
1076 2499 1185 2574 dietus,
1205 2494 1258 2580 qui
1278 2495 1364 2556 bona

272 2579 442 2725 publilpatm
464 2593 519 2724 aelst
534 2583 592 2644 alis
614 2583 736 2648 ratione
762 2582 802 2645 ad
819 2585 925 2646 fiscum
951 2583 1141 2667 pertinentia
1163 2579 1362 2644 administra-

295 2674 338 2726 at.
379 2665 486 2726 anciro
500 2666 554 2732 lus.

356 2770 439 2833 ibid.
461 2769 491 2833 6.
532 2767 651 2833 τούτων
681 2769 866 2850 ἐπιστάτας]
887 2769 1088 2855 παραστάτην
1111 2761 1222 2832 Graeci
1243 2776 1359 2830 vocant

273 2851 368 2919 hodie
388 2855 620 2938 compulsorem,
641 2863 673 2918 et
700 2875 864 2940 operarum
892 2857 1097 2942 praesectum,
1130 2853 1185 2936 qai
1208 2855 1306 2914 lentos
1327 2861 1360 2913 et

275 2935 391 3002 desides
416 2947 517 3020 urget,
541 2947 573 2999 et
592 2947 627 3000 ut
646 2949 875 3020 promoveatur
890 2949 984 3022 atque
1005 2937 1184 3001 absolvatur
1207 2955 1287 3018 opas
1309 2934 1361 2994 in.

275 3019 397 3106 vigilat:
418 3021 469 3082 ille
490 3040 565 3082 reor
586 3032 631 3085 est
646 3019 797 3105 ἐστι’κτης,
815 3025 888 3084 alias
910 3018 1098 3102 ἐκβιβαστῆς
1118 3021 1207 3082 Basil.
1230 3017 1362 3100 eclog-9

274 3105 383 3170 dietas.
405 3099 574 3186 ἐπιστάτην
594 3113 696 3166 aulem
717 3127 884 3189 operarum
901 3109 1050 3190 caiusque
1069 3104 1187 3167 ordinis
1209 3102 1362 3186 lignario-

275 3211 347 3253 rum
370 3209 399 3248 τ.
420 3211 448 3272 g.
470 3189 769 3267 caementariorum,
792 3188 982 3266 dolatorum,
1000 3204 1055 3252 etc.
1071 3188 1287 3271 primicerium
1308 3185 1361 3248 in-

275 3281 445 3358 terpretor.
488 3292 540 3352 eos
561 3270 850 3354 πρωτομσστσάροος
875 3274 1010 3358 volgaris
1031 3271 1126 3334 dietis
1149 3276 1316 3353 nuncupat.

353 3405 435 3471 thid.
456 3401 486 3466 8.
537 3401 690 3477 παιδικός
718 3404 760 3466 ds'
791 3402 909 3482 άβίνων
941 3405 1160 3486 μαστιγῶσαι]
1190 3403 1298 3468 Suidas
1329 3425 1361 3464 τ.

269 3485 497 3560 Ἰονστινιανός.
527 3509 561 3550 ex
583 3488 782 3570 Niccplsoro:
811 3479 887 3570 ἄχρι
919 3485 976 3550 κατ’
995 3487 1040 3562 εἰς
1061 3483 1121 3566 τήν
1139 3488 1262 3569 μητέρα
1283 3485 1361 3550 Ἰοα-

272 3571 434 3634 στινιανοά
453 3567 509 3650 τὴν
535 3565 650 3652 τάλμιγν
677 3569 835 3652 ἐξήνεγκε,
866 3567 1023 3650 μάστιγας
1050 3569 1132 3656 αὐτῇ
1153 3572 1188 3634 ἐν
1208 3568 1358 3654 ὀχήματι,

274 3651 318 3728 ὥς
342 3647 371 3715 oi
400 3653 636 3732 γραμματισταί
664 3662 728 3728 τοῖς
757 3655 867 3717 παισίν
900 3655 1096 3731 ἐπιθέμενος.
1149 3653 1233 3716 odeo
1265 3669 1297 3716 ut
1325 3656 1361 3714 in

272 3741 371 3837 ipsam
392 3737 557 3800 Iustiniani
577 3752 701 3798 matrem
723 3740 865 3800 sxtrderr't
876 3742 1082 3813 temeritatem,
1102 3727 1280 3800 merbec-ibas
1298 3738 1362 3819 ipsi

272 3842 305 3883 m
323 3841 414 3882 carru
432 3817 712 3902 ladinsagistmrum
738 3843 821 3884 mose
850 3819 986 3906 irfiictis.
1037 3819 1148 3900 άβίνας
1200 3841 1287 3896 erro,
1309 3819 1360 3880 vel

273 3899 393 3983 άβήνας
414 3903 551 3986 Oppiani
572 3901 746 3968 scholiastes
770 3900 936 3982 σκυτάλας,
955 3907 1092 3982 scuticas,
1106 3914 1138 3965 et
1184 3906 1286 3986 agella
1310 3903 1361 3962 in-

273 3997 484 4134 ἑειρρεισιῑιιτέ
507 3985 660 4050 habenam
683 4009 809 4073 quoque
826 3991 973 4052 scuticam
994 3988 1136 4072 intelligit
1145 3973 1291 4052 lloratios
1301 3985 1356 4052 lib.

312 4082 442 4154 episloa
485 4117 492 4134 .

398 4178 429 4240 in
449 4179 537 4246 scalis
556 4179 648 4242 latuit
670 4188 807 4244 metuens
828 4177 990 4262 pendeatis
1011 4179 1157 4243 labeum
