3050 4900
654 382 807 451 ttom.
1182 382 1252 451 527

168 540 245 607 ctus,
269 540 389 595 mutato
414 536 547 611 nominc,
570 536 679 599 Conon
702 538 802 617 latuit,
822 536 877 601 sed
896 560 969 603 vera
989 541 1063 618 scra,
1082 540 1148 603 Leo
1169 550 1255 623 post-

168 614 296 677 modum
315 618 472 699 apparuit.
522 620 652 681 nominis
677 622 813 705 fideique
839 622 981 687 desertor
1006 624 1071 687 Leo
1092 626 1254 687 Cononem

168 701 302 763 aiteram
322 710 418 763 status
438 704 633 765 ecclesiastici
659 724 887 787 praecessorem
909 716 1081 791 apostatam
1100 708 1251 771 imitatur:

168 782 292 869 dequo
312 784 353 846 ad
376 806 491 849 anunm
512 788 663 849 Anastasii
681 788 700 851 2
721 810 791 872 pag.
814 793 886 858 118.

167 980 175 999 ·
249 898 322 977 697,
349 898 381 963 9.
400 982 408 999 ‚
429 898 530 965 adacei
560 902 737 987 συνθηκῶν]
765 904 913 989 leguntur
932 904 1013 989 apud
1035 908 1192 983 Codinum
1212 914 1253 976 de

165 1004 239 1067 amp.
263 994 479 1047 coronatione.

246 1098 319 1179 628,
340 1096 374 1163 4.
417 1101 552 1180 διΐπντιν]
571 1103 712 1187 bigarum
726 1105 757 1165 in
778 1105 864 1167 'circo
885 1105 1027 1173 stadium.

245 1206 356 1291 etna.
397 1208 452 1291 τῆς
471 1211 634 1291 πολιτικῆς
651 1206 708 1275 καὶ
719 1208 973 1297 ἑκκλησιαστικῆς
991 1211 1132 1296 daunais
1144 1216 1249 1279 Λέσν.

162 1300 229 1370 τος]
251 1294 358 1377 qnod,
381 1303 417 1355 ut
443 1293 610 1355 Christiani
642 1296 801 1379 principes
831 1298 952 1379 soient,
970 1297 1010 1359 ad
1032 1298 1199 1379 imperium
1218 1312 1250 1363 et

162 1378 344 1461 dignitatem
375 1378 547 1460 spectantia
576 1378 710 1461 piurima
743 1380 776 1440 in
809 1381 953 1443 subiectis
979 1380 1102 1443 occidui
1130 1392 1247 1445 tractus

161 1461 296 1525 ecclesiis
327 1459 507 1541 ordinaret,
535 1472 567 1525 et
587 1463 816 1527 moderaretur.
861 1475 896 1527 ut
917 1485 1018 1546 porro
1039 1466 1173 1541 βασιλέα
1194 1466 1250 1528 καί

159 1538 248 1624 iectu
268 1566 301 1607 ae
323 1544 448 1607 iactarit
468 1545 550 1622 Lao,
571 1555 603 1607 et
628 1546 790 1629 politicam
821 1568 919 1631 aeque
947 1569 985 1609 ac
1010 1547 1247 1611 ecclesiasticam

158 1628 217 1691 sihi
238 1629 458 1690 auctoritatem
483 1626 559 1690 faho
575 1630 781 1713 arrogaverit,
802 1628 869 1713 lege
887 1639 1067 1694 monentem
1086 1628 1127 1694 de
1146 1631 1246 1695 emhi-

159 1713 245 1774 tione
265 1712 454 1793 Gregorium
474 1713 653 1793 pontificem
675 1713 902 1797 apadaonaies
922 1716 1140 1779 ecclesiasticos
1162 1738 1244 1779 anuo

159 1794 272 1859 Christi
293 1792 355 1859 726
376 1796 409 1857 in
430 1796 502 1877 ipsis
522 1798 616 1879 Greg.
637 1796 725 1879 epist.

240 1912 320 1975 Ibid.
344 1910 393 1980 10.
435 1908 573 1995 ἧμέραγ
594 1912 650 1995 τῆς
670 1904 860 1993 ἑβδομάδος]
880 1915 977 1977 serim
989 1938 1153 1979 numeram
1168 1938 1243 1979 cor.

155 1996 231 2080 rigit
251 1998 395 2059 Petavins
416 1997 447 2058 in
469 1997 680 2079 Nicephorum
703 2007 850 2060 notarum
866 2018 938 2083 pag.
957 1998 1010 2078 82,
1030 2010 1062 2061 et
1083 2002 1244 2083 septimam

155 2080 368 2164 reponendam
390 2080 561 2143 contendit.
615 2081 745 2143 admissa
779 2084 901 2144 numeri
926 2084 1134 2159 correctione,
1156 2087 1243 2167 quod

154 2163 309 2245 extempio
330 2164 452 2243 subdit,
472 2162 624 2247 displicet.
647 2186 683 2227 eo
705 2166 755 2225 die
776 2166 920 2228 hrdicmm
942 2169 1040 2229 sacris
1057 2168 1244 2249 imaginihus

152 2250 313 2325 silentium,
336 2262 371 2309 ut
383 2248 515 2334 loquitur
538 2248 744 2330 Theopiaanes,
765 2249 806 2311 ah
818 2251 1037 2312 haeretieorum
1058 2253 1146 2311 huins
1167 2264 1240 2312 tem·

147 2336 236 2419 poris
264 2332 428 2415 signifero,
461 2344 492 2393 ct
521 2332 693 2393 execrando
726 2330 838 2394 Leone.
888 2332 1083 2415 loquaciores
1111 2334 1240 2395 forsitan

152 2424 243 2481 erant
262 2436 369 2479 sacrae
391 2415 550 2498 imagines,
572 2424 608 2476 at
626 2413 739 2476 silentii
766 2416 1000 2478 damnarentur.
1042 2437 1081 2476 au
1105 2436 1168 2478 non
1189 2436 1241 2479 στ-
1326 2448 1333 2458 ’

150 2499 270 2564 λέντιον
289 2508 460 2562 conventus
480 2506 526 2560 est
547 2499 743 2580 optimatum,
761 2508 793 2559 et
808 2497 977 2560 tractandis
999 2499 1122 2580 imperii
1144 2520 1243 2581 nego·

151 2585 202 2646 tiis
224 2593 349 2646 coactus
376 2583 452 2666 imp.
474 2581 621 2643 mandato
646 2582 820 2644 consessus?
874 2582 917 2642 ita
933 2580 1027 2644 edicit
1046 2581 1165 2644 arbiter
1184 2583 1243 2644 Ni-

151 2665 318 2750 cephorus‚
339 2669 392 2750 qai
408 2666 485 2729 haec
501 2665 699 2748 Theophanis
724 2665 836 2726 verbe:
855 2667 951 2728 Λέων
971 2661 988 2723 d
1014 2658 1242 2746 duraedirae.

149 2749 271 2813 λέντιον
291 2745 371 2812 acroi
393 2749 454 2812 raia
476 2743 573 2828 ἇγέονν
593 2749 648 2810 κατ’
659 2749 782 2810 aaaron
794 2739 923 2809 εἰκόνων
942 2741 1117 2847 ε’κρότρσεν,
1138 2770 1241 2831 expo.

151 2835 198 2895 nit
219 2833 251 2896 in
274 2832 359 2894 hanc
391 2831 539 2908 modum,
564 2827 647 2908 nard
680 2829 716 2891 δὲ
744 2832 849 2891 ταῦτα
877 2823 893 2891 d
922 2831 1073 2910 βασιλευς
1096 2827 1242 2911 α’θροιζει

149 2919 296 2978 πλεῖστον
315 2909 393 2978 iada
411 2915 468 2996 τῆς
487 2911 602 2985 πόλεως
619 2907 698 2975 κατὰ
720 2909 756 2974 rai
770 2909 927 2994 βασίλεια,
947 2913 1004 2975 κατ’
1019 2918 1175 2994 συγκαλεῖ
1188 2911 1242 2976 τόν

149 2993 223 3061 τότε
241 3000 297 3080 τῆς
324 2993 444 3068 πόλεως
472 2987 625 3076 ἆρχιερέα
654 2996 685 3058 Γ
682 2993 838 3074 ερμανόν,
859 2995 1055 3077 συγγράφειν
1082 2991 1164 3058 κατὰ
1186 2999 1241 3072 τῆς

148 3081 365 3159 καθαιρέσεως
396 3081 459 3143 τοῖν
493 3075 620 3141 εἰκόνων
648 3079 710 3140 τοῖν
733 3076 830 3159 ἁγίων
853 3073 1036 3160 ἠνάγκαζεν.
1075 3094 1148 3158 post
1166 3083 1241 3141 haec

148 3165 224 3248 imp.
248 3165 363 3246 ingenti
382 3165 496 3226 civium
515 3185 638 3224 numero
658 3167 690 3224 in
707 3161 860 3246 palatium
881 3165 1015 3239 collecto,
1038 3185 1101 3224 rana
1123 3162 1240 3224 τίθεν·-

148 3267 272 3312 manum
290 3247 503 3333 patriarcham
523 3245 676 3307 aduocat:
698 3259 759 3308 tum
782 3245 868 3330 apud
880 3268 948 3306 eum
971 3246 1172 3307 vehememriss
1190 3247 1239 3306 in·

147 3345 219 3408 stat,
240 3345 275 3393 ut
302 3331 342 3392 de
364 3333 462 3391 sacris
482 3329 664 3412 imaginihus
687 3330 860 3392 evertendis
878 3332 1022 3412 τρήρωσι
1039 3328 1239 3413 aliquodsa·

146 3427 232 3478 caret.
254 3410 421 3477 recolenda
441 3413 581 3495 superius
604 3412 707 3496 posita
726 3411 767 3474 ad
786 3434 856 3496 pag.
877 3411 947 3474 969.

229 3517 303 3601 630,
324 3519 355 3582 2.
403 3513 525 3600 ἡμέρας
555 3512 582 3598 γ’
604 3519 644 3624 τῇ
671 3516 707 3581 δὲ
738 3511 861 3600 ἑβδόμη
893 3519 951 3580 rasi
973 3515 1075 3582 οιῐτσῦ
1090 3515 1239 3582 ’laruam-
1277 3553 1280 3559 ·

148 3597 234 3682 ρέοο]
255 3602 308 3665 aiii
329 3599 452 3665 codices
475 3603 600 3684 legant,
625 3598 785 3682 ημέροςζ
805 3586 848 3682 ‘d
867 3600 905 3665 dd
921 3597 968 3681 νβ’
988 3599 1045 3665 rasi
1065 3597 1238 3663 oa’rosi’In.

145 3687 291 3765 νοαρέοο.
342 3685 514 3764 Anastasius
543 3695 575 3748 et
602 3685 759 3747 miscellae
797 3683 906 3747 diebus
934 3699 1057 3770 septem.
1079 3683 1239 3745 undecimo

145 3790 220 3832 vero
237 3767 384 3831 kalendas
402 3769 574 3830 Februarii.
616 3767 757 3852 adeoque
787 3776 859 3830 ante
878 3791 975 3832 annos
999 3765 1237 3854 quatuordecim

147 3860 180 3915 ct
198 3874 314 3916 menses
347 3853 487 3936 quinque
519 3851 626 3914 diebus
653 3847 770 3934 ¹septem
800 3849 944 3933 adiectis,
970 3852 1011 3918 ah
1038 3849 1169 3934 Augusti
1188 3848 1239 3912 die

146 3937 250 4020 primo
280 3935 532 4083 patriarchatum
562 3937 734 3999 Germanus
763 3935 907 4019 suscepit.
959 3935 1077 4018 scripte
1096 3933 1237 4016 superius

317 4018 366 4082 his
387 4017 585 4082 conferenda.

146 4041 216 4106 pag.
237 4017 278 4083 32

231 4131 354 4210 631,1.
407 4135 503 4198 Λέοον
529 4125 547 4194 d
576 4126 728 4213 βασιλοιῖς
747 4128 807 4211 τὴν
832 4132 1008 4213 θυγατέρα]
1030 4131 1088 4194 suh
1107 4131 1181 4195 batti
1203 4131 1237 4194 in

145 4235 245 4280 sacras
274 4217 421 4303 imagines
442 4219 519 4281 moti
549 4229 670 4300 ternpus
695 4219 819 4301 nuptias
846 4216 900 4279 titii
929 4214 1109 4280 conciliatas
1127 4215 1237 4280 scribit
