3050 4900
523 330 574 393 Ex
605 330 864 393 tutoresne.
1161 320 1234 393 233

148 498 274 563 Zeletals
302 497 451 581 apparuit
476 519 548 564 cum
575 498 776 563 multitudine
802 498 939 582 gentium
968 497 1102 577 veniens,
1122 498 1236 559 lneuo.

146 592 255 666 terque
289 581 405 644 bellum
435 582 605 645 concidunt
636 583 751 645 diutius
781 582 925 645 invicem.
973 605 1079 646 seruus
1106 582 1237 645 Zeletais

146 675 237 751 terga
257 674 379 729 vertens
404 664 520 748 effugit.
568 688 668 750 porro
698 686 804 749 pugna
831 666 932 729 tenuit
958 666 997 727 ab
1024 667 1105 727 bora
1126 665 1236 748 quinta

147 771 246 833 usque
270 747 309 809 ad
322 749 550 831 vespertinam,
578 761 611 814 et
629 749 842 812 multitudines
862 750 1035 832 Vulgarum
1056 771 1237 811 numerosae

145 840 331 915 peremptae
350 841 439 894 sunta
469 834 560 895 multi
581 854 658 897 vero
692 855 728 895 ex
743 834 787 897 eis
807 834 902 915 capti,
926 835 1079 916 multique
1102 834 1238 913 impers-

144 916 212 978 tori
247 914 362 977 subditi
394 915 470 979 lacti
503 925 582 985 sunt.
637 924 683 979 ast
712 917 888 999 imperator
908 916 1120 979 huiuscemodi
1140 917 1237 979 elatius

143 1000 281 1063 victoria
302 999 474 1081 publicavit
492 1000 573 1061 lianc
586 1022 694 1063 coram
714 1002 804 1074 urbe,
826 1022 898 1062 cum
912 1000 1095 1063 exercitibus
1118 1000 1236 1082 ingres·

143 1105 193 1147 sus
216 1093 352 1144 armatus
374 1090 407 1145 et
426 1084 566 1145 laudibus
588 1083 797 1150 celeberrimis
830 1082 1014 1161 diffamatus,
1033 1092 1065 1145 et
1083 1085 1235 1166 xylopan-

145 1166 234 1229 duris
257 1166 441 1229 constrictos
453 1166 578 1229 trahens
591 1166 742 1251 vulgares
763 1177 881 1250 captos,
904 1186 983 1250 quos
1003 1174 1091 1228 extra
1109 1174 1237 1247 portam

146 1271 279 1313 auream
303 1248 453 1311 decollari
473 1250 663 1334 praecapita
687 1252 813 1313 civibus.
853 1250 1000 1313 Zeletsim
1018 1270 1096 1311 vcro
1117 1247 1236 1311 tumul.

143 1340 269 1395 tuantes
291 1330 441 1415 Volgares
463 1355 619 1397 unacum
641 1334 835 1417 principibus
865 1332 930 1396 eins
950 1334 1184 1406 interfecerunt,
1205 1340 1237 1393 et

141 1416 378 1479 constituerunt
397 1416 547 1479 Sabinum
577 1438 726 1501 generum
747 1415 914 1494 Comemii,
936 1415 1096 1499 quondam
1117 1414 1236 1479 domini

142 1500 202 1563 sui.
247 1499 302 1582 qui
324 1498 468 1561 videlicet
486 1499 617 1563 Sabinus
645 1522 717 1563 cum
737 1522 813 1563 mox
832 1500 872 1561 ad
891 1499 1114 1581 imperatorem
1135 1498 1236 1560 mub-

141 1591 190 1645 set
211 1588 243 1661 et
266 1602 375 1665 paoem
395 1583 465 1646 lieri
498 1583 694 1667 exquisisset,
720 1592 879 1646 consentu
897 1583 1048 1665 Volgares
1077 1583 1161 1645 facto
1185 1603 1236 1643 re·

143 1666 295 1729 stiterunt
324 1666 453 1729 robuste
474 1666 610 1745 Sabino,
640 1666 777 1731 diceutes
810 1666 839 1728 ei
866 1666 1035 1749 “Vulgaria
1058 1687 1118 1749 per
1137 1675 1179 1742 te,
1200 1666 1338 1736 utnooo

143 1752 320 1825 cernimus,
346 1748 508 1832 redigetur
537 1752 569 1812 in
601 1751 784 1815 servitutem
801 1751 976 1816 Romanis.''
1027 1750 1172 1833 factaque
1191 1749 1237 1809 si-

142 1836 275 1895 multate
296 1834 375 1917 fugit
393 1834 526 1895 Sabinus
548 1836 580 1895 in
602 1842 738 1897 castrum
759 1834 964 1897 Mesembriae
984 1842 1016 1896 et
1037 1834 1078 1895 ad
1099 1834 1238 1916 impera·

142 1924 249 1979 torem
271 1936 304 1979 se
334 1918 478 1979 contulit.
532 1926 709 1981 statuerunt
743 1927 849 1982 autem
873 1918 1025 2003 Volgares
1052 1916 1149 1981 alium
1177 1916 1236 1980 sibi

143 2000 319 2077 domiuum,
339 2000 500 2085 Paganum
520 2001 657 2069 nomine.

226 2126 318 2185 Anno
340 2124 465 2207 imperii
487 2122 681 2187 Constantini
702 2120 742 2186 93
754 2124 929 2186 Romanam
944 2122 1162 2186 Constantinus
1183 2144 1237 2185 re-

142 2206 224 2269 sidet
251 2208 373 2271 sedem·
413 2208 512 2270 Turci
542 2229 618 2270 vero
650 2206 761 2291 egressi
789 2216 861 2269 sunt
889 2230 907 2268 a
937 2208 1053 2290 Caspiis
1073 2208 1183 2290 portis,
1206 2214 1239 2269 et

144 2290 331 2353 occiderunt
352 2290 384 2351 in
403 2290 549 2353 Armenia
571 2292 696 2369 multos,
716 2300 749 2352 et
771 2291 888 2373 praeda
908 2302 1031 2374 sumpta
1049 2310 1114 2351 non
1134 2310 1237 2373 pauca

144 2373 260 2435 reversi
281 2381 378 2435 sunt:
407 2374 530 2436 Cosmus
551 2386 654 2436 autern
676 2374 802 2460 qnidam
822 2374 983 2458 episcopus
1005 2384 1074 2435 erat
1096 2373 1237 2457 Epipha-

143 2457 223 2534 niae,
249 2477 331 2542 quae
353 2467 399 2520 est
420 2459 525 2520 civitas
541 2459 686 2540 Apamiae
708 2459 828 2540 Syriae.
871 2479 973 2540 porro
994 2457 1178 2541 quibusdam
1199 2478 1236 2519 ex

143 2541 265 2602 civibus
287 2539 481 2624 Epiphaniae
503 2541 540 2602 ad
555 2541 761 2604 Theodorum
784 2541 995 2622 patriarcham
1007 2539 1236 2601 Antiochenam

141 2625 376 2687 accusationem
397 2635 508 2687 contra
530 2623 662 2688 culidem
682 2625 825 2685 Cosmum
843 2643 938 2706 super
961 2622 1166 2684 diminutione
1185 2643 1235 2682 sn.

140 2727 276 2770 crorum
296 2727 440 2770 vasorum
460 2709 652 2787 facientibus,
675 2729 746 2770 cum
768 2708 821 2768 ille
839 2708 964 2769 minime
986 2707 1139 2790 potuisset
1157 2705 1237 2768 baec

140 2791 326 2866 restituere,
351 2791 486 2854 discessit
515 2793 553 2852 ab
576 2791 750 2854 orthodoxa
771 2791 833 2852 lide
853 2799 886 2852 et
908 2798 1127 2853 consentaneus
1148 2791 1235 2853 Con.

138 2875 280 2937 stantino
303 2875 335 2935 iu
363 2875 483 2938 haeresi
504 2875 596 2937 sacris
619 2875 812 2938 adversarius
846 2873 1029 2958 imaginibus
1049 2875 1147 2935 sactus
1168 2885 1242 2948 ests

141 2979 238 3042 quem
261 2959 418 3020 communi
437 2959 589 3021 sententia
614 2959 808 3022 Theodorus
823 2957 1032 3020 Antiochenus
1053 2957 1234 3039 patriarcha

137 3051 172 3104 et
194 3039 379 3103 Theodorus
410 3041 708 3126 Hierosolymitanus
742 3049 837 3126 atque
868 3043 991 3102 Cosmus
1012 3040 1233 3106 Alexandrinus

136 3143 213 3186 cum
234 3125 386 3208 episcopis
406 3125 465 3188 sibi
487 3125 630 3188 subiectis
652 3125 702 3188 dic
723 3132 847 3185 sanctae
866 3132 1068 3208 pentecostes,
1090 3131 1163 3206 post
1186 3127 1233 3186 lc-

136 3208 278 3269 ctionem
308 3207 407 3272 sancti
445 3210 618 3292 evangelii,
652 3216 863 3274 consonanter
894 3207 1232 3269 anathematisaveruut

136 3290 252 3374 singuli
270 3291 302 3352 in
317 3313 372 3354 sua
390 3292 525 3357 civitate.

223 3415 344 3478 Eodem
364 3438 492 3518 quoque
512 3439 593 3482 auno
609 3441 627 3480 a
642 3414 779 3481 kalendis
789 3416 936 3480 Octobris
956 3416 1072 3478 sactum
1092 3423 1139 3478 est
1158 3413 1229 3497 gelu

133 3510 334 3579 magnumst
356 3505 589 3581 amarnsimum,
611 3523 674 3564 non
704 3501 805 3563 solum
825 3501 857 3562 in
874 3509 961 3563 terra
982 3510 1100 3577 nostra,
1117 3519 1229 3560 verum

133 3583 233 3646 etiam
266 3580 297 3642 iu
320 3583 468 3666 Oriente,
496 3588 596 3654 multo
629 3587 723 3668 magis
751 3585 783 3646 in
804 3583 1040 3665 septentrionali
1059 3590 1162 3665 parte,
1184 3581 1326 3668 itapfiw

133 3675 174 3728 ut
195 3663 321 3746 pelagus
340 3667 434 3730 Ponti
458 3691 555 3768 usque
585 3669 626 3731 ad
650 3679 776 3730 centum
802 3667 934 3729 miliaria
954 3688 1031 3749 prae
1052 3664 1160 3750 glaciei
1181 3664 1228 3724 ri.

132 3747 266 3832 gorcia
288 3747 397 3832 lapidis
417 3752 566 3816 duritiem
588 3753 685 3814 fuerit
706 3771 839 3825 versum,
861 3751 1111 3812 bubeuscubitos
1136 3771 1154 3808 a
1174 3769 1229 3808 su.

131 3831 266 3913 perfieie
289 3831 321 3892 in
351 3835 542 3932 profundum
567 3835 712 3916 triginta,
734 3834 854 3896 cunctis
881 3833 1029 3895 nimirum
1051 3830 1229 3914 regionibus

132 3913 176 3976 ab
200 3913 265 3996 ipsa
285 3913 379 3998 Lycia
403 3941 500 4004 usque
521 3918 561 3979 ad
581 3917 761 3980 Danubium
792 3925 824 3978 et
846 3917 974 3998 Cupbae
993 3913 1137 3992 fluvium,
1159 3915 1229 3974 Da·-

133 3997 235 4058 nastri
257 4017 385 4082 quoque
406 4010 500 4086 atque
514 4001 674 4084 Danapri,
699 4011 794 4083 atque
815 4000 1007 4083 Necropyla,
1028 4019 1086 4060 nec
1109 4019 1173 4060 non
1193 4007 1228 4060 et

132 4079 270 4162 reliquas
308 4085 408 4166 ripas,
442 4097 474 4150 et
494 4107 528 4150 us
553 4107 593 4148 ue
615 4081 654 4146 nd
674 4083 888 4146 Mesembriaru
910 4091 942 4145 et
962 4080 1098 4144 Mediam
1117 4080 1229 4144 siusilia

130 4161 333 4246 patientibus.
376 4186 508 4254 cumque
530 4107 751 4234 liuiusosmodi
782 4167 855 4252 gelu
873 4165 946 4230 nive
964 4165 1070 4230 fuiuet
1089 4185 1230 4252 cooper-
