3050 4900
302 284 374 365 stu
464 282 676 359 annsrssn
701 294 898 358 nrsronm
927 285 1236 363 nccusrasrrcs

300 492 370 535 sum
392 472 424 533 iu
449 470 691 533 catechumenia
717 469 884 549 ecciesiae,
905 491 969 531 uon
988 469 1091 533 exiens
1112 466 1303 551 tusptnesn
1321 466 1401 530 Eus-

300 556 377 619 boli.
419 575 524 617 mense
544 575 622 617 vero
636 555 719 616 Muio
741 554 880 617 eiusdem
902 552 1083 615 indictionis
1104 562 1266 615 accusatus
1285 562 1333 614 est
1344 556 1399 613 lii..

300 639 457 723 oephorus
471 640 583 701 Caesar
604 648 636 701 et
656 638 757 701 irater
772 636 983 718 imperatoris,
1006 636 1094 719 quod
1108 636 1230 699 insidias
1251 646 1399 699 constru-

300 725 391 787 xisset
410 721 555 785 adversus
577 742 650 784 eum
673 742 745 783 oum
765 720 931 803 spathariis
953 720 1143 803 quibusdam
1164 730 1260 801 etque
1280 727 1400 781 strato.

303 807 389 869 ribus
414 805 542 889 aliisque
563 804 740 867 hominibus
762 804 872 886 regiis3
902 813 936 867 et
958 806 1043 865 iacto
1072 808 1248 885 imperator
1276 803 1399 865 siicntio

303 888 386 971 spud
408 892 610 971 Magnaurnm
631 888 775 969 exposuit
805 888 927 969 poprie
950 910 1031 971 quse
1053 886 1093 951 dc
1110 909 1143 949 se
1163 888 1291 949 inerunt
1309 886 1401 949 dicta.

219 1020 224 1037 .
302 974 359 1117 pai
381 973 572 1034 unanimiter
592 972 844 1035 exclamaverunt
875 980 912 1033 ut
932 982 1068 1054 uterque
1089 971 1254 1033 recederet
1275 971 1315 1032 de
1334 993 1401 1033 nse-

327 1058 369 1133 io,
391 1076 454 1117 nou
476 1064 684 1118 memorantes
706 1076 830 1139 scurper
848 1055 973 1139 periuri
993 1076 1027 1117 se
1045 1056 1131 1137 putri
1153 1076 1265 1116 eorum
1285 1054 1403 1117 iurasse

303 1158 368 1201 non
388 1138 574 1202 admissuros
595 1148 668 1221 post
689 1147 827 1201 mortem
848 1140 915 1201 eius
932 1138 1080 1201 iniurium
1139 1138 1164 1201 ti
1186 1148 1276 1199 natos
1296 1138 1400 1221 ipsius.

302 1234 350 1283 ast
371 1222 547 1305 imperator
579 1222 707 1285 rebelles
729 1242 832 1285 caesos
863 1233 896 1285 ct
916 1230 1024 1285 tonsos
1045 1160 1138 1287 exiii
1157 1222 1243 1302 apud
1267 1220 1402 1283 Cherso-

304 1326 374 1367 nem
395 1304 578 1389 deportatos
600 1308 670 1368 iore
691 1304 843 1384 decrerit,
864 1316 897 1368 et
916 1306 1042 1368 oiimuta
1056 1304 1110 1367 itta
1128 1306 1186 1369 sub
1209 1306 1350 1367 ctutodiu
1371 1314 1403 1367 et

303 1388 475 1451 munimine
495 1388 718 1453 conseruunda.

141 1552 145 1565 .
202 1494 298 1567 1)·698
386 1502 478 1561 Anno
501 1496 625 1581 imperii
648 1496 760 1559 Leonis
782 1494 918 1559 secundo
940 1494 1084 1579 confugit
1100 1494 1263 1578 Teierigns
1282 1496 1403 1577 Vuiga.

306 1604 377 1643 rum
402 1580 544 1643 dominus
560 1581 598 1641 ud
621 1580 855 1662 imperatorem,
878 1580 933 1663 qui
945 1578 1020 1645 fecit
1038 1601 1110 1641 eum
1129 1580 1309 1663 patricium,
1331 1582 1403 1641 iun.

306 1686 378 1747 gens
401 1664 444 1725 ilii
468 1673 500 1726 et
522 1666 625 1727 uxoris
654 1686 727 1725 sune
748 1662 901 1725 Heirenue
930 1663 1163 1727 consobrinam.
1206 1684 1278 1725 cnm
1300 1672 1404 1725 sutem

306 1748 497 1829 baptizatam
519 1770 589 1809 curn
611 1768 645 1807 er
660 1757 906 1830 sanctaquoque
926 1747 1045 1831 piscius
1067 1746 1258 1833 suscepisset,
1281 1748 1401 1833 magni-

306 1830 365 1893 fice
386 1828 555 1892 honoravit
575 1832 699 1913 pariter
721 1839 754 1891 et
774 1830 899 1892 amavit.

391 1954 482 2017 Anno
507 1955 630 2037 imperii
652 1954 765 2017 Leonis
785 1953 883 2017 tertio
907 1952 1172 2017 seditithimsmus
1192 1952 1276 2035 spud
1296 1954 1403 2015 Dabe-

307 2058 379 2113 oon,
400 2048 433 2099 et
453 2038 638 2101 seditionem
656 2038 837 2099 commovit.
879 2040 946 2099 Leo
961 2046 1064 2099 autem
1087 2038 1261 2119 imperator
1280 2037 1404 2097 militias

308 2122 523 2183 Romanorum
547 2122 670 2199 direxit,
701 2132 734 2185 et
758 2120 885 2203 ingressi
905 2130 979 2183 suut
1007 2120 1130 2205 Syrium
1160 2130 1287 2183 centurn
1308 2120 1403 2197 milis,

308 2204 423 2289 quibus
456 2205 549 2267 duces
578 2213 670 2267 erant
703 2205 838 2267 Michuei
868 2204 1114 2267 Lachanodraco
1143 2204 1403 2285 Thracesiorum,

308 2288 516 2351 Artshuasdus
539 2289 702 2351 Armenius
722 2288 950 2367 Orientalium,
978 2290 1119 2350 Tutrstes
1145 2288 1406 2365 Buceiiariorunr,

308 2372 497 2435 Busterutsee
520 2374 779 2435 Armeniueorum
799 2382 834 2433 et
845 2372 1017 2456 Gregorius
1026 2370 1293 2435 Obsieisnensium
1313 2391 1405 2454 pras·

310 2464 415 2530 torem
448 2466 481 2520 et
504 2458 744 2531 circumduyere
776 2457 1027 2534 Germaniciam,
1060 2457 1116 2518 ubi
1147 2465 1218 2519 erut
1245 2453 1405 2518 Hisbabsii

310 2539 393 2602 tirius
414 2541 508 2619 tiadi,
530 2551 563 2604 et
583 2540 863 2623 apprehenderunt
883 2562 991 2628 omnes
1011 2541 1144 2602 mmcios
1164 2540 1240 2616 cius,
1262 2548 1295 2602 et
1316 2541 1404 2600 futu„

311 2643 382 2684 rum
403 2634 473 2686 erat
500 2635 536 2686 ut
561 2635 710 2706 cuperent
738 2625 833 2686 etium
858 2623 1111 2701 Germaniciana,
1140 2624 1197 2686 nisi
1224 2624 1406 2686 muneribus

311 2707 508 2787 persuasisset
525 2705 804 2770 Luchsuodreeoni
827 2707 991 2784 Hisbuinni,
1010 2717 1044 2770 ct
1065 2707 1236 2771 recessisset
1254 2731 1273 2767 a
1291 2716 1405 2770 cestro.

254 2837 257 2844 .
310 2797 342 2850 et
364 2791 457 2852 exivit
477 2789 509 2848 in
531 2789 678 2872 praedem
709 2791 856 2872 regionis,
878 2801 911 2854 et
941 2791 1105 2874 captivatis
1125 2789 1290 2856 haereticis
1313 2794 1405 2852 ineo.

310 2873 382 2934 bitis
391 2872 476 2954 Syris
497 2873 668 2936 iterumad
689 2883 825 2937 castrum
846 2897 988 2938 reremus
1008 2886 1062 2938 est.
1086 2882 1138 2938 et
1159 2875 1251 2938 misso
1276 2875 1407 2938 itirima·

211 2960 374 3031 pessmus
396 2955 535 3017 exercitu
563 2981 581 3018 e
602 2957 730 3018 Dubcoo
760 2967 793 3021 et
813 2959 1001 3024 snrirudibus
1032 2959 1147 3022 betium
1166 2979 1239 3022 cum
1259 2959 1407 3023 Romanis

312 3041 474 3116 iecerunt,
502 3050 534 3102 et
566 3040 750 3104 cecideruut
788 3043 942 3106 nmirades
973 3043 1113 3127 quinque
1141 3052 1174 3107 et
1196 3045 1334 3107 erebum
1352 3063 1404 3104 sex

309 3122 404 3199 milis,
427 3133 463 3184 ut
484 3125 599 3186 ierunt
621 3133 653 3184 ct
675 3134 759 3188 sexta
782 3127 861 3188 feria
881 3128 1061 3190 redieruuts
1084 3126 1210 3210 ingressi
1233 3128 1318 3193 ssim
1332 3129 1405 3188 iue-

311 3215 383 3268 rant
414 3206 570 3270 dominice
602 3208 660 3270 die.
712 3219 878 3290 praeterea
906 3211 1081 3292 imperator
1110 3214 1191 3272 secta
1212 3211 1347 3274 meionis
1372 3210 1404 3270 iu

310 3289 474 3370 sophianis
497 3290 608 3352 insedit
639 3292 670 3352 in
701 3293 782 3355 soiio
803 3317 875 3356 cum
904 3296 969 3358 filio
997 3315 1065 3371 suo,
1090 3305 1122 3356 et
1142 3297 1184 3356 ita
1205 3294 1405 3378 divulgarunt

309 3383 472 3456 praetores
497 3375 671 3458 triumphos
694 3399 774 3460 quos
795 3388 1001 3460 sumpserant.
1023 3377 1184 3441 transtulit
1205 3389 1312 3442 autern
1329 3379 1405 3440 hae-

310 3459 425 3520 reticos
445 3460 541 3542 Syros
562 3460 595 3522 in
614 3459 781 3539 Thracem,
804 3472 837 3524 et
859 3463 975 3524 locarit
995 3482 1050 3524 cos
1073 3462 1145 3524 iilic.

394 3577 483 3636 Anno
506 3599 581 3639 vero
604 3577 728 3660 imperii
751 3581 864 3642 Leonis
883 3584 1001 3664 'quarto
1027 3582 1136 3642 furore
1156 3597 1299 3640 accensus
1319 3577 1405 3638 Medi

309 3659 446 3720 Arabum
471 3659 531 3722 dux
553 3663 651 3724 mittit
673 3663 765 3722 Hisan
788 3685 859 3724 cum
883 3665 1002 3725 virtute
1023 3663 1129 3738 nutrita,
1151 3661 1404 3743 Mauropirorum

308 3741 426 3802 scilicet
445 3743 555 3828 Syriae
591 3767 628 3806 sc
656 3746 909 3828 Mesopotamiae,
941 3759 973 3808 et
995 3747 1152 3808 descendit
1174 3767 1272 3830 usquc
1293 3747 1404 3828 Dory-

308 3825 418 3891 iueum.
461 3849 571 3888 rerum
595 3829 770 3910 imperator
791 3831 954 3912 praecepit
984 3831 1183 3912 praetoribus
1205 3851 1243 3890 ne
1265 3827 1404 3890 debelia-

309 3921 380 3971 rent
409 3933 461 3973 ens
489 3911 616 3994 publico
639 3913 739 3990 belin,
761 3915 815 3976 sed
849 3915 1008 3976 munirent
1031 3915 1170 3975 ciuitates
1195 3921 1226 3974 et
1250 3911 1405 3994 popuiunr

309 3993 547 4056 introducerent
568 3997 607 4056 ad
631 4017 739 4058 earum
769 3997 953 4074 custodiam,
975 3998 1132 4059 destinatis
1154 4007 1187 4059 et
1206 3997 1403 4080 principibus

307 4079 425 4154 magnis
455 4100 512 4161 per
540 4079 672 4164 singulas
702 4080 859 4157 civitates,
891 4081 1012 4166 ipsique
1037 4089 1196 4144 sumerent
1227 4079 1403 4142 electorum

307 4161 440 4223 miiitum
469 4173 558 4226 terne
590 4163 693 4244 mitis,
725 4175 756 4227 et
777 4165 1018 4249 insequerentur
1036 4185 1100 4243 eos,
1122 4185 1162 4228 ne
1184 4163 1402 4248 dispergerent
