3050 4900
485 361 539 426 nx
567 357 827 428 armornm.
1160 347 1211 428 43

138 543 176 594 tra
203 531 357 594 restiturus
385 551 458 592 cum
490 532 636 594 immensa
669 529 871 594 multitudine
902 549 1060 613 aggressus
1081 543 1127 595 ost
1146 531 1290 611 (ΜΝ-Ἃ

136 619 191 678 fisus
218 614 455 678 divinationibus
489 616 677 678 daemonum
706 624 738 677 et
756 613 902 676 maleficis
928 615 1210 678 adinventionibus.
1289 620 1292 625 ⁴

135 719 247 783 mmqae
278 698 401 762 vivifica
430 720 507 762 crus
537 721 684 782 magnum
720 698 929 780 praecederet
954 698 1209 778 Constantinum,

133 794 261 866 tyrannus
281 805 343 843 una
364 804 437 844 cum
465 784 684 866 congressione
712 783 744 844 in
765 783 871 865 fugam
891 800 1006 857 venus,
1028 781 1105 843 duan
1124 785 1208 845 mul.

134 867 218 928 titudo
240 865 433 944 caederetur,
454 867 692 949 imperatoriam
713 874 830 928 vestem
849 865 1004 949 deposuit,
1025 874 1058 927 et
1077 867 1208 931 militari

132 949 317 1012 circumdatas
338 949 459 1027 habitu,
482 949 589 1032 paucis
603 971 639 1012 ex
655 949 830 1012 fautoribus
850 970 956 1011 secum
975 951 1208 1028 comitantibus,

131 1033 221 1098 anilla
252 1034 286 1094 in
306 1033 411 1095 villam
440 1035 512 1116 fuga
535 1033 724 1097 claudestina
749 1033 959 1116 properabat,
979 1044 1012 1097 et
1031 1034 1208 1097 sacerdotes

129 1117 268 1180 idolorum
288 1125 320 1178 et
341 1117 372 1178 in
394 1119 518 1200 magicis
531 1117 651 1180 artibus
663 1117 849 1196 diffamatos,
869 1113 924 1180 sed
943 1125 1071 1183 straten
1094 1139 1207 1184 eorum

133 1199 270 1278 collectos,
297 1209 409 1284 utpote
432 1202 627 1285 deceptores,
651 1200 777 1264 occidit.

193 1309 315 1370 interca
337 1309 556 1371 Constantinus
577 1331 650 1370 cum
664 1310 701 1370 11
724 1318 849 1392 gereret
868 1307 994 1390 imperii
1012 1330 1152 1389 anama,
1173 1321 1207 1376 et

127 1389 213 1452 rivum
231 1391 394 1454 Galerium
415 1393 635 1454 Maximianum
656 1401 733 1456 esset
761 1411 967 1475 aggressurus,
987 1391 1091 1454 divina
1112 1415 1206 1476 prae·

126 1474 229 1536 veniens
257 1475 307 1536 ira
329 1477 568 1558 comprehendit
601 1497 690 1538 cum:
709 1475 833 1538 flamma
864 1475 948 1538 enim
969 1476 1133 1538 demedio
1154 1477 1205 1538 ri·

125 1576 226 1620 socrum
244 1568 280 1620 et
303 1559 508 1623 medullarum
527 1581 672 1624 succensa
693 1559 890 1622 cumdolore
911 1559 1102 1623 intolerabili
1122 1581 1203 1643 pro.

124 1658 184 1702 nam
201 1654 429 1725 superterram
446 1643 641 1708 anhelantem
653 1643 839 1728 prostravit,
861 1640 905 1704 ita
916 1653 953 1706 at
967 1650 1102 1740 aterque
1123 1665 1203 1708 oca.

124 1722 160 1782 las
178 1726 237 1788 eius
261 1727 393 1806 exiliret,
415 1737 448 1790 et
469 1750 594 1807 caecus,
615 1735 651 1790 ut
672 1749 708 1790 re
731 1749 823 1805 vera,
842 1726 984 1790 scelestus
1005 1727 1202 1810 relinquere-

123 1815 171 1868 tur·
207 1829 310 1892 porro
342 1833 414 1872 cum
439 1833 547 1874 carnes
568 1813 632 1876 eius
665 1811 862 1895 putrefactae
884 1831 961 1893 prae
983 1809 1203 1874 innumerabili

121 1891 215 1987 ossium
245 1894 396 1958 incendio
425 1893 584 1976 caderent,
607 1895 673 1980 ipse
695 1897 930 1980 impugnantem
952 1893 1045 1960 deum
1065 1895 1203 1978 proiecit

122 1993 246 2038 animam.

185 2083 382 2150 Duodecimo
420 2107 502 2149 anno
525 2089 650 2171 imperii
678 2087 726 2148 sui
747 2086 970 2149 Constantinus
991 2087 1123 2164 Licinio,
1146 2088 1201 2172 qai
1210 2094 1279 2158 1)-22

118 2185 203 2230 marn
224 2179 352 2234 certare
373 2170 539 2234 videbatur
561 2183 593 2235 et
615 2172 722 2235 dolose
743 2171 1003 2234 christianismum
1022 2172 1202 2251 simulabat,

116 2270 262 2351 segregans
284 2263 408 2337 partem
430 2257 643 2318 Romanorum
674 2265 781 2318 terrae
811 2256 942 2338 largitus
960 2264 1016 2330 est,
1041 2257 1200 2338 appellans
1234 2271 1238 2276 ’

116 2355 174 2396 eam
191 2348 427 2422 imperatorem,
451 2348 484 2402 et
506 2349 693 2424 extorquens
714 2340 754 2400 ab
776 2359 814 2400 eo
829 2339 958 2400 foedera
976 2339 1018 2398 nil
1034 2362 1066 2402 se
1088 2350 1201 2402 eontra

115 2415 294 2517 Christianos
314 2431 470 2521 actprum.
514 2435 546 2489 ct
566 2423 639 2486 hinc
662 2433 872 2509 tyrannorum
894 2423 996 2509 gratia
1018 2419 1068 2485 dei
1091 2444 1199 2507 persc-

115 2511 186 2565 catio
207 2516 400 2591 conquievit.

182 2613 294 2677 Mundi
315 2638 398 2679 anno
411 2614 505 2695 5810,
527 2616 652 2679 divinae
673 2615 896 2681 incarnationis
910 2612 983 2691 310,
1006 2622 1122 2699 quarto
1141 2612 1200 2683 de.

112 2694 181 2757 rimo
206 2698 335 2781 imperii
371 2701 419 2763 sui
445 2720 527 2763 anno
556 2700 778 2765 Constantinus
815 2700 913 2761 totius
943 2699 1078 2761 Romani
1112 2699 1199 2763 orbis

111 2793 305 2845 monocrator
326 2784 451 2847 effectus
474 2806 597 2847 ornnem
625 2804 735 2847 curam
755 2782 915 2845 transtulit
938 2780 978 2843 ad
997 2782 1121 2862 divina,
1143 2804 1199 2843 cc.

110 2862 200 2927 ctesias
223 2866 347 2949 erigens
367 2876 399 2929 et
414 2868 584 2931 liberaliter
596 2868 650 2930 hes
666 2888 702 2931 ex
723 2868 847 2928 ratione
860 2866 986 2948 publica
1008 2866 1118 2928 ditans.
1143 2866 1199 2931 iste

110 2946 231 3023 primam
256 2950 354 3031 legem
374 2952 507 3033 scripsit,
529 2950 688 3013 idolorum
704 2951 819 3032 templa
832 2950 877 3011 his
900 2949 983 3011 tradi
1001 2973 1082 3033 quae
1102 2948 1196 3011 Chri.
1274 2977 1277 2983 ·

108 3036 228 3105 slasane
246 3032 410 3115 depurata,
439 3056 511 3097 cum
523 3057 560 3097 eo
585 3057 657 3097 sane
671 3034 749 3117 leges
771 3035 954 3116 proferebat
967 3036 1093 3115 Crispus
1115 3034 1195 3097 fitius

107 3112 171 3175 eius.
218 3116 390 3179 secundam
410 3139 504 3196 vero,
526 3118 720 3181 Christianos
739 3120 822 3182 solos
831 3120 969 3179 militare
990 3118 1131 3199 gentihus
1155 3141 1195 3181 ue

106 3216 136 3253 ²0
154 3200 338 3262 exercitibus
360 3202 545 3283 principari,
569 3226 622 3265 eos
637 3210 742 3263 autem
765 3202 818 3287 qui
833 3209 1054 3283 permanerent
1064 3200 1097 3261 in
1120 3142 1194 3262 illo..

104 3274 230 3361 lalatria,
254 3284 419 3365 capitalem
439 3286 545 3349 subire
563 3285 758 3349 sententiam.
801 3285 940 3362 tertiam,
961 3281 1036 3345 duas
1059 3283 1193 3365 pascha.

103 3358 137 3423 les
155 3362 378 3446 hebdomades,
402 3390 494 3431 unam
514 3370 631 3433 scilicet
659 3380 732 3431 aute
751 3378 784 3431 et
804 3369 936 3431 alteram
955 3376 1028 3449 post
1048 3389 1194 3431 resurre-

103 3447 241 3527 ctionem,
262 3453 328 3513 siae
347 3454 458 3515 labore
487 3455 669 3536 cuiusquam
693 3453 797 3535 operis
818 3452 1025 3515 celebrandas.
1071 3451 1124 3513 llis
1148 3451 1193 3513 ita

100 3532 181 3607 gestis
203 3555 265 3615 pax
288 3536 446 3615 profunda
470 3546 501 3597 et
524 3536 734 3621 tranquillitas
763 3536 902 3597 obtinuit
923 3537 1034 3597 orbem
1056 3545 1087 3599 et
1104 3538 1192 3597 exul.

100 3614 169 3675 latio
191 3618 315 3693 fideles,
338 3622 601 3683 concurrentibus
632 3618 750 3681 assidue
777 3620 920 3681 omnibus
952 3619 1129 3681 nationibus
1150 3618 1191 3681 ad

97 3694 184 3761 fidem
214 3700 350 3783 Christi,
382 3715 413 3767 et
445 3704 630 3787 baptizatis,
663 3725 701 3765 ao
721 3703 828 3786 patria
855 3702 1129 3787 conquassantibus
1149 3701 1190 3763 si·
1199 3708 1274 3777 aaa

96 3780 242 3853 nahem
861 3791 865 3798 '

174 3890 299 3969 Quinto
329 3892 450 3957 docimo
478 3894 603 3977 imperii
630 3894 828 3956 Constantini
851 3914 932 3954 anno
955 3891 1093 3954 Licinius
1116 3912 1191 3955 coe-

96 3970 137 4048 pit
161 3986 275 4038 contra
287 3976 479 4040 Christianos
500 3979 750 4059 persecutionem
768 3999 915 4050 movere;
938 3986 971 4038 et
990 3975 1095 4057 primo
1117 3976 1191 4073 qui.

96 4052 159 4115 dem
184 4058 379 4124 Christianos
403 4062 457 4146 qui
480 4064 614 4124 erantia
628 4062 745 4144 palatio
767 4070 947 4145 persecutns
962 4069 1017 4137 est,
1040 4058 1191 4121 oblivioni

95 4140 217 4203 tradens
243 4144 484 4207 destructionem
514 4144 768 4227 praecedentium
796 4154 809 4204 t
831 4166 1005 4205 rannorsun
1025 4152 1056 4205 et
1077 4151 1190 4227 pacto·

95 4238 161 4284 rum
180 4230 515 4309 magnoConstautino
537 4230 700 4293 factorum.
748 4232 780 4291 ia
801 4166 929 4292 timiam
950 4239 1056 4294 autera
1071 4226 1191 4292 furiem
