3050 4900
530 380 581 442 EX
609 378 868 443 Tfluounnuu.
1167 376 1241 443 257

148 546 269 609 racium
292 546 411 611 exulem
432 548 506 612 fecit
527 549 611 632 apud
636 552 893 613 Armeniacorum
916 548 1021 611 thema
1049 548 1089 611 ad
1120 550 1243 612 satisfa-

145 633 284 693 ctionem
314 654 437 695 enrum.
488 634 519 693 in
551 633 675 696 exilium
714 634 915 695 nihilominus
944 641 976 695 et
1003 633 1126 695 Aiitium
1147 635 1241 714 misit,

143 714 333 777 sadonem·
360 716 649 799 protospatharium
684 727 716 780 et
755 718 901 777 intimum
942 718 1026 794 cius,
1065 727 1098 779 et
1135 736 1242 780 omnes

144 738 331 861 dismesticos
364 800 458 882 ipsius
480 801 641 883 spadones.
683 799 765 862 hunc
783 810 886 862 autem
918 820 990 861 cnm
1011 801 1164 863 suavitate
1184 824 1240 864 sna

143 889 177 944 et
200 882 356 946 affluentia
387 884 502 945 locavit
523 885 555 944 in
577 885 692 967 palatio
717 884 909 960 Eleutherii,
931 884 1019 967 quod
1043 886 1108 966 ipsa
1128 884 1239 949 aedili.

143 977 281 1047 caverat,
302 966 333 1027 in
358 988 422 1051 qun
446 968 540 1031 etiam
561 968 709 1050 pecunias
730 972 840 1029 multas
863 967 1080 1029 absconderat.

207 1066 339 1127 Factum
352 1088 427 1129 vero
442 1076 487 1129 est
509 1068 619 1129 eodem
634 1088 736 1129 mense
750 1064 937 1144 incendium,
961 1076 992 1129 et
1002 1078 1238 1131 concrematum

141 1158 189 1211 est
211 1150 381 1211 triclinium
402 1150 597 1233 patriarchii,
619 1151 704 1234 quod
735 1150 853 1213 dicitur
876 1150 1064 1228 Thomaites,
1088 1161 1120 1213 et
1140 1174 1239 1236 quae.

141 1242 275 1311 storum,
289 1244 321 1295 et
334 1233 411 1295 aliae
428 1232 536 1294 domus
550 1256 648 1319 usque
662 1234 700 1295 ad
712 1235 843 1295 Milium.
866 1242 1007 1295 ceterum
1018 1236 1119 1317 Aprili
1134 1258 1240 1298 mense

141 1316 362 1379 Constantinus
384 1339 455 1380 cum
479 1326 580 1381 castra
600 1320 745 1380 movisset
774 1328 887 1379 contra
911 1318 1072 1399 Vulgares,
1091 1321 1177 1381 venit
1197 1320 1239 1381 ad

140 1400 301 1463 castellum
330 1400 416 1485 qnod
444 1400 562 1463 dicitur
585 1400 733 1479 Probati,
755 1402 796 1462 ad
819 1402 921 1461 rivum
942 1401 1058 1463 scilicet
1079 1402 1112 1468 S.
1134 1406 1238 1465 Geor.

139 1484 204 1567 gii;
229 1496 261 1547 et
280 1505 352 1545 cum
370 1487 556 1547 occurrisset
576 1485 730 1547 Cardamu
762 1483 890 1545 domino
915 1484 1100 1567 vulgariae,
1122 1486 1236 1567 pusillo

139 1568 225 1629 circa
259 1588 419 1650 vesperam
446 1570 530 1631 facto
564 1569 667 1647 hello,
699 1567 902 1629 formidantes
935 1567 969 1630 hi
1001 1568 1056 1651 qui
1086 1590 1122 1630 ex
1144 1577 1236 1651 parte

138 1652 356 1713 Romanorum
385 1660 496 1729 erant,
523 1672 584 1735 per
612 1660 737 1713 noctem
764 1654 913 1735 fugerant
931 1660 964 1713 et
986 1651 1111 1736 inglorii
1132 1650 1235 1715 redie-

138 1744 233 1809 ruut;
254 1736 331 1819 quin
356 1743 389 1799 et
410 1736 562 1819 Volgares
584 1744 755 1799 metuentes
776 1734 893 1797 reversi
914 1744 996 1797 suut.

222 1844 318 1905 Anno
340 1842 465 1927 imperii
485 1842 533 1905 sui
555 1843 691 1906 secundo
707 1842 1023 1926 menseSeptemhrio
1041 1852 1142 1905 castra
1161 1850 1333 1924 mo.p.724

137 1924 185 1987 rit
204 1926 381 2009 imperator
403 1928 547 1989 adsersus
568 1929 694 2006 Arabes,
716 1934 748 1990 et
768 1928 928 2010 profectus
950 1928 990 1989 ab
1004 1930 1134 1989 Amorio
1155 1928 1234 1991 abiit

135 2010 268 2071 Tarsum
294 2012 431 2073 Ciliciae.
481 2032 553 2073 cum
585 2023 689 2073 autern
721 2012 854 2073 venisset
874 2010 913 2071 ad
934 2011 1098 2095 inaquosus
1118 2023 1233 2091 turres,

138 2092 301 2173 repedavit
331 2095 428 2157 inanis
457 2116 561 2158 mense
589 2094 748 2157 Octobrio
780 2094 956 2156 indictionis
980 2094 1118 2157 decimae
1139 2098 1233 2181 quin·

138 2185 202 2238 tac.
244 2197 343 2260 porro
368 2178 489 2239 decimo
511 2188 623 2240 octavo
646 2178 791 2241 kalendas
820 2178 1007 2240 Februarias
1029 2188 1155 2263 rogatus
1172 2180 1235 2241 im.

139 2268 307 2339 peratore
327 2264 461 2345 proptia
482 2272 584 2324 matre
599 2271 630 2324 et
652 2284 669 2322 a
690 2262 793 2323 maltis
820 2262 1022 2343 optimatibus
1044 2264 1234 2344 pronuntiat

21 2392 28 2403 .
136 2362 209 2403 eam
229 2343 339 2407 iterum
364 2346 606 2429 imperatricem,
628 2354 660 2406 et
674 2345 765 2407 laude
785 2344 925 2406 camillo
945 2346 1036 2405 simul
1059 2347 1229 2426 attollitur,

134 2435 212 2488 uta
243 2428 417 2512 primordio
453 2428 646 2493 Corrstantini
686 2438 719 2491 et
750 2428 912 2492 Heirenae.
965 2451 1071 2490 omnes
1101 2429 1230 2513 quidem

131 2509 297 2573 ohediant.
343 2523 389 2576 ast
415 2514 674 2576 Armeniacorum
695 2511 800 2573 thema
826 2512 1033 2594 pertinaciter
1053 2513 1167 2572 instans
1189 2513 1230 2576 ad

129 2593 195 2656 hoc
215 2597 385 2670 renititur,
408 2608 439 2660 et
461 2599 586 2682 quaerit
615 2595 774 2668 Alesiam,
796 2595 851 2678 qui
873 2593 968 2677 paulo
999 2605 1072 2658 aute
1095 2604 1230 2677 praetor

129 2677 162 2739 in
184 2679 227 2740 eis
250 2680 375 2758 luerat,
408 2691 440 2744 et
471 2682 510 2743 ah
535 2681 730 2764 imperatore
757 2687 834 2741 tnnc
857 2687 1002 2739 evocatus
1022 2687 1055 2740 et
1076 2678 1229 2762 dignitato

127 2763 259 2845 patricii
279 2764 452 2826 honoratus
466 2787 559 2847 penes
580 2765 681 2846 ipsum
699 2763 812 2846 degere
827 2760 1004 2828 videbatur.
1046 2760 1131 2825 hunc
1150 2785 1228 2847 ergo
1256 2803 1261 2811 ·

127 2857 268 2928 propter
287 2846 464 2909 huiusmodi
485 2847 721 2946 requisitionem
740 2855 772 2908 et
788 2843 939 2932 quosdam
952 2866 1110 2908 sermones
1130 2869 1227 2929 super

127 2930 197 2992 illos
219 2929 329 3010 dictos,
350 2933 423 3014 quia
446 2931 589 2993 videlicet
611 2941 797 3016 regnaturus
821 2937 897 2992 esset
909 2974 919 3007 ,
941 2928 1071 2993 caedens
1091 2951 1128 2994 ac
1148 2939 1226 2993 ton.

128 3011 204 3075 dens
229 3015 260 3074 in
280 3017 444 3098 praetorio
467 3017 585 3099 posuit.

214 3121 291 3183 lulio
314 3143 389 3184 vero
414 3133 516 3186 mc'nse
538 3121 709 3186 exereitum
731 3121 831 3183 movit
850 3110 1169 3203 adversusVulgares,
1192 3127 1226 3182 et

126 3205 304 3268 construxit
332 3215 468 3268 castrum
499 3206 731 3283 Marcellorum,
753 3216 786 3267 et
810 3204 996 3267 duodecimo
1020 3200 1225 3264 kalendarum

122 3292 338 3372 Augustarum
369 3289 463 3352 exivit
492 3289 659 3354 Cardamus
691 3289 833 3350 dominus
854 3287 1021 3372 Vulgariac
1042 3308 1114 3348 cum
1135 3287 1225 3348 omni

123 3373 247 3434 virtute
266 3396 330 3452 sua,
353 3384 385 3436 et
406 3374 491 3436 stetit
507 3375 537 3435 in
559 3373 795 3438 munitionibus.
837 3370 951 3433 fiducia
972 3390 1048 3432 uero
1071 3371 1169 3432 frctus
1191 3377 1224 3432 et

124 3477 143 3516 a
171 3457 457 3540 pseudoprophetis
487 3459 663 3540 imperator
695 3456 826 3518 credere
857 3476 1020 3537 persuasus
1051 3453 1138 3538 qnod
1159 3453 1223 3515 eius

124 3543 382 3620 metalemsin,
417 3541 676 3624 incircumspecte
706 3561 743 3602 ac
767 3539 945 3600 inordinate
976 3536 1091 3599 hellam
1114 3537 1222 3613 infert,

123 3635 158 3685 et
179 3623 283 3685 valido
304 3625 441 3687 vincitur
463 3627 575 3704 Marte,
597 3628 784 3708 fugatusque
803 3620 897 3685 rediit
919 3624 950 3684 in
973 3621 1095 3698 urbem,
1115 3621 1320 3698 multisp.725

123 3707 240 3768 amissis
262 3728 322 3768 non
353 3709 454 3769 solum
475 3711 646 3771 communis
675 3730 718 3792 po
745 3707 787 3768 ali
806 3706 859 3767 scd
881 3713 914 3767 et
932 3706 1115 3788 primatum,
1137 3705 1221 3766 inter

123 3809 204 3874 quos
229 3801 260 3854 et
282 3791 413 3854 Michael
433 3793 638 3876 magistratus,
658 3730 903 3856 Lachanodraco
927 3797 960 3852 et
981 3789 1096 3850 Bardas
1117 3788 1219 3869 patri.

122 3875 190 3936 cias
214 3896 249 3936 ac
271 3876 444 3958 Stephanus
468 3875 735 3958 protospatharius
750 3876 929 3951 extiterant,
951 3872 1072 3934 Nicetes
1092 3890 1220 3955 quoque

121 3977 163 4019 ac
184 3957 399 4042 Theogaostus
419 3960 494 4022 facti
517 3968 689 4042 praetores,
708 3965 742 4020 et
763 3957 903 4020 homines
927 3957 1004 4040 regii
1027 3977 1090 4016 non
1114 3955 1218 4036 pauci.

118 4039 177 4102 sed
198 4050 230 4102 et
251 4042 432 4104 Pancratius
449 4043 725 4126 pseudopropheta
750 4050 783 4103 et
812 4051 1018 4115 astronomus,
1042 4038 1096 4121 qui
1119 4048 1151 4100 et
1171 4039 1219 4098 vi·

119 4135 251 4187 ctnrum
274 4127 361 4188 illum
381 4126 566 4190 vaticinatus
600 4135 653 4189 est.
704 4125 897 4188 abstulerant
926 4130 1029 4184 antem
1044 4150 1053 4178 2
1067 4121 1218 4204 Vulgares

120 4207 218 4272 etiam
239 4209 403 4289 sarcinam,
426 4212 583 4295 pecunias,
603 4231 701 4294 equos
723 4219 754 4274 et
771 4207 876 4272 aulaea
893 4228 956 4270 ana
977 4227 1050 4268 cnm
1070 4205 1216 4270 aniverso

227 4333 405 4405 Theophanes
422 4337 458 4390 11.
990 4329 1024 4384 17
