3050 4900
264 279 336 350 120
424 283 633 350 sumansu
665 283 860 350 bllS'l’Ollltl
888 281 1197 348 EGCLbBlASTle

260 453 483 600 imperatorppp
497 477 547 600 dex
576 455 707 518 Persicis
735 454 850 518 exuviis
878 455 977 516 multa
997 460 1031 516 et
1062 451 1351 535 captos‘oniversos

259 558 416 600 unacum
477 561 495 599 u
520 562 554 600 ss.

342 653 451 716 Mundi
465 677 547 716 anno
559 651 789 732 custodivisse
809 650 1032 715 incarnationis
1048 671 1131 712 anno
1151 646 1222 724 580,
1245 667 1348 708 measse

160 735 476 820 utosSeptcmhrio,
511 738 683 799 indictione
712 747 814 813 sexta,
836 736 1034 819 Langobardi
1066 734 1182 795 bellum
1202 731 1347 792 advorsos

256 823 411 882 Rornanoa
442 823 633 898 intulerunt,
655 831 686 884 et
708 821 942 882 Maurusiorum
970 827 1074 902 gentes
1097 817 1242 879 adversus
1263 815 1347 875 llsri.

255 924 324 964 carn
347 925 470 990 magnas
489 905 742 988 perturbationes
771 913 1045 987 perpetraverunt.
1088 901 1119 962 in
1140 899 1269 962 Perside
1289 919 1346 957 au.

254 993 318 1049 tem
337 1007 446 1050 carcer
467 997 513 1051 est
536 990 589 1074 qui
612 987 729 1050 dicitur
749 987 857 1065 Lethe,
876 999 909 1049 et
931 984 1045 1047 multos
1064 986 1231 1049 Persarum
1256 1003 1347 1042 reru

254 1071 381 1132 diversis
409 1073 551 1154 gentibus
580 1073 610 1132 in
639 1071 700 1132 hoc
722 1071 845 1132 inclusit
876 1091 1033 1132 unacum
1061 1068 1191 1151 captivis
1213 1065 1346 1128 civitatis

251 1155 366 1216 Darae.
409 1156 459 1218 isti
480 1177 554 1239 ergo
577 1155 732 1237 desperati
765 1156 929 1238 insurgunt
947 1163 1058 1215 contra
1086 1173 1138 1213 eos
1160 1152 1214 1235 qui
1236 1171 1267 1210 se
1288 1169 1347 1210 cu-

252 1235 444 1316 stodiebant,
473 1250 504 1302 et
534 1239 637 1300 occiso
668 1240 791 1300 Marusa
822 1247 918 1320 caput
939 1238 1003 1299 eius
1023 1235 1206 1320 Byzantium
1229 1232 1346 1294 attule-

252 1329 338 1381 runt.
381 1332 427 1383 ast
443 1323 616 1405 imperator
636 1343 706 1383 cum
724 1319 837 1406 gaudio
860 1342 973 1402 magno
996 1320 1063 1381 illos
1083 1319 1225 1399 suscepit.
1266 1316 1345 1376 Phi·

251 1403 403 1485 lippicum
424 1413 527 1468 autem
550 1408 599 1467 vix
618 1414 799 1487 praetorem
822 1407 942 1486 recepit
964 1405 1127 1465 exercitus.
1149 1422 1220 1462 cum
1240 1408 1344 1460 autam

248 1486 417 1550 Persarum
445 1491 725 1570 Romanorumque
754 1487 870 1550 bellum
898 1488 1111 1570 Martyropoli
1131 1486 1231 1557 lieret,
1250 1503 1344 1564 supe-

249 1578 364 1632 rantur
391 1573 535 1634 Romani.
592 1575 768 1653 imperator
793 1581 899 1632 autum
937 1578 1130 1652 apraetura
1164 1567 1342 1647 Philippico

249 1673 355 1715 rursm
367 1664 483 1737 amoto,
497 1654 758 1718 Commentiolum
772 1664 953 1736 praetorem
965 1653 1103 1713 Orientis
1113 1651 1233 1712 direxit
1244 1651 1343 1710 Hera.

249 1736 325 1797 clius
344 1749 447 1801 autem
460 1747 661 1822 prosperatus
679 1737 712 1798 in
733 1737 814 1799 bello
827 1738 961 1820 peremit
973 1737 1141 1798 Persarum
1152 1741 1342 1816 praetorem

249 1818 432 1901 Apbralroto
454 1842 530 1884 vero
566 1822 754 1903 interempto
782 1820 907 1918 fugiunt
933 1821 1047 1882 Persae
1077 1829 1109 1881 et
1136 1820 1343 1900 insequuntur

247 1901 390 1975 Romani.
412 1925 484 1966 cum
504 1915 610 1967 autem
631 1904 765 1966 multum
786 1904 892 1968 fuuset
914 1904 1008 1966 ineis
1030 1902 1183 1965 escidium
1209 1902 1341 1978 iactum,

249 1986 522 2068 comprehendunt
543 1989 635 2050 etiam
656 1988 829 2049 custodiam
849 1997 881 2050 et
902 1987 1014 2048 multas
1030 1987 1151 2048 exuvias
1161 1985 1343 2068 Byzantium

152 2068 388 2146 ptdlmittunt
419 2067 555 2155 denique
585 2071 761 2155 imperator
791 2072 986 2154 equestribus
1017 2069 1278 2152 speculationibus
1309 2077 1343 2128 et

249 2151 441 2216 commerciis
452 2155 563 2217 urbem
572 2153 767 2238 splendidam
777 2153 922 2217 reddidit.
938 2155 1101 2217 Hormisda
1111 2153 1276 2214 Persarum
1288 2171 1342 2212 rer

249 2244 431 2319 praetorem
458 2239 571 2300 Baram
600 2247 784 2321 promotum
809 2261 871 2299 una
895 2261 966 2300 cnm
999 2237 1214 2320 potentatibus
1237 2235 1340 2296 multis

158 2391 162 2408 Ι
248 2327 360 2380 contra
383 2320 529 2382 suaniam
550 2321 656 2385 mittit.
709 2343 745 2384 ex
767 2323 925 2404 insperato
945 2329 1047 2383 autem
1070 2321 1143 2402 buic
1164 2321 1277 2380 iustuus
1301 2316 1340 2377 ad

246 2403 380 2465 Araxem
399 2403 515 2469 flumen
532 2415 631 2468 castra
650 2416 846 2483 commovet,
868 2406 1021 2490 siquidem
1041 2404 1219 2488 expugnatis
1228 2401 1340 2465 Turois

248 2508 266 2547 a
285 2488 385 2550 Persis
407 2489 485 2553 adeo
507 2488 672 2553 Hormisda
703 2492 803 2552 crevit
821 2499 858 2551 ut
879 2491 972 2553 etiam
995 2490 1113 2549 tributa
1134 2487 1339 2570 quadraginta

246 2569 332 2632 milia
354 2573 423 2635 auri
438 2572 577 2636 aTurcis
600 2574 768 2656 acciperet,
791 2593 863 2635 cum
886 2576 974 2655 prius
994 2572 1059 2655 ipse
1078 2572 1218 2654 aequalia
1230 2570 1341 2631 Turcis

246 2654 451 2797 persolverat.
471 2677 582 2719 verum
592 2658 760 2719 Mauricius
776 2654 838 2717 boc
851 2656 1200 2739 compertoliomanum
1218 2674 1341 2735 prove·-

271 2736 295 2797 it
314 2748 506 2819 praetorem,
522 2750 554 2801 et
569 2739 600 2801 in
612 2740 757 2801 Suauiam
770 2760 842 2800 cum
854 2748 1022 2822 potentatu
1035 2740 1228 2800 transmittit
1252 2756 1339 2799 cum-

247 2840 309 2903 que
337 2822 528 2901 pervenisset
542 2824 698 2885 Romanus
719 2823 862 2885 Laricem
880 2831 913 2886 et
934 2822 973 2885 ad
992 2822 1114 2883 Phasim
1133 2821 1263 2883 fluvium
1286 2842 1340 2881 ac.

247 2900 391 2981 cessisset,
411 2904 443 2965 in
465 2904 625 2967 Albaniam
646 2906 817 2969 exercitum
837 2907 945 2968 movit.
987 2908 1099 2968 Buram
1120 2913 1225 2965 autem
1249 2903 1339 2965 audi-

247 3004 300 3047 eus
329 2988 503 3049 Romanum
536 2989 717 3071 profectum
743 3011 812 3051 rem
840 2988 1011 3053 deridebat.
1062 2989 1211 3071 cupiebat
1244 2989 1339 3048 etiam

245 3068 461 3131 Romanorum
482 3072 580 3133 aciem
603 3094 697 3135 manu
719 3094 848 3155 capere:
879 3092 943 3134 non
966 3073 1048 3135 euim
1070 3072 1172 3134 adbuc
1192 3070 1338 3132 adversus

246 3154 402 3217 Romanos
422 3153 539 3217 bellum
560 3154 680 3218 inierat.
733 3166 862 3219 atvero
883 3158 1040 3221 Romanus
1062 3158 1235 3217 Romanam
1255 3154 1338 3214 mul-

245 3235 411 3299 titudinem
431 3240 602 3322 scparavit,
633 3260 697 3301 uon
726 3241 867 3323 probatis
888 3262 982 3324 penes
1010 3241 1144 3301 sarcinas
1168 3236 1335 3300 derelictis.

244 3316 352 3381 decem
373 3320 456 3383 milia
487 3323 581 3384 etium
613 3344 717 3386 sectam
737 3324 890 3409 accipiens
921 3325 1066 3386 aduersus
1088 3323 1239 3384 barbaros
1257 3341 1337 3403 pro.

146 3410 235 3483 psus
243 3404 385 3485 perabat,
407 3411 439 3467 et
458 3402 521 3467 duo
543 3406 627 3469 milia
648 3408 839 3490 praecedere
863 3408 952 3470 iubet
980 3408 1160 3469 exercitum.
1203 3404 1258 3489 qui
1278 3426 1335 3466 ve-

243 3486 362 3548 nientes
393 3488 517 3550 obviam
551 3490 597 3551 bis
626 3492 679 3573 qui
710 3501 956 3573 praecesseraut,
978 3492 1084 3553 Persas
1115 3490 1172 3551 hos
1194 3490 1226 3550 in
1249 3498 1336 3572 terga

242 3578 381 3649 vertunt,
402 3580 434 3634 et
455 3592 561 3635 omues
581 3575 784 3636 interimunt:
805 3576 887 3637 facta
908 3578 1027 3659 quippe
1045 3576 1118 3658 fuga
1133 3572 1337 3654 etpraeeipi.

241 3652 288 3713 tio
317 3654 374 3715 sibi
406 3656 548 3718 obstante
570 3657 708 3720 conclusi
740 3678 858 3721 omnes·
876 3659 1076 3721 interierunt.
1135 3666 1182 3717 ast
1201 3654 1334 3717 Romani

242 3756 339 3819 usque
354 3738 391 3800 ad
403 3738 612 3801 barbarorum
625 3744 740 3802 vallum
757 3750 920 3820 venerunt,
934 3744 976 3803 ita
992 3751 1027 3804 ut
1038 3744 1150 3802 Baram
1163 3758 1258 3821 snper
1270 3736 1333 3798 boc
1366 3780 1369 3785 -

241 3821 483 3903 obstupesceret.
537 3822 623 3907 quod
654 3824 780 3889 audiens
800 3828 956 3888 Romanus
989 3827 1129 3886 animare
1149 3822 1256 3905 coepit
1280 3841 1337 3882 ex·

239 3903 389 3982 ercitum,
412 3914 443 3967 et
464 3908 647 3989 praeliaturi
668 3918 821 3991 parantur
842 3910 874 3970 in
895 3907 1178 3994 campoblbauiae.
1221 3907 1334 3966 Raram

239 3996 345 4049 autem
364 3990 522 4051 nitebatur
541 3992 658 4055 bellum
675 3992 785 4070 furari,
808 3994 974 4057 frustratus
995 4002 1098 4055 tameo
1115 3987 1244 4051 consilio
1266 3998 1330 4050 esta

238 4072 373 4133 surrexit
395 4074 477 4134 enirn
490 4076 656 4154 Romanus,
678 4085 711 4138 et
732 4076 1138 4159 comptissimeparnbatur·
1178 4094 1251 4134 eum
1273 4093 1333 4133 au-

237 4162 302 4217 tam
323 4154 456 4218 invicem
476 4160 640 4221 conflictus
656 4160 829 4244 agitaretur
849 4161 985 4224 etmulti
1004 4160 1218 4223 barbarorum
1235 4154 1330 4218 occisi
