3050 4900
478 320 529 384 nx
559 317 820 385 maurellus.
1157 310 1207 389 45

133 489 290 556 llarlnriani
310 487 470 564 Herculii,
496 512 575 576 qnae
596 511 691 554 soror
712 500 785 554 erat
806 492 964 569 Maxentii,
986 492 1041 577 qui
1064 497 1203 578 tyranni.

131 577 191 638 dem
208 575 286 656 apud
314 576 485 637 Romanam
512 577 625 636 urbem
645 574 800 652 exercuit,
821 575 940 659 quique
958 589 1138 660 peremptus
1158 588 1204 641 eat

130 658 353 721 aConstentino
383 659 468 742 apud
496 659 650 720 blolbium
668 669 817 742 pontem,
839 659 965 756 quaudo
985 671 1020 723 et
1039 663 1140 725 crucis
1160 663 1204 722 si.

131 765 211 825 gnum
233 742 310 804 vidit
330 741 362 804 in
383 743 481 822 caelo,
501 751 598 826 atque
616 744 749 806 Faustae
769 762 875 805 uxoris
896 745 1001 826 magni
1022 745 1205 809 Constanti.

131 828 171 888 ni:
190 837 218 888 et
237 845 326 888 nenio
346 826 482 889 miretur
499 827 525 888 si
544 836 617 888 anta
635 824 834 907 baptismum,
853 847 927 888 cum
943 827 1048 890 adbuc
1066 850 1205 914 paganos

132 911 198 972 ritus
216 919 390 988 servarent,
411 909 485 974 duas
515 930 639 973 sorores
661 907 816 973 duxerant
836 919 930 994 pater
948 920 982 974 et
998 912 1091 976 lilius.
1132 923 1207 977 sunt

131 1001 218 1060 auteur
238 993 454 1078 generationes
475 1013 588 1060 eorum
607 991 688 1056 sieut
708 993 836 1059 inferius
858 1003 1061 1060 annotantur.

369 1235 937 1310 cousraurws
1106 1301 1111 1307 .
1210 1261 1280 1330 ,aa

203 1423 235 1461 ex
254 1405 400 1462 Theodora
421 1405 477 1458 lilia
493 1403 613 1458 Herculii
630 1403 717 1474 giguit
865 1419 899 1458 ee
914 1403 1018 1459 lleleua
1036 1421 1099 1460 aero
1117 1405 1204 1475 gignit

132 1525 831 1574 w
854 1530 1202 1568 rWs

131 1613 331 1680 cunemundus,
350 1623 455 1688 patrem
506 1613 628 1669 Auubal-
682 1613 817 1669 Constan-
855 1615 1063 1668 Constantinum
1078 1631 1203 1688 maguum

158 1710 223 1763 Galil
240 1711 395 1764 Dalmatici-
510 1711 629 1775 lienum,
682 1709 748 1763 tiam
765 1726 835 1764 uxo-
884 1710 1064 1768 solummodo.

129 1821 154 1856 ea
168 1821 217 1877 quo
235 1806 469 1862 l'uitDalmatieue
523 1806 622 1878 quiet
685 1821 742 1859 rem
760 1805 834 1861 tici-

156 1901 251 1968 iunior,
272 1903 372 1962 lullaul
391 1918 475 1974 prae-
513 1901 618 1956 Gallus.
684 1901 735 1958 uli.

155 1999 305 2054 varicatoris
321 1999 412 2054 frater.

232 2141 442 2218 MAGNUS
484 2141 656 2207 AUTEM
688 2141 1079 2211 CONSTANTINUS

421 2315 455 2354 ex
480 2293 578 2354 Fausta
597 2299 655 2354 filia
672 2299 794 2356 llereulll
811 2299 899 2372 gignit

126 2447 1204 2507 'w

126 2544 250 2621 Crispum,
268 2549 471 2617 Constantium,
489 2550 716 2617 Constantinum,
734 2550 918 2614 Constantem,
941 2556 970 2604 et
987 2535 1119 2603 Helenam
1135 2568 1204 2604 uxo-

904 2637 1069 2693 remlulinui
1083 2637 1202 2709 refugae.
1307 2679 1311 2685 .

197 2826 309 2889 Mundi
328 2847 411 2889 anuo
434 2826 526 2907 5815,
548 2826 671 2892 divinae
698 2828 920 2891 incarnationis
942 2846 1026 2889 anno
1049 2823 1123 2903 315,
1144 2840 1280 2909 no.p.28

127 2928 190 2972 nuru
210 2910 368 2973 decimum
390 2911 513 2993 imperii
532 2910 578 2973 sni
598 2932 713 2973 anuum
734 2912 805 2995 pius
827 2912 1047 2973 Constantinus
1068 2910 1204 2993 egebat3
1233 2916 1238 2925 '

126 2994 171 3075 qui
193 2992 298 3059 ridens
323 2994 477 3056 Licinium
506 2996 724 3077 persecutione
750 2996 844 3057 solito
872 2996 1005 3057 insanius
1024 2994 1206 3057 abutentem

126 3086 281 3142 utcontra
302 3078 534 3141 benefactorem
557 3078 722 3141 consilium
741 3079 962 3157 meditantem,
987 3086 1129 3140 armatur
1148 3076 1204 3141 ad-

123 3180 219 3225 versus
238 3184 313 3225 eum
335 3162 520 3245 persiccum
540 3166 565 3239 ⁴¹)
587 3174 619 3225 ct
639 3184 734 3225 mare.
776 3184 911 3247 cumque
928 3160 1090 3244 publicum
1111 3181 1206 3244 prac-

126 3242 191 3305 linm
209 3256 375 3329 ageretur,
393 3245 481 3307 vivus
496 3244 631 3307 Licinius
651 3246 683 3307 iu
703 3242 848 3331 Bithynia
868 3266 962 3329 penes
985 3245 1206 3330 Chrysopolim

125 3327 397 3411 comprehenditur
426 3338 459 3395 et
489 3328 683 3391 Constantini
712 3330 854 3392 manibus
872 3326 1030 3405 traditur,
1051 3330 1106 3413 qui
1127 3350 1207 3391 con.

124 3421 202 3475 sueta
230 3413 425 3484 humanitate
456 3434 527 3476 naus
556 3412 585 3476 ei
606 3414 670 3476 vita
700 3412 816 3475 donata
839 3412 1088 3475 Thessalonicam
1110 3413 1209 3476 mittit

121 3498 232 3559 carceri
252 3495 502 3581 mancipandum.
524 3519 635 3559 verum
657 3516 722 3559 non
743 3498 844 3559 multo
865 3505 936 3578 post
956 3496 1097 3559 barbaris
1120 3517 1207 3559 mer·
1237 3570 1241 3575 v

124 3578 190 3643 cede
213 3580 377 3643 conductis
396 3580 539 3643 futurum
550 3588 619 3644 erat
632 3587 669 3641 nt
688 3580 891 3642 rebellionem
905 3590 1044 3662 pararet,
1064 3578 1123 3641 nisi
1144 3580 1207 3641 hoc

123 3662 290 3727 mitissimus
312 3664 531 3726 Constantinus
561 3684 767 3747 praenoscens
792 3662 897 3747 gladio
918 3663 1002 3725 bunc
1024 3663 1122 3726 recidi
1143 3663 1208 3724 ius-

122 3746 208 3845 sisset.
251 3756 283 3809 et
303 3748 348 3809 sic
364 3747 402 3810 dc
416 3756 522 3845 cetero
530 3748 671 3847 perfecte
686 3748 767 3810 freta
788 3756 860 3844 sunt
872 3746 1100 3844 tranquillitate
1115 3746 1208 3845 Chri·

124 3838 291 3893 stranorum
309 3842 554 3895 conversationis
575 3832 712 3915 negotia,
733 3838 964 3913 permutatam
983 3830 1102 3893 scilicet
1127 3851 1208 3891 vsvs.

124 3912 192 3980 icae
212 3915 318 3979 crucis
338 3916 448 3999 fugatis
469 3916 618 3999 tyrannis,
639 3924 672 3979 et
688 3914 889 4000 singulariter
911 3914 1075 3977 obtinente
1095 3913 1209 3977 divini·

185 4130 307 4219 'laicae
325 4118 383 4187 sire
397 4132 482 4189 eride
499 4148 548 4203 pro
566 4142 644 4201 terra,
663 4140 695 4187 ut
712 4132 814 4188 Psalmo
829 4126 878 4186 94:
896 4125 947 4200 τὴν
964 4122 1052 4205 ξηρὰν
1069 4132 1102 4186 αἱ
1116 4136 1210 4203 χεῖρες

189 4203 278 4259 αυτοῦ
294 4204 430 4265 (aluum.
465 4206 544 4259 Fara.
