3050 4900
503 316 877 416 nx'maomma·
1008 354 1012 362 ·
1141 340 1213 416 rso

128 513 299 596 tnttmbn,
318 515 383 580 “nil
405 520 478 580 vos'’
497 517 640 604 inquiens
661 520 789 582 “turbet
801 519 1064 584 irrationelsilium
1081 521 1215 582 militum

130 599 347 664 immoderatio
371 611 404 664 et
423 601 636 688 inquietudo.”
676 602 791 666 Venisti
817 613 921 666 autem
944 605 1088 666 dixerunt
1109 607 1318 690 “deceptu

129 687 181 769 qui
205 684 293 747 iussit
306 695 340 747 te
352 685 519 768 imperare,
534 687 646 750 subdat
657 687 714 748 tibi
729 704 853 749 omnem
866 691 922 770 qui
941 687 1106 770 imperium
1126 699 1215 751 tuum

101 773 104 780 '
129 771 290 852 impugnet
300 793 308 841 ;
335 776 367 831 et
395 769 421 830 si
442 771 598 832 Romanus
628 780 673 833 est
718 771 750 830 ui
770 771 834 832 lide
855 779 949 854 rupte
972 781 1058 856 terge
1081 773 1177 834 vertit
1198 795 1216 832 a

126 862 167 926 te,
190 851 275 912 huno
296 852 355 914 tibi
383 851 415 913 in
449 855 631 917 servitutem
662 869 678 915 r
720 855 783 936 igat
803 855 920 938 ubsque
942 855 1118 937 sanguine”
1159 855 1217 917 laos
1261 867 1266 874 '

129 936 303 1018 imperator
322 954 444 1000 ermom
466 947 499 1000 et
509 938 703 1000 sermonibus
715 937 836 1002 blandis
851 956 1048 1020 compescens
1063 959 1125 1000 noa
1145 957 1217 1000 com

129 1018 431 1116 dmuurchlsmoros
455 1021 543 1083 urbis
574 1019 732 1083 emtodire
751 1023 923 1105 praecepit.
966 1034 1131 1104 praeterea
1152 1023 1217 1084 ttto

128 1111 337 1249 diffidi
355 1103 1218 1264 iiiiiifflnilliffiiiiit‘diffidi-i

123 1269 165 1352 ed
184 1270 417 1349 Theodosium,
452 1273 492 1334 ub
513 1291 552 1334 eo
575 1271 722 1353 imperari
755 1283 933 1356 poscentem
954 1274 1000 1332 sin
1022 1281 1136 1343 nutem.
1157 1275 1219 1332 ml-

129 1363 191 1415 tem
212 1356 404 1416 Germanum
425 1354 649 1438 imperatorem
681 1355 970 1440 pronuntiandum:
992 1356 1220 1439 “nequeenim

128 1439 201 1496 nos¹’
223 1437 311 1500 siunt
330 1437 502 1521 “imperari
533 1461 550 1500 a
578 1439 730 1501 Mauricio
761 1439 801 1501 dc
820 1449 927 1502 cetero
945 1439 1131 1520 patiemur?
1174 1439 1220 1500 his

129 1520 298 1582 Mauricius
324 1523 492 1603 compertis
507 1525 639 1586 accersit
660 1521 699 1583 nd
718 1523 869 1599 suillium,
892 1523 1122 1584 Comentiolum
1142 1541 1219 1582 vero

128 1621 236 1666 muros
254 1605 423 1666 ohservare
444 1607 626 1688 praecepit-3
640 1609 830 1668 Gerulum
852 1614 956 1667 antem
978 1627 1040 1667 unu
1061 1622 1132 1668 cum
1154 1603 1219 1666 lilio

129 1704 185 1748 suo
209 1689 374 1751 noomabat
403 1689 515 1750 hurum
541 1691 630 1751 luisse
651 1691 860 1752 eslnmitatnm
891 1699 1044 1751 sumeres.
1086 1709 1222 1772 eumque

129 1793 159 1832 se
178 1772 352 1834 Germanus
374 1789 519 1835 mensure
549 1774 712 1850 niteretur,
742 1774 910 1836 Mauricius
925 1773 969 1834 ait
989 1777 1031 1832 “o
1053 1775 1221 1853 Germnue,

130 1851 191 1916 duo
212 1863 287 1918 sunt
318 1863 498 1938 argumenta
528 1858 708 1938 suspicionis
734 1876 838 1935 mene,
862 1856 972 1938 populi
993 1856 1109 1917 scillcet
1131 1856 1169 1916 ad
1189 1863 1223 1916 te

132 1937 261 2014 litterae,
284 1949 316 2000 et
337 1940 423 2022 quod
445 1949 557 2001 cuncte
580 1941 697 2022 depasti
719 1950 801 2018 sunt,
830 1950 863 2002 et
883 1939 973 2000 'stollis
993 1939 1139 2020 suceptio,
1161 1940 1229 1999 tuis

131 2018 339 2103 pepercerint.
389 2038 487 2104 parce
518 2019 672 2086 Germane
692 2023 851 2106 prolixum
878 2022 1009 2106 faciendi
1031 2031 1319 2104 sermonempttt

131 2103 207 2166 nihil
228 2107 349 2167 annulos
386 2127 482 2190 quum
502 2125 569 2189 per
585 2106 720 2190 gladium
750 2107 861 2168 mosi?
901 2102 1167 2168 anne'Germnnos
1189 2103 1221 2165 in

132 2189 282 2273 templum
304 2189 484 2267 deimntris,
506 2189 593 2274 quod
616 2191 792 2273 appellator
805 2191 890 2274 Cyri,
910 2191 1000 2270 fugit
1040 2189 1226 2273 quodcum

132 2271 304 2418 impgmtor
323 2271 506 2418 didicispet„
523 2275 716 2418 {tepuerunt
733 2275 912 2417 coppelppm
931 2273 1045 2418 dirprpt
1061 2274 1101 2416 gb
1120 2273 1223 2416 spele.

130 2375 173 2416 sta
220 2369 382 2418 ermanum
405 2378 422 2418 e
446 2377 523 2419 uoen
559 2399 568 2419 .
612 2379 681 2420 cum
705 2376 745 2419 ue
866 2377 942 2417 auus
964 2371 1119 2418 sooner
1160 2375 1222 2416 uuo

131 2439 268 2502 ducere
285 2439 441 2521 voluisset,
462 2441 599 2503 fautores
621 2381 770 2503 Geriusni
792 2378 966 2503 tisspistentes
986 2439 1223 2521 espetlontste-

131 2521 276 2603 phanum,
298 2532 331 2586 et
350 2524 535 2607 excipientes
558 2528 747 2586 Germanum
780 2524 811 2583 in
832 2523 992 2585 ecclesium
1013 2539 1156 2604 magnum
1177 2522 1224 2583 ef·

129 2606 259 2689 lugiunt.
283 2616 316 2668 et
338 2624 415 2669 vero
439 2608 613 2691 imperator
623 2608 718 2690 virgis
733 2606 883 2673 caedebnt
893 2605 1105 2667 Theodosium
1125 2604 1223 2666 lilium

128 2708 237 2751 suums
262 2692 415 2752 asserebat
435 2693 517 2753 enim
527 2695 717 2753 Germanum
732 2711 791 2773 per
814 2708 885 2751 eum
907 2690 999 2751 luisse
1017 2689 1167 2771 fugatum.
1190 2698 1224 2750 et

131 2774 228 2836 mittit
248 2774 443 2835 excubitores
464 2797 482 2835 a
502 2797 612 2857 magna
625 2774 750 2836 ecclesis
765 2772 916 2836 educendi
928 2776 1129 2833 Germanum.
1149 2771 1224 2831 hinc

130 2875 257 2941 nepus
265 2856 337 2918 urbi
351 2858 621 2921 rumorlnrubuit.
636 2861 809 2921 Germanus
821 2865 924 2918 autem
936 2853 1044 2939 egredi
1057 2865 1089 2917 et
1102 2854 1179 2916 dare
1189 2874 1223 2917 so

129 2940 239 3001 voluit.
282 2960 392 3003 verum
412 2942 626 3003 multitudines
648 2941 733 3003 hunc
754 2941 837 3003 exire
855 2940 983 3001 minime
1001 2939 1223 3021 permiserunt,

126 3022 179 3085 sed
199 3022 317 3107 mugnis
338 3024 525 3107 imperatori
543 3026 690 3086 conviciis
713 3024 955 3107 derogaverunt,
976 3022 1113 3084 dicentes
1135 3028 1220 3083 “non

129 3107 242 3169 tabem
260 3108 372 3188 pellem
396 3110 450 3192 qul
470 3118 504 3171 te
523 3116 614 3185 emat,
631 3108 763 3171 Maurici
772 3107 1007 3169 Morcionista.”
1050 3107 1145 3188 igitur
1165 3105 1219 3186 qni

127 3210 236 3252 muros
247 3190 472 3268 custodiebant,
489 3192 534 3255 his
547 3190 715 3275 compertis
729 3190 901 3253 custodiam
915 3190 1118 3275 negligentiae
1137 3206 1220 3270 pro-

127 3272 288 3336 diderunt.
330 3276 495 3337 Mauricius
510 3282 624 3343 ,autem
647 3276 748 3338 medin
777 3282 869 3337 nocte
890 3281 996 3334 erutus
1015 3270 1219 3354 imperatoria

125 3358 207 3419 stola
229 3365 264 3419 et
289 3358 414 3441 privata
447 3358 715 3439 circumamictos,
744 3354 933 3420 dromonem
963 3356 1114 3439 ingressus
1147 3375 1219 3437 cum

125 3460 225 3503 uxore
256 3433 388 3525 filiisque
416 3444 477 3504 suis
504 3451 536 3504 et
557 3444 760 3505 Constantino
791 3442 896 3523 lugam
914 3439 1081 3537 “little
1107 3438 1319 3520 copiosum

124 3533 563 3694 {tttttttcttttt
572 3533 1218 3691 Mlttttt‘tlttttttlt.'tte

123 3690 199 3753 bine
221 3690 328 3775 itnqne
349 3693 465 3775 ingenti
489 3694 644 3755 saeviente
662 3712 734 3754 oum
758 3690 895 3751 menimis
913 3689 1058 3772 periculis
1079 3686 1163 3771 apud
1184 3688 1218 3747 S.

123 3778 329 3836 Autonomon
350 3777 487 3839 solvetur
508 3776 676 3837 Mauricius
734 3780 828 3834 nocte
848 3793 926 3834 vero
945 3772 1167 3855 superueniunt
1188 3770 1216 3829 ei

126 3858 223 3919 fflnm
243 3858 407 3941 languores
439 3856 604 3936 arthritici,
635 3878 712 3943 quos
732 3875 883 3919 mannum
901 3856 1026 3918 dolores
1048 3865 1080 3917 et
1103 3851 1217 3935 pedum

125 3948 249 4003 vocant.
269 3963 374 4023 porro
395 3942 492 4003 mittit
510 3942 723 4005 Theodosium
744 3942 844 4003 filium
862 3960 952 4001 suum
973 3960 1044 3999 oum
1065 3939 1218 3999 Constan-

126 4024 195 4085 tino
215 4022 255 4085 ad
276 4022 436 4089 Chosroeu
462 4044 568 4110 regem
591 4028 774 4100 Persarum,
802 4031 839 4085 ut
860 4022 1085 4085 recordaretur
1107 4041 1220 4083 eorum

126 4104 291 4189 quaesibi
321 4108 403 4172 lucta
425 4110 552 4172 fuerunt
573 4131 590 4170 a
615 4131 666 4187 ae,
686 4115 719 4171 et
747 4103 989 4169 vicissitudinem
1009 4104 1150 4166 beneficii
1171 4104 1220 4165 sni
1243 4166 1250 4177 ,

125 4188 316 4273 rependeret
336 4191 410 4254 lilio.
443 4194 616 4256 Germanus
633 4202 737 4256 sutem
756 4189 854 4254 mittit
874 4188 913 4251 ad
932 4188 1077 4273 Sergium
1095 4188 1220 4251 demar-
