3050 4900
572 332 625 397 EX
654 330 914 399 mantuane.
1213 328 1287 401 223

191 502 441 589 principaretur.
495 522 597 587 porro
619 504 840 567 Constantinus
861 502 1061 587 Septembris
1080 522 1184 568 meuse
1203 505 1324 585 dno-p.
1337 510 1391 567 tib

191 590 332 650 decimae
353 584 533 651 indictionis
556 587 741 650 descendens
765 590 804 651 ad
823 598 928 676 partes
942 588 1144 651 Chalcedonis
1166 610 1290 651 remea.

189 672 238 733 vit
258 674 298 733 nd
321 672 480 733 'ibracoas
499 679 615 753 partes,
638 692 710 733 cum
731 673 882 734 sisinnius
901 681 1035 755 praeter
1047 673 1290 735 Thraecsiorum

194 764 287 817 antea
303 776 363 838 per
384 754 528 838 Abydum
552 764 718 818 remeasset
731 766 957 900 terrenumgpe
976 778 1102 819 murum
1122 757 1206 818 urbis
1228 757 1290 819 ob..

189 838 319 901 sideret.
341 846 374 899 nt
394 838 614 901 veroveniens
637 840 813 921 imperator
827 838 904 901 edC
927 841 998 901 amii
1017 848 1146 923 portam
1167 840 1290 902 disem-

191 923 237 984 rit
259 944 358 1006 usque
379 920 418 983 ad
439 942 565 984 auream
586 934 734 1005 portam,
755 933 853 993 semet
877 924 979 1005 ipsum
999 926 1100 988 turbis
1121 931 1289 999 ostentans,

189 1017 226 1069 et
248 1008 363 1068 iterum
387 1026 526 1067 reversus
548 1015 649 1067 castre
671 1014 803 1069 metetus
825 1014 871 1068 est
893 1006 976 1089 apud
999 1010 1030 1067 S.
1045 1010 1189 1069 Mauram.
1209 1008 1291 1071 cives

191 1100 299 1152 autern
328 1090 486 1173 angustari
519 1100 694 1171 coeperunt
724 1090 854 1151 annonis
877 1090 1099 1153 deficientibus.
1141 1090 1293 1174 quocirca

189 1176 282 1237 misso
296 1172 463 1236 Athanasio
484 1176 641 1235 erueretis
659 1181 692 1237 et
706 1173 901 1236 Artnbuasdo
919 1175 1091 1237 domestico
1106 1196 1163 1238 suo
1176 1174 1216 1236 ad
1233 1175 1291 1237 de-

188 1257 338 1321 terendos
347 1265 488 1339 sumptus
500 1258 532 1318 in
547 1254 678 1339 scaphis,
693 1257 813 1319 invenit
826 1257 882 1319 bos
894 1258 995 1320 classis
1004 1258 1292 1343 Cibyraeotcnsium

194 1353 227 1403 et
248 1341 347 1405 eineis
362 1340 474 1423 Abydi,
499 1348 532 1402 et
557 1342 612 1403 bos
633 1341 874 1423 comprehensos
892 1340 932 1402 ad
946 1344 1168 1425 imperatorem
1189 1341 1290 1415 duxit,

190 1426 247 1509 qui
268 1426 461 1489 frumentum
482 1425 608 1507 quidem
621 1424 746 1508 popuiis
770 1423 832 1485 suis
855 1424 993 1503 donavit,
1011 1425 1211 1487 Athanasium
1231 1447 1291 1486 en.

189 1518 257 1571 tem
284 1517 318 1571 et
347 1506 578 1569 Artabuasdum
607 1508 704 1571 oculis
738 1509 901 1571 confestim
923 1509 1069 1591 privarit
1119 1509 1292 1591 posthaec

192 1610 272 1654 vero
294 1591 445 1675 probarit
466 1590 676 1653 Artabuasdus
707 1614 724 1653 e
752 1601 839 1654 terra
862 1602 971 1676 portes
999 1592 1124 1675 aperire
1143 1601 1176 1654 et
1193 1612 1291 1676 prae-

190 1674 269 1736 iium
289 1696 362 1737 cum
384 1674 588 1737 Constantino
618 1676 707 1739 inira.
750 1696 862 1738 rerum
888 1676 971 1737 faeta
1003 1676 1219 1759 congressione
1237 1676 1291 1737 fn.

188 1758 256 1842 gati
275 1768 349 1821 sunt
369 1758 479 1820 miiites
491 1758 690 1836 Artabassdi,
711 1766 744 1821 et
765 1758 857 1821 multi
870 1760 988 1822 mortui
1004 1768 1085 1837 sunt,
1108 1760 1193 1820 inter
1211 1778 1291 1843 quos

190 1852 224 1904 et
242 1844 401 1903 Monetas.
445 1843 632 1905 constructis
654 1853 759 1905 autem
782 1842 992 1906 Artabnasdns
1013 1843 1151 1907 dieribus
1171 1843 1288 1905 cacabo

174 1926 361 1997 ,ferentibus
381 1926 493 2007 ignem,
515 1924 599 1989 misit
621 1926 662 1989 ed
681 1926 717 1988 S.
733 1928 870 1989 Mauram
889 1925 1054 1989 nounuiios
1078 1937 1190 1989 contra
1210 1926 1288 1989 ciss-

189 2030 254 2071 som
279 2009 577 2093 Cibyraeoteusium.
633 2031 704 2072 cum
735 2019 839 2072 eutem
857 2014 990 2077 uenisset
1020 2009 1060 2071 ad
1084 2010 1116 2071 S.
1143 2012 1288 2085 Mamaea,

189 2100 335 2155 exeuntes
365 2093 621 2176 Cibyreeotenses
651 2094 842 2177 pepulerunt
870 2094 948 2157 iiius.
1005 2096 1087 2156 facta
1118 2104 1164 2155 est
1185 2104 1290 2157 autem

191 2178 224 2239 iu
246 2175 324 2239 urbe
337 2175 438 2250 satida
460 2176 565 2255 sames,
588 2176 631 2239 ita
655 2188 692 2241 ut
712 2177 1081 2241 venundaretnrmodius
1101 2176 1191 2239 ordei
1205 2175 1289 2238 duo..

194 2258 292 2321 decim
313 2260 555 2336 numismatibus,
579 2261 739 2345 leguminis
762 2283 841 2325 vero
863 2260 1055 2347 quindecim,
1079 2260 1157 2321 milii
1179 2282 1215 2323 ac
1237 2264 1289 2323 iu-

191 2342 259 2425 pini
280 2344 513 2407 numismatibus
545 2353 637 2420 octo,
667 2344 727 2407 oiei
758 2353 862 2407 autem
886 2344 985 2407 iibrae
1012 2345 1152 2428 quinque
1184 2344 1287 2405 numi·

189 2436 288 2490 amate
308 2451 384 2506 uno,
404 2431 553 2492 sextarius
575 2428 639 2491 vini
662 2426 802 2498 dimidio.
844 2451 977 2526 cumque
998 2429 1141 2516 populos!
1155 2432 1382 2508 necare-pti?

192 2521 256 2590 tur,
278 2523 405 2576 coactns
436 2521 480 2574 est
503 2511 712 2578 Artahnasdus
744 2511 901 2574 dimittere
923 2513 990 2574 aiios
1014 2535 1031 2576 e
1052 2511 1177 2574 civitate
1202 2513 1287 2576 foras

191 2597 334 2659 exeundi.
375 2617 486 2657 vcrurn
509 2595 680 2658 observatis
710 2596 846 2658 faciebus
869 2596 1020 2680 quosdam
1042 2616 1154 2658 eorum
1172 2593 1288 2680 probi.

188 2679 294 2744 bebat.
338 2677 420 2741 unde
452 2679 579 2762 quidam
609 2703 721 2748 corum
752 2679 1000 2749 emundaverunt
1029 2681 1130 2741 vuitus
1153 2701 1235 2760 suos,
1257 2687 1290 2743 ot

190 2761 338 2824 muliebri
354 2762 578 2824 circumamicti
594 2775 667 2826 sunt
681 2773 781 2828 vaste:
799 2773 847 2824 ast
867 2763 918 2824 aiii
930 2763 1114 2825 monachico
1136 2763 1291 2828 schemate

187 2854 284 2930 atque
298 2845 423 2908 cilicino
438 2847 620 2910 vestimento
641 2848 900 2934 contegebantur,
923 2856 954 2910 et
975 2850 1019 2910 ita
1031 2848 1129 2909 latere
1140 2854 1290 2930 poterant

188 2939 220 2992 et
245 2928 340 2992 exire.
362 2931 482 2994 Nicetes
506 2942 610 2994 autem
623 2939 871 3016 monostrategus
894 2941 1081 2994 coacervato
1095 2933 1215 3014 popnio
1230 2953 1289 3002 sno

187 3013 366 3076 abiodrine
384 3015 520 3100 disperso
540 3016 625 3076 veuit
642 3039 739 3100 usqne
753 3015 992 3099 Chrysopolim
1012 3025 1044 3078 et
1063 3036 1134 3078 cum
1149 3023 1288 3081 reverte·

187 3107 280 3158 retur
291 3143 301 3174 ,
330 3107 520 3160 transmeans
542 3099 716 3182 imperator
733 3110 915 3184 persecutus
936 3109 982 3162 cst
1000 3109 1071 3184 post
1091 3106 1178 3182 terga
1200 3100 1286 3184 ipso-

187 3203 271 3242 rurn.
292 3189 325 3242 et
346 3203 417 3243 oum
438 3183 569 3244 venisset
589 3183 627 3244 ad
644 3205 715 3246 euru
738 3183 822 3268 apud
835 3183 1061 3259 Nicomediam,
1084 3203 1179 3242 manu
1203 3183 1287 3264 cepit

190 3285 264 3328 eum
287 3285 357 3326 cum
381 3277 540 3339 curatore,
563 3267 618 3349 qui
640 3267 744 3330 fuerat
772 3265 890 3328 dudum
909 3266 1142 3330 Marceliiorum
1162 3264 1287 3346 episeo-

188 3370 271 3430 pus;
293 3369 385 3430 quem
407 3359 439 3410 et
461 3348 610 3412 decollari
624 3351 776 3412 continuo
789 3349 895 3412 iussit:
918 3360 1187 3430 monostrategum
1207 3368 1287 3410 vero

187 3433 330 3493 vinctum
351 3431 435 3514 patri
457 3455 515 3515 per
535 3455 660 3496 murum
682 3434 885 3496 monstrabat.
929 3456 1030 3517 porro
1050 3441 1165 3515 quarto
1188 3451 1286 3495 nonas

186 3515 391 3578 Nouembrias
424 3525 554 3599 repente
575 3517 743 3600 praeliatus
764 3527 837 3602 post
856 3519 1021 3586 meridiem
1043 3537 1102 3600 per
1122 3524 1286 3584 terrenum

186 3621 317 3662 murum
341 3599 453 3662 urbem
472 3601 618 3682 captavit
661 3612 791 3666 atvero
819 3601 1028 3668 Artahuasdus
1049 3622 1110 3662 una
1133 3620 1204 3660 cum
1224 3599 1286 3659 Ba·

186 3681 335 3766 gatangio
358 3683 494 3765 patricia
526 3683 678 3766 ingressus
712 3685 815 3746 navim
843 3683 882 3747 ad
915 3706 1059 3766 praesens
1081 3683 1186 3746 exiisse
1206 3683 1285 3744 visus

187 3777 236 3828 est
257 3766 288 3828 in
309 3765 453 3844 Obsiciis,
476 3777 508 3829 et
528 3767 632 3830 abiens
654 3767 693 3830 ad
714 3777 850 3830 castrum
869 3769 1011 3830 Pomone
1031 3777 1129 3831 semet
1147 3766 1284 3828 ineiusit.

187 3850 303 3934 quibus
338 3849 512 3934 imperator
543 3875 638 3914 manu
665 3851 764 3935 captis
795 3852 1025 3916 Artahuasdum
1057 3873 1129 3914 cum
1162 3849 1284 3912 duobus

187 3935 258 3994 iiiiis
285 3934 345 3996 suis
368 3935 505 4018 privavit
529 3935 645 4012 ocaiis,
674 3933 874 4018 Bagatangim
901 3945 1006 3998 autem
1027 3932 1060 3997 in
1082 3933 1204 3996 viverio
1227 3933 1381 4018 de-pffl

189 4017 328 4100 collavit,
352 4027 383 4080 et
403 4017 494 4080 buius
517 4029 614 4102 caput
635 4019 665 4079 in
675 4019 762 4080 iiiiiio
778 4019 938 4104 suspendit
953 4019 1061 4081 diebus
1082 4019 1191 4095 tribus.
1211 4027 1283 4100 post

187 4101 318 4182 triginta
338 4123 415 4163 vero
437 4123 532 4164 annos
560 4103 632 4163 maii
659 4123 781 4164 memor
808 4112 840 4163 et
860 4104 1079 4165 immisericors
1110 4103 1286 4185 imperator

187 4187 351 4270 praecepit
371 4185 461 4248 baias
481 4209 610 4249 uxorem
631 4188 662 4248 in
681 4188 904 4250 monasterium
917 4188 1037 4248 Cinorus
1056 4206 1191 4268 pergere
1211 4185 1285 4267 (iiiic
