3050 4900
532 353 585 418 m
621 353 880 424 Tnnornann.
1180 350 1250 423 159

155 553 223 608 ctus
247 551 293 606 est
313 539 583 607 eiGuudebundas
601 543 788 606 chiliarchus
808 543 1163 606 militieeSarbaricnm
1184 543 1250 604 nliis

153 629 309 713 quinque,
332 627 434 688 tribus
465 625 593 710 quidem
617 627 805 709 comitibus,
837 627 958 690 duobus
985 649 1063 690 vcro
1086 629 1250 688 axiomati.

153 713 243 790 cis*),
266 720 299 772 et
320 710 407 772 duxit
419 731 471 772 eos
486 710 526 772 ad
546 711 780 792 imperatorem
802 712 867 796 qui,
890 711 1035 773 videlicet
1058 710 1249 774 Gundubun.

152 795 230 872 slus,
252 816 299 855 res
323 793 507 856 necessarias
526 795 713 876 imperatori
735 791 950 873 annuntiavit,
973 795 1079 857 dicens
1100 796 1248 878 “quando

151 880 235 963 fugit
256 877 410 940 Chosroes
432 899 449 938 a
468 877 643 960 Dsstagerd
665 887 697 940 et
717 877 794 940 adiit
814 878 1051 962 Ctisoplsontem
1075 889 1168 962 atque
1189 880 1249 938 Sc-

151 963 296 1038 leuciem‚
333 959 527 1045 dysenteriae
555 962 738 1044 languorem
772 962 924 1039 incurrit,
953 972 985 1024 et
1016 962 1118 1024 voluit
1151 962 1249 1022 lilium

150 1067 243 1108 suum
267 1045 443 1122 merdasan,
466 1045 685 1132 quemgenuit
705 1066 740 1108 ex
762 1047 849 1125 Sere,
869 1066 1033 1108 coronare.
1078 1055 1173 1130 utque
1196 1067 1249 1107 re.

149 1149 272 1214 gressus
306 1129 422 1191 iterum
451 1149 573 1190 amnem
604 1128 765 1206 transivit,
788 1138 820 1190 et
846 1151 950 1191 secum
970 1128 1059 1191 duxit
1085 1128 1345 1203 Merdssanpnm

149 1224 247 1297 utque
270 1211 378 1274 Serem
401 1221 434 1275 et
457 1210 550 1273 elium
571 1212 671 1276 filium
692 1212 756 1275 eius
767 1211 853 1285 Aah
874 1215 1121 1296 primogenitum
1142 1221 1248 1274 sutem

150 1297 251 1358 tilium
270 1295 405 1358 Sirohen
426 1305 461 1358 et
480 1295 593 1357 fratres
615 1295 699 1374 eius,
720 1316 863 1358 necnon
883 1305 916 1358 et
935 1297 1079 1359 mulieres
1100 1319 1177 1373 suus,
1197 1297 1250 1358 di-

148 1380 236 1443 misit
256 1380 341 1442 ultre
365 1379 493 1442 flumen.
547 1387 777 1463 compertoque
804 1378 932 1443 Sirohes
967 1380 1054 1464 qnod
1084 1381 1248 1443 Merdssan

149 1481 312 1527 coronare
333 1462 438 1541 vellet,
457 1462 600 1525 turbatus
623 1473 678 1538 est,
700 1473 733 1525 et
750 1462 836 1524 misit
853 1463 1077 1526 collactaneum
1098 1485 1188 1525 suurn
1209 1464 1249 1525 ad

148 1544 403 1624 Gnudabnndau‚
412 1546 560 1607 mundans
571 1547 600 1608 ei
613 1569 648 1608 ac
659 1545 764 1610 dicens
784 1547 866 1608 ‘veni
876 1548 920 1610 cis
929 1547 1055 1624 flumen,
1077 1557 1111 1607 ut
1136 1547 1250 1631 loquer

149 1633 277 1694 secuml
319 1637 353 1691 et
373 1629 424 1691 ille
445 1630 551 1691 timuit
571 1629 754 1712 Chorrom,
776 1637 808 1693 et
830 1653 893 1692 non
914 1631 1068 1707 transivit,
1083 1629 1137 1692 sed
1158 1651 1250 1692 men..
1320 1687 1323 1692 .

149 1714 205 1778 det
228 1713 269 1793 ei,
292 1712 412 1776 ‘scribe’
434 1713 575 1798 inquiens
598 1713 682 1776 ‘mihi
699 1735 759 1796 per
777 1714 1004 1776 collectaneum
1024 1735 1129 1775 meum
1152 1713 1249 1797 quid.

150 1797 230 1884 quid
251 1795 407 1859 volueris!
464 1804 496 1860 et
513 1796 638 1881 scripsit
667 1799 696 1860 ei
718 1797 839 1859 Sirohis
871 1798 1021 1880 quoniam
1040 1798 1122 1858 nosti
1144 1797 1249 1880 qnali-

149 1894 204 1946 ter
222 1901 271 1944 res
292 1881 416 1964 publica
438 1881 606 1943 Persarum
625 1902 685 1964 per
706 1901 840 1965 nequam
861 1879 1022 1943 hominem
1044 1882 1136 1942 istum
1151 1879 1247 1944 Chos-

149 1986 230 2028 roen
252 1972 379 2047 pereat,
406 1973 440 2026 et
460 1964 528 2026 vult
550 1985 706 2027 coronare
724 1963 905 2041 Mardum,
929 1972 963 2027 et
981 1985 1032 2027 me
1051 1965 1247 2048 primogeni.

150 2060 219 2112 tum
240 2069 331 2110 suum
357 2049 554 2128 contempsit.
607 2059 639 2111 et
659 2049 683 2111 si
712 2048 864 2111 allocutus
892 2049 989 2111 fueris
1017 2049 1186 2112 exereitum
1209 2059 1247 2110 nt

151 2133 307 2215 recipiant
330 2153 382 2192 me
395 2175 404 2208 ,
435 2139 468 2192 et
488 2151 580 2214 rogus
605 2153 716 2194 eorum
739 2133 879 2214 angebo,
902 2140 934 2195 et
953 2153 1063 2215 pacem
1085 2153 1158 2194 cum
1179 2134 1246 2194 Ro.

151 2237 318 2278 manorum
339 2215 531 2296 imperatore
553 2236 589 2276 ao
610 2217 722 2277 Turris
742 2217 867 2296 faciam,
891 2224 924 2278 et
943 2216 1024 2279 bene
1042 2215 1190 2279 vivemus.
1214 2223 1248 2278 et

149 2299 240 2362 stude
262 2321 333 2360 cum
353 2299 472 2381 populo
492 2307 550 2360 tuo
571 2305 607 2359 ut
629 2319 686 2383 ego
706 2319 851 2383 regnem,
872 2309 905 2361 et
922 2321 1028 2362 omnes
1048 2320 1104 2362 vos
1126 2321 1247 2382 prore·

150 2385 224 2445 ham
245 2391 277 2446 et
299 2381 489 2459 auxiliabor,
509 2390 541 2443 et
568 2384 739 2466 praecipue
761 2393 804 2444 te.
848 2382 1052 2445 Gundsbusas
1067 2391 1169 2443 autern
1192 2405 1245 2444 re-

69 2531 71 2537 ,
148 2469 232 2530 misit
255 2468 283 2529 ei
303 2488 362 2549 per
379 2464 604 2528 collectaneum
625 2487 725 2527 suum»
739 2466 843 2529 diceus
864 2464 1027 2550 ‘quiequid
1049 2486 1173 2548 possum
1197 2465 1246 2525 lo.

150 2574 234 2636 quar
262 2572 333 2612 curn
368 2560 538 2633 praetore,
567 2557 599 2611 et
618 2548 768 2611 sollicitus
800 2550 866 2626 fni,
887 2556 921 2611 et
939 2548 1063 2611 loeutus
1083 2570 1150 2611 sum
1171 2570 1244 2611 cum

148 2634 404 2719 vigintiduobus
424 2634 609 2710 comitibus,
642 2642 674 2695 et
703 2632 764 2695 feci
785 2652 838 2695 eos
864 2653 953 2694 mese
970 2632 1140 2694 voluntatis
1159 2652 1243 2707 esse;

149 2720 202 2780 seri
223 2726 256 2779 et
277 2718 351 2779 alios
386 2716 542 2800 principes
573 2726 605 2779 et
636 2716 747 2779 milites
776 2715 911 2779 multos)
956 2725 990 2778 et
1019 2715 1340 2799 hseequidemp.501

150 2800 353 2863 Gundabusos
387 2801 546 2862 mandavit
576 2800 694 2861 Sirohi.
739 2808 777 2870 ¹at
810 2800 862 2862 ille
891 2800 1010 2865 remisit
1035 2800 1065 2863 ei
1082 2799 1186 2863 dicens
1208 2808 1246 2863 ut

149 2886 271 2946 decimo
296 2883 497 2945 kalendarum
529 2886 721 2966 Apriliarum
747 2892 885 2947 sumeret
905 2885 1065 2963 iuniores,
1096 2894 1130 2948 et
1160 2885 1245 2967 opud

149 2979 280 3051 pontem
316 2969 345 3029 ei
364 2966 500 3051 Tigridis
522 2976 708 3032 ocerrrreret
728 2967 883 3044 fluminis,
905 2976 943 3028 ut
962 2970 1154 3052 susciperent
1166 2963 1246 3031 'esum

149 3052 180 3113 in
205 3052 375 3113 exercitum
401 3058 433 3113 et
466 3060 669 3113 moverentur
701 3052 846 3115 adversus
869 3050 1043 3114 Chosroeu.
1086 3052 1246 3115 referebat

149 3144 253 3199 sutem
276 3134 363 3221 quod
393 3156 464 3197 oum
486 3134 593 3197 Sirobi
614 3146 716 3199 essent
735 3136 830 3198 etism
845 3134 910 3198 dno
930 3136 987 3199 lilii
999 3134 1192 3198 Sarberesan
1212 3145 1245 3199 et

219 3386 308 3439 iecere
329 3385 471 3439 nobiscum
499 3384 557 3437 diss
576 3384 682 3455 aliquot
701 3384 801 3438 velers.
844 3384 955 3437 ltulinus
980 3382 1113 3454 interpres
1132 3382 1244 3440 liusslsii

218 3458 253 3511 Η.
273 3456 302 3509 E.
322 3456 374 3510 102
395 3457 622 3527 quinquennum
641 3453 931 3510 iutermtechumenos
947 3454 1058 3511 fumant
1094 3453 1161 3509 Acts
1173 3455 1244 3505 Fru-

219 3528 307 3581 ctuosi
335 3527 415 3595 episc.
442 3528 604 3580 Terrarum:
624 3534 652 3579 st
669 3526 794 3581 fecemut
815 3524 845 3579 iu
871 3542 977 3579 earcere
1007 3524 1067 3577 diss
1085 3541 1140 3579 sex.
1156 3524 1243 3577 Vetus

220 3598 461 3723 3³⁸⁰5tipt}⁰².t⁰¹¹¹²¹
471 3612 534 3722 fpipp
553 3596 727 3721 {eocitssnppp
754 3597 899 3722 9dmeus¹es
913 3596 1016 3721 inihi
1030 3596 1075 3720 tp.
1086 3596 1162 3719 pileis
1181 3610 1244 3728 egr:

216 3686 314 3723 marli)
345 3687 383 3722 ecl
416 3688 450 3721 m.
529 3706 535 3719 ·
590 3707 596 3720 ·
644 3704 651 3719 s
726 3685 777 3723 &M
804 3686 835 3722 ut
874 3684 894 3721 n
1018 3705 1027 3722 ο
1066 3684 1171 3719 nomi

216 3741 351 3801 πολλάκις
375 3738 483 3813 ἡμέρας
504 3740 552 3794 καὶ
579 3736 682 3801 νύκτας
696 3739 853 3802 ποιοῦντες.
873 3756 900 3793 r.
919 3741 986 3793 lete
1004 3746 1092 3811 spurt.
1111 3735 1146 3791 18
1161 3734 1198 3790 2³
1214 3744 1244 3790 st

217 3815 300 3883 epist.
318 3810 446 3865 lncobit
467 3810 510 3865 13.
545 3810 625 3864 Fun.

182 3934 208 4007 Ἴ
228 3930 408 4054 axiomsncisl
434 3932 612 3985 Glossarium:
642 3928 832 4004 ἀξιωματικός
853 3928 1030 3992 honorarius,
1044 3927 1091 3999 qui
1110 3926 1242 3981 honorem

218 4005 296 4074 gerit.
332 4004 388 4057 uliu
427 4002 605 4056 Glossarium:
636 4000 787 4071 dignitosus
816 3997 886 4064 ἄξω
909 3998 1021 4063 κακός,
1040 3998 1135 4069 quiin
1151 3998 1243 4067 digni.

218 4082 276 4128 tate
293 4076 457 4129 'constitutus
475 4080 525 4126 est
570 4073 657 4127 ulitur
672 4080 809 4142 postremo
834 4088 853 4123 v
902 4069 1096 4122 otldlrelrnus
1114 4067 1150 4122 de
1166 4069 1243 4124 lsud.

219 4145 339 4214 virginit.
357 4144 441 4199 ese:
460 4151 573 4215 propter
596 4142 760 4212 dignitosum
778 4141 1177 4212 immensissimis.
1196 4138 1241 4193 sli-

148 4228 154 4239 ·
223 4217 351 4286 musas
369 4214 558 4271 reuerendus.
592 4214 673 4269 Fur.
