3050 4900
402 377 406 388 '
500 375 552 439 EX
586 371 843 440 minoratas.
1164 369 1212 440 73

141 543 248 628 psisset,
268 541 401 604 ardenta
420 550 467 604 est
483 563 590 605 manns
610 541 694 622 eiuss
723 565 819 629 quem
838 548 1003 626 peccatum
1021 565 1112 605 sunm
1133 564 1214 606 con-

141 629 240 690 tessum
260 626 379 686 sanavit
399 625 588 688 Gennadius.
630 628 822 690 sicutenim
844 627 969 710 quidam
991 627 1215 690 historicorum

139 709 218 794 quod
238 710 347 790 crispis
367 717 400 772 et
421 709 501 771 raris
522 710 641 792 capillis
662 711 786 772 schema
802 712 834 772 in
854 711 1008 773 salvatore
1026 712 1120 792 magis
1139 733 1215 773 ver·

138 793 273 854 naculum
300 793 348 854 sit.
389 813 449 874 per
473 793 554 856 idem
568 803 689 876 tempus
709 797 774 856 Leo
796 796 972 876 imperator
982 795 1139 856 Zenomm
1157 816 1213 876 ge-
1221 823 1249 878 p.
1258 804 1308 860 175
1325 803 1344 858 a

137 897 240 938 nerum
257 895 346 938 sunm
367 878 692 959 magistratnm'totius
716 879 855 940 Orientis
881 877 965 953 fecit,
987 887 1020 939 et
1037 877 1215 941 Basiliscum

135 961 260 1021 fratrem
283 958 418 1022 Vesicae
437 963 592 1042 Augustae
623 961 838 1043 magistratum
870 963 1014 1023 Thracas
1041 961 1214 1024 constitnit.

136 1045 213 1104 Zeno
250 1051 354 1104 nutem
384 1045 505 1106 veniens
533 1044 730 1108 Antiochiam
758 1045 878 1121 invenit
908 1045 1090 1127 episcopum
1122 1044 1154 1106 in
1177 1068 1215 1108 ea

135 1146 253 1191 sacrum
273 1127 471 1211 Martyrium.
512 1128 623 1190 Petrus
645 1135 749 1193 autem
770 1127 933 1210 Cnaphens
953 1128 1216 1211 sequebatane·

136 1231 256 1286 nonem,
277 1231 348 1272 cnm
367 1213 654 1294 essetpresbytcm
679 1212 732 1293 qui
751 1211 939 1292 persuadens
959 1213 1078 1273 Zenoni
1098 1221 1135 1274 nt
1156 1211 1217 1276 sihi

136 1303 361 1374 cooperaretur
380 1294 420 1354 ad
440 1294 661 1356 conducendos
684 1295 829 1358 mercede
858 1295 1011 1378 quosdam
1031 1295 1218 1378 Apollinarii
1321 1302 1327 1314 ¹

133 1386 313 1455 sectatores,
344 1376 561 1438 turbationum
588 1377 667 1440 dena
690 1377 775 1438 milia
803 1379 916 1440 excitat
936 1388 1047 1440 contra
1073 1377 1165 1440 tidem
1185 1387 1219 1442 et

133 1460 320 1543 Martyrium
341 1461 537 1542 episcopam,
561 1470 593 1523 et
614 1459 853 1522 anathematisat
874 1463 1001 1546 eosqui
1022 1482 1086 1524 non
1107 1460 1218 1524 dicunt

136 1542 222 1604 deum
245 1543 428 1606 crucifixum
460 1565 540 1622 esse,
571 1553 603 1607 et
634 1543 776 1606 scindens
807 1545 959 1628 populum
988 1541 1218 1607 Antiochenam

137 1625 217 1687 addit
249 1627 281 1688 in
314 1628 442 1710 trisagio
474 1628 591 1712 hymno
621 1632 640 1665 “
665 1628 697 1688 ui
720 1629 882 1690 crucifixus
915 1649 946 1690 es
977 1637 1112 1710 propter
1130 1630 1216 1690 nos.''

133 1711 213 1790 quod
243 1719 357 1773 extunc
393 1709 548 1794 hodieque
581 1650 673 1794 apoll¹
695 1711 938 1793 Theopaschitas
973 1710 1036 1773 dici
1066 1711 1215 1774 obtinuit.

131 1792 295 1878 Martyrios
317 1801 420 1854 autem
442 1791 481 1854 ad
500 1797 635 1856 Leonem
649 1795 874 1876 imperatorem
895 1795 990 1877 venit,
1009 1802 1042 1855 et
1059 1797 1320 1878 suscepisse-176,

131 1886 172 1937 est
191 1899 268 1938 cnm
287 1875 410 1938 honore
432 1879 544 1958 multo,
565 1877 667 1940 studio
690 1877 845 1940 Gennadii
877 1868 1017 1963 episcopi
1038 1870 1217 1950 Constanti,-

96 2020 99 2032 ,
131 1961 290 2040 copoleos.
346 1959 465 2022 rediens
502 1971 605 2023 autem
623 1961 829 2039 Antiochiam,
852 1969 883 2022 et
903 1963 1061 2024 inveniens
1082 1962 1216 2044 populos

129 2040 299 2105 diffidentes
325 2044 544 2126 Zenonemque
573 2044 619 2106 his
638 2045 813 2122 faventem,
835 2065 943 2106 coram
969 2045 1097 2108 ecclesia
1121 2045 1215 2106 abre-

130 2127 283 2188 nuntiavit
304 2127 515 2209 episcopatui,
538 2127 641 2190 dicens
674 2129 780 2190 “clero
810 2149 874 2190 non
897 2127 1021 2190 subdito
1042 2137 1074 2189 et
1094 2125 1215 2226 populo

129 2207 282 2272 dissidenti
303 2221 335 2271 et
357 2211 502 2272 ecelesiae
531 2211 683 2296 squalenti
712 2211 911 2287 abrenuntio,
931 2234 1056 2275 servans
1075 2210 1218 2274 mihimet

127 2293 294 2354 sacerdotii
314 2291 523 2377 dignitatem.''
575 2314 638 2378 quo
670 2293 844 2356 discedente
862 2295 974 2356 Petrus
999 2293 1162 2377 Cnapheus
1183 2292 1216 2354 in

129 2375 277 2437 mannum
291 2377 531 2440 Alexandrinum
546 2377 664 2457 insiliit,
688 2375 719 2440 e't
734 2400 806 2440 mos
824 2379 973 2440 Ioannem
987 2398 1114 2463 qnoque
1134 2397 1216 2462 pro.

126 2460 222 2522 morit
245 2462 437 2542 Apameunm
460 2462 660 2544 episcopam,
682 2461 738 2543 qni
766 2472 893 2524 crater
918 2456 1126 2543 depositione.
1169 2458 1215 2523 his

126 2562 200 2605 vero
224 2546 395 2627 compertis
411 2542 587 2608 Gennadius
607 2550 719 2606 cuncta
742 2543 784 2603 im
808 2544 926 2605 aratori
948 2542 1087 2625 exponit,
1108 2553 1140 2605 et
1163 2543 1216 2605 iu-

124 2624 175 2689 bet
193 2628 329 2689 Petrum
350 2628 495 2711 Cnaphen
523 2626 652 2690 exiliari.
706 2648 770 2711 quo
815 2624 939 2688 audiens
961 2628 1073 2689 Petrus
1093 2626 1216 2688 erilium

124 2710 192 2793 luga
214 2712 326 2773 evasit.
379 2712 530 2774 electione
564 2732 638 2773 vcro
662 2710 822 2773 communi
841 2710 973 2773 lulianus
995 2708 1122 2794 quidam
1146 2710 1216 2793 epi-

124 2813 236 2876 scopus
259 2794 443 2857 Antiochiae
461 2804 679 2877 promovetur.
1013 2830 1016 2835 ·

203 2910 328 2973 Eodem
349 2932 431 2971 anno
452 2912 618 2973 translatus
639 2920 684 2973 est
711 2909 796 2992 apud
822 2872 1038 2972 Alexandriam
1058 2909 1215 2993 propheta

122 2990 281 3056 Helisaeus
313 2996 344 3054 in
365 2994 587 3057 monasterium
610 2993 699 3055 Pauli
719 2991 852 3076 leprosis
879 2993 1038 3078 leprosum
1059 2994 1143 3055 enim
1163 3015 1215 3056 sa.

119 3077 279 3223 lanthilesel.
295 3075 455 3162 leprosum
476 3077 562 3158 fecit,
584 3088 618 3141 et
636 3078 669 3141 iu
694 3098 730 3141 ea
750 3098 831 3162 quae
860 3076 978 3160 leprosi
999 3084 1093 3139 erant
1112 3086 1214 3139 tram·

205 3276 301 3338 Circa
318 3276 396 3339 haec
416 3286 560 3361 tempora
580 3275 751 3359 Anthimns‚
773 3274 1315 3359 etTimoclestropariorump.1l7
1335 3282 1369 3336 n

118 3358 259 3421 factores
282 3362 538 3443 agnoscebantur.
592 3369 755 3443 praeterea
784 3360 902 3421 Cassius
932 3367 1080 3444 quaestor
1099 3358 1247 3439 Antio-p.
1260 3368 1348 3425 1786

119 3440 241 3504 chenus
271 3453 366 3528 atquc
396 3442 595 3527 philosophus
623 3444 788 3527 derogatus
819 3450 865 3504 est
884 3442 969 3526 apud
989 3442 1214 3525 imperatorem

117 3534 151 3587 ut
176 3547 337 3609 paganus,
366 3537 398 3591 et
427 3528 512 3590 iussit
532 3530 707 3610 imperator
727 3526 896 3588 examinari
921 3548 992 3589 eum
1013 3548 1031 3588 a
1050 3526 1213 3609 praefecto

115 3610 359 3689 praetoriorum
379 3610 662 3693 Constantinopoli.
686 3632 821 3694 cumque
844 3610 1016 3673 duceretur
1035 3608 1067 3671 in
1078 3609 1215 3692 Zeuxip-

113 3712 193 3774 pum
221 3694 344 3755 vinctus
367 3706 542 3757 retrorsum
564 3694 715 3769 manibus,
738 3692 815 3754 dixit
828 3692 867 3755 ad
889 3716 960 3755 enm
983 3694 1097 3755 Poseus
1118 3712 1216 3773 prae-

114 3776 219 3837 fectus
243 3775 396 3859 “videsne
419 3801 438 3840 o
462 3778 552 3855 Cassi,
576 3778 607 3837 in
629 3798 693 3863 quo
715 3776 824 3838 habitu
845 3778 1032 3839 constitutus
1053 3776 1135 3837 sisl''
1160 3776 1216 3860 qni

115 3860 160 3919 ait
184 3859 325 3939 “video,
354 3870 386 3923 et
418 3884 482 3923 non
514 3860 636 3922 miror:
664 3861 760 3921 homo
785 3861 867 3922 enim
889 3882 960 3921 cnm
979 3859 1046 3935 sim,
1068 3858 1215 3920 humanas

113 3942 246 4003 incurri
267 3944 464 4007 calamitates.
486 3944 540 4007 sed
562 3942 665 4005 iudica
688 3944 718 4005 in
741 3966 807 4025 mc,
827 3952 864 4003 ut
884 3964 1006 4004 mecum
1027 3941 1215 4005 indicabas.''

116 4026 238 4109 quibus
270 4026 381 4089 auditis
409 4029 521 4090 concio
540 4026 677 4088 laudavit
704 4028 944 4109 imperatorem,
969 4046 1032 4109 quo
1049 4034 1214 4109 comperto

115 4110 298 4193 imperator
319 4110 437 4194 gavisos
458 4120 555 4174 estet
576 4110 691 4172 dimisit
711 4132 783 4172 eum
805 4110 837 4169 in
858 4113 1017 4193 regionem
1036 4130 1131 4171 suam.

200 4218 314 4281 Mundi
339 4242 419 4283 auno
442 4217 534 4299 5963,
557 4219 679 4285 divinae
700 4218 926 4283 incarnationis
946 4239 1028 4281 anno
1050 4212 1122 4292 463,
1142 4238 1213 4279 cnm
1222 4247 1250 4300 p.
1265 4228 1317 4285 183
1334 4230 1369 4283 13
