3050 4900
476 349 527 415 aa
556 345 838 452 anscausus
1079 332 1081 341 '
1125 349 1192 414 ιιι

123 522 303 587 introductus
327 541 402 606 ergo
437 521 552 606 legatus
573 525 788 588 Romanorum
807 545 880 586 cum
901 523 1078 601 adorasset,
1102 523 1229 602 irrasusp.
1249 529 1302 584 318

122 617 160 672 aa
176 609 211 670 ab
231 628 268 670 eo
291 608 368 690 erigi
389 615 422 669 et
444 607 516 669 duci
540 607 579 670 ad
602 630 644 670 sc.
685 629 756 670 cum
776 609 879 671 autem
895 610 1074 690 suscepisset
1096 608 1199 692 impe-

123 692 222 754 ratoris
242 713 382 768 sacram,
416 691 569 754 osculatus
585 701 631 754 est
653 691 854 775 signaculum,
876 693 962 776 quod
982 691 1117 753 babebat
1139 711 1199 773 pe·

122 774 282 837 olusculum
303 774 511 858 imperatoris.
553 778 701 858 susceptis
721 783 826 838 autem
847 785 878 839 et
900 776 990 838 donis
1010 775 1130 858 gavisus
1153 783 1199 833 cst

123 859 209 920 ralde.
251 879 351 942 porro
374 881 444 920 cum
468 857 588 942 legisset
607 881 739 939 sacram,
762 861 881 922 invenit
902 871 938 922 ut
959 881 991 922 se
1011 869 1123 922 contra
1147 879 1200 919 re·
1241 915 1246 922 ,

121 963 181 1026 gem
198 942 363 1004 Persarum
383 951 531 1021 armaret,
551 953 583 1006 et
595 943 768 1026 proximam
789 944 848 1006 sibi
864 944 1030 1006 Persarum
1051 941 1201 1025 perderet

123 1027 284 1108 regionem,
309 1035 341 1088 et
361 1025 491 1088 alterius
513 1048 584 1088 cum
605 1028 707 1090 Persis
728 1025 855 1090 foedera
885 1049 950 1090 uon
972 1028 1079 1090 iniret.
1119 1045 1201 1108 pro·-

121 1110 193 1170 tinus
213 1129 291 1191 ergo
313 1109 445 1172 collecto
477 1111 616 1172 exercitu
651 1132 705 1172 rex
728 1110 857 1172 Aretlms
877 1131 987 1173 coram
1008 1111 1110 1194 legato
1130 1111 1203 1170 llo—

119 1212 275 1254 manorum
296 1193 439 1255 adversus
455 1193 561 1257 Persas
584 1194 737 1276 praelium
754 1197 863 1272 movit,
886 1195 1040 1258 subiectos
1062 1193 1121 1255 sibi
1141 1194 1202 1254 sa-

121 1295 239 1338 racenos
261 1278 475 1359 praemittens.
515 1279 674 1360 profectus
706 1286 809 1340 autem
831 1287 863 1340 et
886 1279 951 1360 ipse
971 1279 1011 1339 ad
1040 1276 1203 1360 regionem

118 1361 286 1436 Persarum,
307 1361 513 1444 depopulatus
540 1371 585 1423 est
605 1362 708 1422 omnia
723 1383 804 1446 quae
818 1362 849 1422 in
863 1363 1005 1444 partibus
1026 1360 1200 1423 illiserunt.
1322 1437 1327 1444 .

119 1453 216 1506 lenem
238 1454 342 1507 autem
357 1465 411 1506 rex
424 1445 541 1508 Aretho
554 1456 650 1528 caput
669 1445 788 1523 lulisni‚
811 1445 932 1506 atdans
954 1445 984 1508 ei
1003 1445 1087 1527 pacis
1108 1465 1204 1505 oscu-

118 1529 185 1604 lum,
205 1526 323 1590 dimisit
356 1549 426 1590 eum
448 1528 479 1590 in
503 1531 601 1592 mulla
629 1529 846 1592 benevolentia
874 1529 1040 1612 multisque
1060 1529 1203 1590 muneri·

118 1611 177 1673 bus.
216 1633 321 1696 porro
342 1611 426 1674 facta
446 1621 492 1675 cst
511 1623 543 1675 et
563 1612 621 1676 alia
641 1633 744 1686 causa,
766 1633 847 1695 quae
865 1612 1007 1674 turbavit
1028 1610 1203 1674 chosroen.

117 1693 213 1758 Hunni
234 1697 355 1780 quippe
375 1716 434 1777 per
457 1696 533 1760 illud
556 1705 688 1778 tempus,
715 1717 793 1780 quos
804 1697 925 1758 Tuscos
946 1696 1052 1758 dicere
1065 1714 1203 1756 consue·

118 1779 216 1858 rimus,
240 1780 428 1862 legationem
462 1779 603 1862 dirigunt
624 1779 663 1842 ad
687 1781 854 1858 lustinum,
877 1801 936 1862 per
955 1779 1126 1841 Alanorum
1149 1798 1203 1838 rc·

57 1881 59 1889 ¹
117 1863 232 1944 gionem
259 1863 426 1925 mittentes.
470 1861 660 1926 bartimeus
689 1863 841 1927 Chosroes
861 1863 1087 1926 excusationem
1108 1873 1299 1943 prae-rasta

118 1945 288 2026 tendebat,
306 1945 509 2010 rebellionem
530 1947 749 2010 Amieuiorum
778 1948 811 2009 in
833 1970 866 2010 se
888 1948 1002 2009 factam
1020 1967 1080 2030 per
1098 1965 1204 2007 acces

117 2047 277 2176 remugiuo
312 2028 428 2092 lustina
458 2029 670 2098 adhaeserant.
719 2029 773 2094 sed
794 2041 826 2093 et
859 2032 1009 2114 prologos
1031 2027 1205 2112 repetebat.

117 2113 193 2196 impe
237 2113 314 2176 ebat
335 2113 419 2174 enim
438 2115 654 2177 Romanorum
672 2113 847 2198 imperator
873 2113 1087 2198 persingulas
1108 2133 1205 2174 anuos

120 2199 301 2282 quingentas
325 2197 419 2260 libras
441 2199 532 2276 auri,
553 2208 590 2261 us
608 2206 720 2276 castra,
743 2220 824 2283 quae
845 2198 916 2261 loco
939 2200 1081 2281 proxima
1102 2206 1204 2272 eraut,

115 2278 221 2342 Persae
247 2275 458 2358 custodirent,
491 2303 531 2344 ne
559 2283 712 2366 ingressae
742 2291 848 2364 gentes
870 2292 1038 2366 utramque
1059 2302 1127 2342 rcm
1146 2301 1207 2361 pu·
1254 2336 1258 2345 ,

117 2361 221 2425 blicam
247 2365 466 2444 destruerent,
487 2367 766 2451 communibusque
795 2365 967 2448 sumptibus
988 2363 1112 2428 castella
1133 2384 1206 2426 mu-

118 2447 292 2511 niebantur.
334 2456 462 2510 atvero
480 2449 611 2513 lustinus
631 2470 740 2532 pacem
756 2447 905 2526 dissolvit,
927 2470 1061 2513 asserem
1081 2466 1205 2530 oppro-

116 2530 196 2594 bium
217 2554 284 2595 csse
314 2532 370 2593 sub
401 2532 502 2594 Persis
528 2532 650 2596 solvere
679 2532 799 2595 tributa
820 2534 1000 2594 Romanos:
1033 2540 1206 2613 propterea

114 2614 213 2679 locum
232 2637 384 2699 maguum
395 2614 456 2677 hoc
467 2618 635 2679 Persarum
648 2618 927 2699 Romanorumque
946 2617 1066 2698 reperit
1079 2614 1205 2677 bellum.

114 2719 211 2779 porro
241 2701 376 2761 lustinus
412 2702 606 2763 Marcianum
633 2700 823 2782 patricium,
853 2708 886 2761 et
912 2707 1080 2783 cognatum
1114 2718 1205 2759 suum

116 2792 298 2863 praetorem
320 2803 427 2845 creans
451 2784 590 2848 Orientis
611 2792 724 2847 contra
744 2784 852 2846 Persas
873 2781 995 2847 direxit.

191 2882 309 2946 Mundi
323 2881 508 2961 annosam,
531 2884 654 2947 divinae
674 2882 989 2946 iucarnationisanno
1001 2880 1074 2959 565,
1092 2889 1207 2944 octavo

115 2964 234 3047 imperii
257 2964 307 3029 sui
329 2988 410 3029 anuo
434 2968 564 3029 lustinus
588 2968 760 3030 infirmatus
781 2975 877 3029 estet
899 2969 1038 3029 tristatus
1062 2964 1206 3028 adversus

112 3049 304 3113 lladuarium
325 3052 455 3113 fratrem
476 3072 574 3129 suum,
594 3060 626 3114 et
648 3051 731 3113 hune
758 3050 879 3113 iniuriis
901 3052 1060 3113 lacerarit.
1102 3050 1210 3111 noris·

103 3133 185 3205 ⁴siuse
209 3154 292 3197 vero
314 3136 476 3218 praecepit
489 3134 686 3197 cubiculariis
706 3135 817 3219 pugnis
831 3155 953 3197 caesum
968 3132 1102 3195 educere
1121 3131 1209 3193 illum

112 3216 371 3302 inconspectum
400 3218 526 3281 concilii
546 3229 746 3281 senatorum:
780 3230 848 3281 erat
873 3218 956 3279 euim
983 3234 1087 3278 comcs
1107 3213 1210 3296 irnpe-

113 3302 238 3363 rialium
271 3300 476 3365 stabulorum.
533 3321 598 3387 quo
627 3311 794 3384 comperto
818 3301 936 3383 Sophia
960 3300 1082 3361 tristata
1111 3308 1156 3361 est
1176 3307 1209 3359 et

110 3395 288 3469 conquesta
304 3384 498 3467 imperatori,
520 3386 573 3469 qui
592 3406 625 3449 se
644 3386 813 3467 poenituit,
834 3392 865 3446 et
878 3380 1116 3446 descendensad
1136 3401 1207 3444 eum

110 3468 139 3527 iu
162 3468 325 3531 stabulum
345 3468 488 3532 introivit
508 3468 613 3533 subito
636 3490 707 3530 cum
729 3468 908 3552 praeposito
930 3461 1305 3550 cubiculariorum-pass

108 3551 290 3615 baduarius
312 3561 415 3615 autem
437 3552 503 3616 viso
525 3553 717 3637 imperatore
737 3552 848 3636 sagita
870 3552 942 3614 loco
958 3553 989 3613 iu
1012 3552 1128 3627 locum,
1148 3568 1209 3631 per

108 3636 282 3717 superiora
305 3636 470 3719 praesepis,
493 3656 568 3720 prae
589 3636 703 3700 timore
718 3633 929 3719 imperatoris.
972 3642 1018 3697 ast
1037 3634 1211 3716 imperator

109 3718 271 3783 clamabat
293 3718 425 3783 “adiuro
459 3728 490 3781 te
509 3742 568 3802 per
590 3720 696 3798 deum,
718 3721 818 3783 irater
837 3720 890 3797 mi,
908 3729 1036 3801 expects
1056 3719 1134 3778 me.”
1176 3724 1210 3777 et

110 3824 182 3864 rum
204 3802 426 3881 cucurrisset,
450 3806 551 3867 tenuit
572 3824 656 3881 eum,
688 3812 719 3865 ct
741 3803 929 3887 amplexatus
951 3799 1145 3863 deosculatus
1165 3806 1211 3861 est

111 3886 211 3965 illum,
239 3886 345 3949 dicens
363 3888 511 3969 “peccavi
532 3888 601 3961 tibi,
624 3890 722 3949 frater
742 3888 794 3960 mi,
812 3886 865 3947 sed
886 3886 1006 3966 suscipe
1020 3904 1071 3945 me
1091 3890 1128 3942 ut
1146 3884 1210 3943 ibn.

110 3978 192 4032 trem
220 3980 315 4033 tuum
334 3972 472 4053 primum
494 3980 526 4031 et
548 3973 791 4053 imperatorcmt
809 3992 843 4031 aa
856 3968 1007 4031 diabolica
1026 3966 1108 4029 enirn
1131 3986 1211 4048 ope.

109 4055 241 4115 ratione
274 4055 346 4115 novi
374 4054 461 4152 quod
494 4054 609 4116 factum
641 4056 682 4116 sit
701 4053 792 4113 boc.”
845 4054 899 4135 qui
922 4050 1034 4113 cecidit
1056 4048 1209 4131 adpedes

111 4139 190 4217 cius,
212 4146 250 4199 et
272 4136 347 4199 llens
367 4146 410 4199 ast
429 4138 615 4214 “veraciter,
637 4137 780 4213 domiue,
802 4142 990 4217 potestatem
1011 4133 1112 4197 babes.
1155 4154 1213 4195 ve-

109 4229 294 4283 rumtamen
322 4220 356 4283 iu
386 4222 560 4304 praesentia
598 4230 718 4285 senatus
750 4218 933 4283 deformasti
960 4238 1083 4285 servam
1112 4229 1212 4281 tuum.
