3050 4900
636 371 786 442 NOTAE.
1157 363 1230 439 461

275 563 397 608 necnon
430 544 605 649 ensipotens
633 543 838 629 (spatharius)
872 542 1086 608 menbrorum
1117 545 1236 608 robore

235 761 252 794 ‚
274 711 395 772 astabat
416 710 535 790 Narses,
556 637 876 795 sedemquaiosirshhbh’t
898 711 1047 788 herilem,

274 793 433 876 splendida
452 793 536 876 signa
556 815 675 877 gerens,
703 805 766 859 eto.

272 885 359 958 terga
381 886 486 962 tegens
509 877 627 940 domiui
651 879 741 942 elaris
761 876 901 962 fulgebat
920 878 952 940 iu
973 878 1076 943 armis.

147 992 307 1058 cecinerat
323 993 482 1078 superiust

273 1100 348 1162 hine
366 1110 486 1163 armata
508 1123 614 1164 manns
636 1101 774 1166 dextram
795 1069 974 1186 laievamqne
996 1111 1103 1168 tuetur

270 1186 406 1249 caesarei
425 1185 539 1264 lateris,
560 1187 674 1271 clypeis
694 1189 746 1269 pia
769 1195 854 1270 terga
876 1188 1002 1270 tegebat

271 1268 377 1352 ingens
399 1270 567 1348 excubitus,
589 1277 871 1356 protectorumque
891 1271 1068 1354 phalanges.

165 1449 180 1480 a
229 1371 301 1482 3⁷9⁹
323 1376 372 1438 11.
419 1372 476 1479 τήν
505 1360 779 1481 οἰνίανΙΝαρσοῦ]
816 1379 897 1462 orig.
929 1379 990 1484 GP:
1016 1371 1055 1439 toi
1076 1378 1233 1482 Neppoii,

144 1477 229 1530 οικος
261 1479 312 1539 ην.
338 1460 473 1542 Ναρσον
515 1479 699 1543 αατρικιου,
732 1461 787 1523 καὶ
821 1479 1049 1540 nonannoeane·
1105 1483 1157 1524 ares
1191 1485 1230 1524 τα

143 1533 226 1685 ἑξῆς
244 1541 379 1688 etfelcarsis
398 1547 574 1630 compitum,
600 1545 703 1606 domin
723 1545 839 1636 Nereis
853 1547 981 1632 patricii
1010 1557 1042 1608 et
1065 1546 1234 1632 praepositi

177 1639 307 1797 “hm
348 1729 407 1815 vir
436 1731 536 1814 μονὴν
556 1735 620 1796 τῶν
644 1733 822 1817 Καθαρῶν]
858 1737 888 1798 in
945 1759 983 1800 ua
1011 1737 1068 1800 soli
1097 1735 1232 1800 eunuchi

144 1816 183 1876 ab
203 1815 380 1915 horninibus
399 1818 475 1881 faeti
496 1821 664 1903 degerent:
691 1841 766 1883 vere
788 1819 907 1900 Καθαρ
940 1863 948 1881 .
991 1819 1035 1884 ita
1056 1843 1106 1883 me
1126 1821 1232 1904 legisse

142 1921 279 1962 memini.

224 1999 306 2067 ibid.
323 2000 371 2064 12.
413 1995 552 2076 οἰκούσας
573 1999 609 2063 ts
629 1992 810 2080 Ἰοοσνῑνος]
842 2000 950 2064 lustini
973 2012 1119 2088 nepotem
1140 2001 1232 2065 istum

140 2083 211 2166 pari
229 2083 355 2147 nomine
372 2094 519 2148 vocatum
547 2087 645 2150 refert
662 2085 815 2169 Euagrius
845 2085 896 2149 lih.
917 2085 937 2148 5
960 2109 1032 2171 cup.
1053 2087 1082 2170 2,
1104 2108 1141 2150 oe
1164 2096 1231 2149 turn

139 2167 212 2244 hoe,
236 2178 304 2230 turn
326 2169 402 2231 loeis
438 2169 504 2231 aliis
524 2168 631 2232 lustini
662 2176 743 2248 acta,
766 2170 853 2255 quasi
872 2171 1015 2252 infensus,
1037 2171 1159 2236 sinistre
1180 2171 1231 2233 in-

139 2259 346 2336 terpretatur.

221 2367 310 2435 told.
335 2370 383 2432 15.
424 2359 538 2451 ἤρξατο
558 2368 687 2453 ansbera]
711 2369 793 2455 orig.
815 2373 874 2434 (ΖΡ.
897 2381 929 2434 et
948 2371 1123 2455 Procopius
1144 2370 1228 2433 lih.1

138 2452 180 2515 sie
212 2453 303 2517 aedit.
337 2455 520 2517 lastiniauie
551 2455 606 2539 qai
626 2455 789 2517 Borealem
808 2468 840 2519 et
860 2454 1096 2519 meridionalem
1115 2456 1145 2517 S.
1166 2456 1230 2518 So.

138 2535 230 2621 plaiae
247 2539 358 2622 templi
378 2536 546 2601 testudines
566 2538 724 2601 lastiniani
746 2538 891 2602 aedificiis
913 2538 1071 2602 adscribit.
1149 2578 1153 2585 -

223 2660 295 2740 377,
320 2663 347 2724 l.
384 2658 543 2741 Ῥωμαῖοί
557 2681 601 2739 rs,
630 2658 686 2725 aul
702 2663 833 2740 Πέρσαι
862 2659 919 2744 τήν
938 2656 1064 2745 εῖρὴνην
1084 2660 1227 2745 sitiphen-

137 2745 210 2828 ραν]
231 2769 249 2807 a
272 2746 373 2828 ruptis
391 2748 548 2809 Romanos
579 2748 662 2810 inter
681 2755 714 2809 et
732 2746 841 2810 Pe'rsas
865 2746 1042 2811 foederibus
1064 2744 1226 2809 historiam

135 2849 222 2890 suam
235 2828 441 2911 Theophanes
470 2831 658 2915 Byzantinus
687 2830 770 2913 apud
798 2830 948 2893 Photiurn
977 2830 1150 2893 succinctus
1171 2852 1225 2893 ex-

136 2920 203 2972 tans
224 2913 399 2995 uuspieetus
419 2916 538 2977 fuerat:
566 2916 606 2977 ab
636 2934 675 2977 eo
698 2912 922 2996 Theophanem
948 2924 1102 2977 nostrum·
1119 2915 1150 2975 in
1171 2936 1225 2977 sua

134 2996 252 3077 scripta
271 2996 430 3061 divertisse
450 2996 585 3080 plurima
608 2996 736 3059 omnino
760 2997 945 3061 indubium:
970 3020 1051 3082 quae
1080 2999 1128 3061 vel
1147 3020 1224 3083 per.

134 3078 221 3156 iisse,
253 3079 303 3142 vel
338 3103 356 3141 a
386 3080 491 3142 blattis
522 3080 656 3143 latenter
683 3079 816 3143 corrodi
843 3102 1019 3159 musarum,
1039 3081 1065 3143 ai
1089 3082 1224 3165 quiscat

134 3182 226 3224 amor
244 3164 393 3241 sincerus,
419 3163 576 3247 deplorat.
621 3164 810 3227 consulenda
824 3164 986 3229 Menandri
1008 3175 1161 3247 excerpta.

216 3280 300 3344 ibid.
321 3278 352 3342 3.
394 3280 450 3342 καί
474 3280 659 3344 ἀποστεῖλαι
694 3277 750 3345 τὸν
780 3283 916 3363 βασιλέα
945 3276 1139 3363 Ἰουλιανόν]
1176 3292 1222 3345 est

132 3364 281 3439 Nounosi,
300 3364 399 3447 patris
418 3365 482 3425 eius
493 3364 628 3442 Abrami,
649 3387 771 3429 necnon
796 3365 929 3429 eiusdem
951 3366 1000 3427 avi
1021 3362 1061 3425 nd
1072 3364 1221 3427 Homeri-

131 3454 192 3527 tas,
211 3449 393 3525 Saraeenos,
415 3458 447 3512 et
467 3448 633 3529 Aethiopas
654 3449 737 3511 inter
757 3448 862 3511 Photii
884 3450 1035 3533 epitomas
1058 3455 1219 3510 eontracta

132 3530 257 3616 legatio.
300 3532 392 3595 video
431 3531 553 3593 nonnisi
581 3554 600 3593 a
634 3533 754 3593 luliauo
788 3554 900 3595 nomen
925 3532 1096 3596 diversum:
1119 3552 1167 3593 res
1187 3543 1220 3595 et

131 3616 279 3697 personas
301 3616 441 3679 inuidere
460 3638 497 3676 ae
518 3616 611 3697 plane
631 3616 807 3679 consentire
829 3618 972 3679 observo.
994 3612 1071 3699 qnid
1094 3613 1118 3675 si
1132 3616 1219 3675 Non.

130 3720 224 3760 nosus
243 3701 376 3762 alterum
405 3698 514 3761 iuliani
538 3720 674 3776 nomeu,
695 3708 751 3760 aut
774 3700 881 3762 loliani
897 3699 1034 3763 Nonnosi
1057 3698 1087 3759 in
1114 3718 1150 3759 ea
1173 3698 1217 3760 le-

130 3782 257 3859 gatione
277 3783 397 3846 eornm?
448 3784 548 3844 lector
577 3792 739 3844 accuratus
772 3784 938 3847 discernet.
982 3780 1090 3846 loliani
1108 3802 1217 3864 parens

128 3866 269 3929 Nonnosi
292 3866 475 3949 legationem
502 3864 649 3928 iudicasse
668 3866 806 3931 sufficiat.

214 3966 298 4030 thid.
315 3962 345 4029 4.
385 3960 554 4029 Ἰουλιανόν
581 3960 637 4027 τὸν
666 3960 903 4044 μαγιστριανὸν]
923 3958 1096 4031 Ἰουλιανόν
1114 3984 1217 4043 ypan-

126 4048 230 4126 ματέα
251 4048 313 4111 ro'ir
333 4047 531 4132 ἀπορρήτων,
553 4050 711 4127 erueretis,
737 4050 865 4112 laudant
885 4058 1029 4131 excerpta
1052 4047 1215 4109 Menandri

127 4132 414 4216 delegationibus,
449 4143 481 4196 et
508 4134 681 4214 Procopius
709 4131 748 4195 de
782 4132 863 4196 bello
891 4132 975 4195 Pers.
996 4130 1215 4211 magistriano

127 4215 210 4290 idem
230 4217 286 4303 qui
308 4217 431 4297 Suidae,
455 4224 488 4281 et
505 4218 709 4281 anilicorum
727 4216 843 4301 glossae
858 4216 1094 4299 magisterianus,
1116 4214 1214 4299 (Lati.
