3050 4900
289 311 339 391 to
461 321 673 390 anaarasn
704 318 899 386 aisroma
919 312 1228 384 acussrlsrlca

375 491 486 558 Mundi
510 513 593 556 auno
613 491 713 569 5775,
734 489 859 552 divinae
878 487 1102 552 incarnationis
1124 504 1207 548 auno
1230 482 1303 560 275,
1325 483 1387 544 (la.

295 599 347 640 rus
367 599 439 640 cum
461 579 529 640 filiis
552 577 668 641 Carino
696 585 728 636 et
748 574 940 637 Numeriano
968 572 1118 653 imperat;
1140 589 1279 656 quorum
1297 587 1388 640 uisus,

293 663 498 724 Numerianus
518 661 645 737 scilicet,
673 680 744 720 curn
766 659 897 720 venisset
919 654 1126 730 Antiochiam,
1149 652 1250 714 voluit
1270 651 1390 711 intrare

294 746 327 806 in
345 745 549 808 ecclesiastiea
563 753 595 807 et
614 741 781 824 explorare
795 741 1042 802 Christianorum
1061 736 1215 821 mysteria.
1256 745 1290 796 at
1312 752 1388 794 vero

293 837 415 890 sanctus
435 829 567 893 Babvlas
588 825 755 909 prohibuit
774 842 865 903 eum,
884 823 990 884 dicens
1012 825 1097 882 “non
1114 820 1188 881 licet
1201 818 1259 880 tibi
1283 816 1390 878 videre

293 911 397 973 divina
420 899 671 973 Christianorum
692 909 859 992 mysteria,
880 927 953 968 cum
978 905 1018 966 sis
1039 905 1176 988 pollutus
1199 902 1320 963 idolicis
1339 921 1390 959 aa.

190 996 418 1074 5.,7255515555
429 1001 459 1074 ;'’
492 995 546 1078 qui
573 994 750 1074 indignatus
776 990 892 1053 occidit
918 1010 999 1053 eum.
1043 990 1127 1050 circa
1148 986 1226 1048 llaec
1246 993 1389 1065 tempora

292 1079 378 1141 Felix
389 1078 600 1162 Eutychianus
622 1077 755 1140 etCains
768 1075 887 1136 Romae
900 1073 1064 1156 pontifices
1085 1071 1265 1134 extiterunt.
1285 1087 1388 1150 porro

292 1161 497 1225 Numerianus
526 1179 599 1224 eum
626 1159 755 1242 triginta
776 1166 899 1220 tantum
924 1156 1033 1218 diebus
1054 1161 1221 1238 regnasset,
1239 1175 1259 1215 a
1278 1169 1389 1214 socero

293 1265 350 1309 suo
371 1246 553 1310 interfectus
573 1251 632 1328 est,
653 1252 686 1307 et
705 1242 919 1308 Diocletianus
944 1240 1040 1303 sumit
1058 1237 1238 1323 inperium.

560 1483 573 1516 Ο
687 1496 988 1522 *ειη-ιιι-

439 1731 730 1802 ΑΒΗΙΝΟ
791 1729 1243 1814 1115550158,

675 1928 729 2010 qui
750 1938 780 1988 et
801 1925 1003 2011 I'deopiaataes.

192 2147 284 2202 'theo-
377 2139 485 2202 Mundi
507 2162 589 2203 5555
604 2136 696 2219 5777,
720 2142 842 2204 divinae
866 2141 1086 2204 incarnationis
1106 2161 1189 2202 anno
1213 2139 1284 2218 277,
1306 2143 1388 2202 Dio.

197 2221 443 2290 aban-ctetianns
472 2235 504 2284 ct
535 2225 735 2286 Maximianus
770 2226 936 2288 Herculius
964 2225 1137 2307 imperant,
1160 2225 1223 2308 aui
1245 2225 1389 2286 Caesares

137 2287 182 2342 ‘d'
200 2293 398 2370 Βοιιη’155555
419 2309 634 2369 Constantium
657 2319 689 2370 et
710 2309 927 2381 Maximianum
950 2309 1121 2371 Galerium.
1164 2318 1196 2370 ct
1214 2308 1388 2377 Diocletia.

215 2377 243 2432 Ρ·
280 2395 352 2454 'uus
374 2391 501 2476 quidem
524 2392 618 2454 saliam
635 2413 720 2453 suam
740 2393 779 2455 ad
802 2393 926 2478 nuptias
951 2393 1077 2455 Galerio
1099 2391 1203 2472 dcdit,
1225 2393 1389 2455 Herculius

294 2486 398 2537 autem
422 2476 621 2539 Maximianus
644 2476 845 2539 llaeodoram
880 2478 975 2537 saliam
995 2499 1082 2539 suam
1104 2478 1308 2539 Constantino
1331 2498 1389 2538 55.

293 2560 431 2644 pulavit,
453 2582 632 2643 quanquam
653 2568 787 2645 uterque
809 2581 920 2623 uxores
943 2560 1091 2637 haberet,
1113 2581 1188 2643 quas
1210 2561 1327 2641 repulit
1347 2562 1390 2622 51)

295 2645 439 2709 allectum
461 2665 524 2727 quo
547 2666 620 2725 erga
634 2644 839 2727 imperatores
860 2644 1024 2727 flagrabat.
1068 2651 1143 2703 tnnc
1164 2664 1292 2727 quoque
1305 2646 1390 2705 Mar.

229 2726 388 2811 postellus
410 2726 571 2807 episcopus
593 2728 712 2788 Romae
731 2726 851 2788 floruit
900 2726 1113 2787 Diocletianus
1135 2732 1168 2787 et
1187 2727 1389 2787 Maximianus

294 2810 455 2869 Herculius
476 2810 724 2890 persecutionem
740 2830 884 2891 magnam
906 2818 939 2871 et
951 2808 1143 2871 horrendam
1162 2818 1274 2871 contra
1295 2810 1391 2872 Chri-

293 2894 408 2952 stianos
429 2892 653 2970 excitaverunt,
675 2902 707 2953 et
728 2893 1050 2975 plurimamartvrum
1071 2892 1155 2954 milia
1171 2901 1389 2977 patraverunt,

294 2973 414 3039 diversa
436 2982 593 3037 tormenta
619 2977 828 3058 excogitantes
850 2983 884 3039 et
902 2957 1015 3039 multas
1036 2977 1189 3061 nequitias
1212 2987 1390 3059 operantes.

375 3092 483 3156 Mundi
507 3090 703 3169 55555788,
726 3092 851 3156 divinae
873 3092 1096 3155 incarnationis
1117 3114 1199 3154 anno
1214 3090 1285 3171 988,
1306 3092 1389 3153 Dio.

173 3210 201 3264 p.
217 3193 250 3247 10
268 3174 427 3251 75155555
457 3176 633 3258 imperante
661 3176 780 3239 Rornae
807 3177 931 3260 praesul
958 3177 1105 3239 Eusebius
1135 3176 1279 3239 liabetur.
1323 3176 1390 3258 qui,

293 3259 440 3323 videlicet
459 3260 694 3338 Diocletianus,
715 3260 801 3342 apud
820 3260 1041 3322 Alexandriam
1062 3260 1233 3323 Achilleum
1254 3260 1388 3321 interfe-

247 3352 248 3357 ’
292 3342 345 3403 cit
388 3351 459 3405 erat
487 3352 682 3403 autemeam
704 3342 771 3425 ipso
805 3352 839 3406 et
859 3346 1079 3407 Constantinus
1101 3344 1181 3405 filius
1200 3342 1386 3420 Constantis,

293 3425 348 3523 qui
371 3448 444 3487 cnm
468 3426 569 3488 adhuc
594 3426 682 3487 valde
702 3426 821 3489 iuv'enis
843 3437 938 3506 esset,
959 3429 1088 3489 fortiter
1111 3427 1220 3510 agebat
1239 3428 1271 3487 in
1291 3448 1388 3509 prae-

294 3510 362 3583 liis3
385 3530 477 3593 quem
498 3510 620 3572 intuens
643 3509 854 3571 Diocletianus
878 3511 993 3572 invidia
1010 3520 1112 3572 motus
1132 3511 1207 3572 dolo
1228 3512 1388 3593 perimere

291 3594 466 3675 satagebata
490 3592 564 3654 deus
596 3601 700 3655 antem
730 3594 813 3654 5555
835 3594 996 3677 inopinate
1029 3593 1158 3655 salvavit
1177 3602 1210 3656 et
1230 3594 1314 3675 patri
1337 3614 1389 3656 re·

173 3708 201 3763 p.
216 3692 251 3747 12
266 3678 401 3745 nstituit.
444 3676 516 3738 alias
539 3685 642 3738 autem
663 3676 706 3739 ita
722 3678 873 3739 refertur.
917 3678 1120 3739 Constantino
1134 3698 1208 3739 vero
1224 3678 1289 3739 lilio
1302 3678 1389 3737 Con.

291 3761 395 3821 stantii
418 3760 449 3821 in
470 3760 603 3821 Oriente
631 3782 667 3821 ac
686 3760 876 3823 Palaestinae
907 3762 1037 3844 degente
1057 3769 1090 3824 et
1110 3782 1183 3823 cum
1205 3760 1388 3821 Claristianis

290 3844 454 3921 sentiente,
476 3844 582 3905 videns
604 3841 688 3905 hunc
702 3844 846 3907 Galerius
860 3846 1061 3909 Maximianus
1083 3846 1243 3907 intellectu
1263 3846 1387 3905 animae

291 3948 328 3989 ae
350 3928 495 4009 corporis
527 3928 647 3990 roboro
678 3937 772 4011 atque
793 3928 918 4010 ingenio
945 3929 1030 3991 cirea
1053 3928 1262 3990 eruditionem
1282 3927 1385 4009 profi.

290 4031 374 4089 cere,
395 4019 428 4073 et
449 4009 683 4093 deprehendens
704 4010 789 4073 5555
816 4012 958 4074 sulianum
980 4011 1152 4096 tyrannidis
1173 4020 1206 4073 ct
1235 4010 1298 4072 eius
1325 4011 1387 4072 do.

290 4102 431 4175 gmatum
451 4093 689 4172 destructorem,
714 4093 799 4157 5555
814 4096 910 4157 intorti
925 4094 1075 4159 addicere
1090 4092 1200 4157 Haude
1221 4095 1386 4157 tractabat.

291 4185 323 4239 at
344 4176 396 4243 ille
420 4176 524 4242 divina
538 4179 739 4262 providentia
759 4176 868 4243 fraude
879 4182 1014 4263 cognita,
1037 4177 1300 4265 quamadmodum
1317 4180 1387 4243 Da-
