3050 4900
509 353 559 418 EX
590 351 849 418 THEOPHANB.
898 373 903 382 ·
1169 341 1219 414 89

140 531 238 585 autem
258 519 342 604 apud
366 524 503 606 Gangras
537 523 655 607 positus
684 533 730 588 est
758 523 791 583 in
812 524 931 605 templo
951 525 1049 586 tancti
1070 525 1224 607 martyris¹

139 605 273 667 Callinici
300 605 385 668 iuxta
417 607 562 690 reliquias
584 609 668 687 eius,
697 607 810 669 multas
832 607 975 669 sanitates
995 607 1143 686 efficiens3
1163 607 1219 690 qui

138 709 204 751 cnm
217 690 360 750 exanimis
375 689 500 769 iaceret,
513 713 608 754 manu
625 695 729 753 fertur
749 713 782 752 se
795 691 950 774 signaculo
964 692 1065 753 crucis
1079 693 1218 774 signasse.

136 770 315 834 'theodorus
347 783 449 835 autem
481 774 608 856 quidam
643 795 678 836 ex
711 773 758 834 his
780 776 834 858 qui
863 796 935 835 cum
959 795 997 836 eo
1018 781 1117 848 erant,
1140 772 1224 834 vidit

138 875 204 916 eum
225 856 256 915 in
278 857 389 918 somnis
412 855 469 919 sibi
490 856 643 919 dicentem
663 857 799 939 “excipe
821 866 853 918 et
872 857 977 919 abiens
1005 857 1073 942 lege
1091 860 1220 917 Anasta-

139 939 190 1014 sio,
211 948 243 1000 et
264 939 324 1018 dic,
348 961 405 1023 ego
428 941 554 1024 quidem
574 939 652 1002 vado
668 940 709 1003 ad
728 949 835 1022 patres
853 961 949 1016 meos,
970 961 1107 1024 qnorum
1127 937 1220 1000 tidem

137 1022 261 1099 servari,
283 1043 348 1083 uon
364 1025 489 1085 cessabo
511 1035 616 1086 autem
636 1025 807 1086 increscens
827 1025 966 1101 domino,
981 1045 1142 1107 usquequo
1163 1043 1220 1083 re-

138 1105 197 1165 nias
218 1115 251 1166 et
272 1105 303 1165 iu
328 1104 474 1167 iudicium
495 1105 736 1191 ingrediamur.”
779 1108 891 1169 eodem
911 1127 994 1168 anno
1016 1106 1222 1169 Alexandriae

138 1189 222 1250 multi
242 1187 303 1248 viri
326 1197 357 1250 et
376 1189 520 1251 mulieres
544 1201 575 1254 et
593 1191 685 1272 pueri
717 1190 870 1252 atrociter
898 1212 916 1251 a
936 1191 1139 1251 daemonibus
1160 1190 1222 1251 oh-

138 1271 201 1332 sessi
222 1281 355 1354 repeute
377 1273 543 1334 latrabant.
567 1275 598 1335 in
618 1274 731 1334 somnis
755 1285 859 1335 autem
882 1274 1321 1358 quidamvisttqaen.1attt

139 1353 203 1414 dam
223 1353 380 1417 dicentem
411 1355 485 1440 qnia
515 1367 650 1438 propter
675 1355 944 1418 anathematismos
964 1358 1075 1441 synodi
1095 1357 1223 1438 patiun-

140 1447 190 1499 tnr
213 1437 282 1500 istu.
325 1459 425 1519 porro
445 1439 588 1500 monachi
609 1440 728 1501 heremi
749 1440 816 1502 zelo
831 1439 938 1501 divino
959 1442 1047 1516 moti,
1070 1449 1224 1523 quattuor

140 1521 378 1583 contestationes
400 1532 630 1605 componentes,
655 1521 729 1584 duas
756 1521 883 1606 quidem
901 1544 937 1584 ex
958 1523 1004 1583 his
1028 1524 1138 1584 misere
1160 1523 1222 1582 im-

138 1605 287 1684 peratori,
311 1626 405 1665 uuam
427 1626 504 1667 vero
539 1605 732 1688 principibus
753 1605 888 1690 regionis
907 1613 939 1666 et
959 1627 1050 1666 unam
1075 1606 1222 1687 episcopo

137 1687 419 1770 hierosolymitano
442 1692 560 1766 loanni,
581 1697 787 1772 protestantes
809 1697 1061 1772 nequesanctam
1078 1710 1111 1750 se
1131 1690 1223 1748 Chai.

139 1771 339 1832 sedunensem
366 1772 519 1854 synodum
547 1773 819 1854 praevaricaturos
852 1793 953 1856 neque
985 1771 1084 1855 impio
1106 1773 1223 1833 Seuero

140 1854 432 1931 communicaturos,
462 1855 537 1939 quin
558 1867 639 1919 etse
666 1865 849 1938 promptam
867 1855 986 1920 habere
1005 1865 1152 1931 mortem,
1172 1853 1223 1914 iu-

139 1937 300 1998 oeudentee
323 1946 355 1998 et
374 1948 479 2000 sancta
503 1938 583 2000 loca.
607 1939 948 2002 saneTbessalonicensi
967 1940 1115 2021 episcopo
1135 1958 1224 1997 com.

138 2021 314 2082 nsunicaute
337 2021 378 2081 ob
400 2030 516 2084 metum
547 2023 743 2104 imperatoris
766 2023 934 2084 Timotheo
956 2021 1224 2102 Constantinopo-

138 2102 228 2165 litano
252 2103 425 2186 episcopo,
455 2105 660 2188 qnadraginta
693 2107 831 2188 episcopi
865 2105 981 2190 lllyrici
1009 2117 1042 2168 et
1072 2104 1226 2167 Graeciae

139 2187 354 2249 convenientes
386 2187 417 2248 in
451 2209 546 2250 unum
564 2211 623 2272 per
653 2191 877 2273 professionem
904 2189 1080 2273 inscriptis
1101 2190 1224 2264 lactans,

139 2281 208 2331 uta
236 2271 376 2353 proprio
405 2273 652 2354 metropolitano
688 2273 852 2336 discessere
880 2273 920 2335 ab
951 2294 1006 2346 eo;
1039 2281 1071 2334 et
1091 2274 1224 2336 Romam

138 2351 292 2416 mittentes
321 2355 463 2415 Romano
495 2357 726 2418 communicare
755 2357 788 2416 in
817 2356 940 2439 scriptis
975 2355 1106 2438 professi
1137 2365 1222 2418 sunt.

138 2436 318 2519 episcopum
339 2445 442 2499 antem
464 2438 958 2503 ThessalonicensemTheodorus
976 2439 1142 2502 historicus
1163 2461 1223 2520 pa-

138 2522 309 2583 triarcham
330 2522 470 2583 nominat
493 2522 766 2601 irrationabiliter,
787 2525 921 2586 nesciens
942 2544 1004 2605 qua
1023 2543 1085 2604 pro
1105 2542 1207 2583 causa.

212 2626 373 2691 Vicesimo
401 2629 526 2713 imperii
556 2628 703 2691 Anastasii
736 2650 818 2692 anuo
852 2632 969 2691 loanne
987 2628 1223 2692 Nicaeotehle·

136 2710 288 2773 sandriuo
316 2712 453 2775 antistite
483 2714 642 2777 haeretico
674 2722 822 2790 mortuo,
841 2714 1011 2775 Dioscorus
1031 2714 1146 2793 iunior,
1165 2712 1258 2791 ‘ri-p.
1271 2720 1322 2776 251

137 2795 256 2858 motbei
279 2794 388 2857 Helori
420 2799 638 2873 consobrinus,
658 2797 815 2879 praelatus
843 2808 890 2859 est
911 2796 1071 2881 episcopus
1093 2797 1225 2857 Alexan·

136 2878 230 2941 driue.
276 2898 348 2939 cum
369 2890 472 2941 autem
484 2883 614 2943 venisset
623 2881 813 2965 Byzantium,
833 2901 895 2963 pro
910 2880 1119 2942 Alexandrinis
1139 2878 1225 2961 apud

135 2960 361 3045 imperatorem
391 2964 615 3027 intercessurus
641 2972 776 3046 propter
797 2964 984 3026 occisionem
1003 2964 1060 3025 lilii
1081 2963 1226 3045 Calliopii

136 3044 321 3129 Augustalis,
343 3047 381 3107 ab
406 3047 589 3111 orthodoxis
606 3047 731 3132 publice
745 3048 892 3109 conviciis
914 3050 1129 3130 appetebatur,
1150 3068 1224 3106 cnm
1257 3057 1261 3063 ⁴

136 3126 338 3209 procederet,
361 3131 601 3193 existimantibus
629 3140 831 3193 cumcontra
852 3139 938 3192 rectu
960 3131 1104 3213 dogmata
1126 3129 1223 3189 adre-

136 3211 222 3272 uisse.
268 3232 343 3293 ergo
364 3234 435 3274 cum
465 3214 506 3275 ob
536 3213 738 3276 homicidium
757 3214 983 3289 intercessisset,
1001 3233 1074 3274 cum
1094 3210 1221 3273 festina-

135 3294 218 3357 tione
239 3291 385 3356 discessit.
409 3316 498 3359 causa
510 3320 587 3360 vero
601 3296 701 3359 caedis
714 3296 772 3358 ista
791 3297 859 3358 fuit.
882 3318 952 3357 cum
962 3296 1132 3357 Dioscorus
1151 3314 1222 3354 ma.

134 3398 189 3439 nus
211 3378 441 3460 iuspositionem
472 3381 653 3464 accepisset,
675 3400 829 3442 recessere
853 3378 1064 3442 multitudines
1085 3377 1224 3440 rustico·

133 3480 214 3539 rum,
237 3460 372 3525 dicentes
395 3462 469 3547 quia
493 3464 549 3525 uisi
570 3462 738 3527 secuudum
761 3462 847 3546 qnod
865 3472 1044 3525 sanctorum
1059 3462 1224 3525 continent

133 3544 353 3626 apostolorum
376 3568 508 3609 canones
527 3548 591 3626 liat,
614 3568 677 3610 uon
699 3548 1056 3645 recipieturepiscopus:
1076 3546 1222 3629 princeps

134 3628 216 3689 enim
232 3626 498 3693 inthronizaverat
515 3652 596 3694 eum.
628 3631 797 3692 Dioscorus
811 3638 913 3692 autem
926 3642 1013 3692 venit
1034 3629 1074 3693 ad
1092 3628 1222 3689 &hlas-

132 3730 214 3789 cum,
236 3716 269 3773 et
290 3713 448 3778 venientes
472 3715 577 3777 elerici
599 3714 769 3777 induerunt
792 3736 864 3775 enm
884 3714 1031 3790 secundo,
1053 3710 1223 3774 etiterum

132 3808 407 3859 consecraverunt.
447 3807 480 3860 ot
502 3800 545 3861 ita
558 3798 689 3860 *veniens
711 3798 749 3859 ad
781 3799 811 3861 S.
835 3800 981 3859 loannem
1001 3794 1135 3879 perfecit
1154 3790 1222 3855 col.

132 3876 257 3939 lectam.
309 3900 381 3941 cum
411 3888 515 3943 sutem
543 3888 620 3942 esset
651 3880 715 3941 illic
735 3880 928 3943 Theodosius
964 3879 1044 3940 lilius
1079 3876 1223 3958 Calliopii

131 3960 306 4044 Augustalis
328 3971 362 4024 et
378 3964 507 4025 Aeacius
527 3964 671 4048 magister
689 3963 833 4044 militum,
852 3965 962 4024 turbae
982 3962 1129 4024 turbatae
1148 3980 1224 4023 coe-

131 4062 211 4123 pere
238 4045 358 4106 iniuriis
388 4046 510 4108 allicere
532 4047 762 4129 Augustalium,
797 4069 835 4107 eo
863 4046 949 4128 qnod
982 4044 1124 4106 laudaret
1160 4043 1223 4104 im-

132 4134 314 4205 peratorem
344 4130 545 4192 Anastasinm.
596 4150 667 4191 cum
688 4150 765 4191 vero
795 4130 929 4211 iurgium
956 4136 1076 4188 motum
1097 4128 1221 4202 suisset,

134 4206 299 4277 insilientes
321 4214 447 4297 quidam
475 4236 494 4276 a
526 4212 597 4277 sede
624 4214 723 4275 filium
746 4212 918 4297 Augustalis
948 4212 1170 4295 deposuerunt,
1189 4216 1222 4271 et

1362 1498 1367 1537 l
