3050 4900
617 360 767 427 NOTAE.
1144 355 1216 427 529

216 532 288 613 633,
308 535 340 599 6.
382 530 480 623 τούτῳ
501 535 546 621 τῷ
556 530 632 617 ἔτει]
655 536 741 599 addit
754 535 936 615 Anastasius,
955 535 1117 598 indictione
1136 550 1221 599 octa·

134 642 187 697 κα,
210 622 342 701 optime:
365 642 435 681 nam
467 620 643 682 indictionis
674 622 809 682 circulus
828 620 908 681 alter
931 640 1001 681 cum
1023 620 1115 701 ipsius
1139 623 1221 681 Leo.

138 706 183 767 nis
208 723 290 763 asino
313 701 417 786 primo
440 704 608 786 inceperat
651 704 689 766 de
710 725 774 787 qno
798 705 828 763 in
853 702 932 763 notis
954 703 993 763 ad
1012 724 1084 786 pag.
1109 701 1180 765 335.

217 810 299 871 Ihid.
320 809 350 871 7.
391 808 425 871 ἐν
447 808 576 888 μνριόις
593 808 796 888 penultimae]
820 808 922 871 reddit
933 811 1123 872 Anastasius:
1145 831 1221 895 qno·

137 914 205 955 rum
224 894 291 955 dux
311 906 380 955 erat
410 892 611 955 inevidentia
646 894 731 955 denis
759 894 892 956 raillibas
917 894 1117 955 lammcult'ss
1146 894 1220 956 alibi

132 975 518 1121 l²⁰l⁰fi⁰3l⁰⁰is3⁶ff⁶dli⁰⁸
538 978 779 1060 interpretatur,
798 976 838 1039 de
859 996 923 1060 quo
943 976 1085 1059 superius
1107 977 1139 1038 in
1162 1000 1222 1039 no-

134 1061 210 1121 tisa
256 1080 325 1142 pag.
370 1058 377 1076 ‘
411 1103 418 1119 .
572 1132 574 1137 Ι

217 1153 288 1235 634,
308 1158 337 1217 5.
388 1151 450 1217 diii
478 1154 668 1237 ‘Itoaxnairl
695 1156 790 1219 hahet
811 1158 992 1237 Anastasius,
1011 1178 1035 1219 a
1056 1160 1223 1221 Raciterai·

134 1242 208 1303 dus:
240 1264 261 1301 a
292 1236 499 1303 Ratice'nsibns
529 1241 674 1301 miscella.
713 1242 925 1304 Heraclienses
955 1249 1048 1303 vocat
1068 1243 1225 1305 Abraham

133 1325 334 1387 Eccliellensis
355 1346 428 1407 pag.
451 1322 500 1385 65.
544 1324 717 1385 Haraiitas
738 1347 770 1408 p.
796 1325 854 1387 158
878 1327 960 1387 inter
981 1324 1149 1417 Mahometi
1175 1326 1224 1387 di·

133 1410 267 1490 scipulos
282 1408 424 1492 privatos
445 1428 547 1471 sensns
569 1418 684 1487 tenere,
708 1416 739 1470 et
759 1408 906 1470 sectarios
919 1408 1042 1484 haberi,
1066 1416 1098 1469 et
1118 1408 1170 1469 hic
1190 1409 1221 1469 in

133 1492 318 1554 seditionem
340 1512 454 1569 versos,
473 1492 611 1553 declarat
632 1492 742 1575 priore
764 1491 845 1553 loco.
1152 1510 1159 1523 ·

215 1590 298 1651 Ibid.
316 1589 345 1653 6.
389 1586 520 1669 σεισμός
538 1591 660 1672 γέγονεν
669 1589 785 1676 μένας]
804 1590 934 1675 paribus
954 1590 1056 1652 verbis
1076 1611 1146 1651 eum
1167 1587 1224 1651 de.

133 1674 243 1736 scribit
263 1673 456 1757 Nicephorius
483 1696 552 1759 pag.
574 1674 624 1735 38.
667 1685 788 1758 tempus
820 1684 852 1736 et
878 1675 942 1735 eius
968 1672 1164 1735 characteres
1185 1670 1225 1734 ad

134 1758 331 1839 Theophanis
362 1767 495 1819 mentem
521 1758 639 1838 probat
660 1757 804 1819 Petavius
840 1766 906 1821 not.
937 1777 1008 1839 pag.
1031 1755 1081 1817 82.
1106 1766 1139 1817 at
1161 1776 1224 1816 nou

135 1840 187 1904 ille
206 1840 375 1903 Theodosii
396 1849 539 1921 statuam,
563 1840 617 1904 sed
637 1841 764 1905 Arcadii
785 1841 824 1905 ud
846 1841 1066 1923 Xerolophmn
1085 1838 1226 1902 cecidisse

134 1934 278 1986 testatur.

218 2020 331 2098 636,1.
374 2020 429 2083 καί
448 2010 637 2084 ἀπαιτοῦσιν
657 2020 702 2094 εἷς
719 2017 838 2082 κανόνα
856 2008 937 2083 κατὰ
952 2016 1131 2097 ὅλοκοτῖνιν]
1154 2040 1227 2083 ver·

135 2106 175 2165 tit
197 2106 385 2165 Anastasius:
403 2107 619 2188 praecepimus
640 2104 952 2181 administratoribus,
974 2120 1004 2165 et
1022 2106 1084 2189 ipsi
1102 2106 1226 2186 exigent

133 2190 167 2249 ἰα
189 2190 325 2271 regulam
340 2208 399 2271 per
416 2189 544 2267 singidos
557 2208 668 2249 aureos
688 2208 811 2248 inanum
829 2204 1001 2268 argenteum
1023 2210 1123 2249 imam.
1164 2207 1226 2272 quo

134 2273 303 2354 imperator
319 2284 441 2353 accepto
472 2270 647 2353 acdficavit
668 2292 790 2346 matros3
814 2273 909 2331 etita
924 2270 1019 2354 sacta
1040 2285 1083 2331 est
1103 2292 1228 2333 consue·

134 2356 206 2415 tudo
228 2354 325 2415 dandi
347 2354 433 2415 bitias
452 2354 579 2448 siliquas
615 2348 918 2418 administratoribus.
961 2351 1047 2435 qnod
1071 2374 1106 2414 ex
1128 2374 1227 2413 cauo·

136 2438 181 2498 nis
202 2440 310 2500 amussi
326 2445 380 2514 est,
403 2457 529 2497 canonis
544 2435 636 2498 etiam
648 2436 891 2518 appellationem
911 2436 1063 2498 sortitur:
1086 2436 1130 2498 sie
1145 2458 1225 2518 poe-

134 2543 174 2582 na
197 2543 233 2584 ex
252 2521 399 2583 ecclesiae
419 2518 597 2601 ‹lisciplina3
619 2541 654 2580 ex
671 2519 735 2599 lege
751 2517 875 2593 inoleta,
896 2539 1026 2598 pensum
1046 2519 1226 2601 quodcum.

134 2627 196 2688 quc
218 2615 250 2666 ct
271 2605 426 2666 tributum
449 2625 485 2664 ex
512 2601 661 2684 principis
690 2602 838 2662 strandato
859 2596 963 2662 κανών
985 2609 1039 2662 est.
1082 2595 1225 2663 iloxort'-

132 2707 190 2766 νιν,
215 2709 336 2748 ααιαιιαι
369 2707 512 2761 auream,
532 2683 745 2762 aetiopiam,
767 2698 960 2766 argenteam
982 2679 1133 2761 κεράτιον,
1155 2685 1224 2744 sili.

131 2791 225 2854 quam
251 2772 359 2831 refert.
401 2765 436 2828 τὸ
461 2765 521 2848 γάρ
542 2769 691 2848 ἀκέραιον
712 2763 853 2846 νόμισμα
873 2762 938 2844 ἔχει
956 2767 1139 2844 μιλιαριόια
1159 2765 1222 2828 td·

131 2851 225 2935 δεκα,
244 2843 315 2936 ἤτοι
339 2847 468 2934 κεράτια
498 2845 598 2914 εἴκοσι
627 2851 779 2932 τέσσαρα.
821 2871 932 2912 numus
952 2851 1074 2932 integer
1094 2851 1223 2912 miliari.

131 2936 175 2996 sia
198 2937 363 2999 duodecim
378 2935 530 3008 continet,
554 2935 657 3018 inquit
679 2933 855 2995 scholiastes
875 2934 994 2994 Basilia.
1017 2935 1115 3014 eclog.
1129 2932 1170 2994 93
1191 2943 1224 2994 et

132 3018 251 3097 Snidns,
272 3015 307 3080 τὸ
329 3015 533 3097 aetiopiam,
554 3013 588 3078 τὸ
610 3016 666 3078 τοῦ
683 3013 875 3095 νομίσματος
894 3012 929 3079 τό
951 3015 1147 3078 δωδέκατον·
1188 3010 1222 3076 sti

132 3097 166 3162 ἓν
189 3099 333 3183 κεράτιον
355 3102 482 3183 φόλλεις
495 3101 558 3164 stat
576 3097 710 3166 δώδεκα.
750 3100 877 3184 siliqua,
901 3100 988 3161 folles
1008 3107 1081 3160 sunt
1102 3099 1224 3160 duode-

133 3187 203 3245 cim.
247 3187 377 3257 clarins;
400 3185 487 3244 folles
509 3183 674 3248 duodecim
694 3183 856 3266 siliquam,
874 3183 1004 3266 siliquae
1024 3180 1104 3242 duae
1122 3181 1224 3244 milia.

133 3269 252 3346 cisium,
275 3267 433 3331 miliarisia
462 3266 626 3330 duodecim
648 3288 776 3328 numum
805 3275 1007 3349 componunt.
1050 3287 1089 3326 aa
1111 3283 1223 3326 aureus

132 3353 181 3428 sit,
201 3360 233 3412 ct
253 3347 442 3426 dioscoriam,
464 3351 513 3413 vel
546 3359 710 3434 argenteus
742 3349 871 3413 dubium
898 3357 950 3408 est.
994 3347 1085 3430 plura
1107 3345 1145 3408 de
1162 3347 1222 3409 illis

133 3436 186 3517 qni
210 3435 248 3496 de
267 3434 458 3518 ponderibus
478 3444 510 3497 et
530 3434 693 3497 mensuris:
713 3433 792 3495 haec
812 3433 853 3494 ad
872 3429 1069 3514 Theophanis
1090 3437 1122 3490 et
1135 3431 1220 3491 hna-

131 3519 212 3579 stasii
234 3526 368 3580 mentem
395 3515 542 3582 delibasse
576 3519 656 3582 satis.
704 3517 771 3600 lege
789 3516 908 3578 Patavii
938 3514 1160 3576 commentaria
1186 3513 1218 3573 iu

131 3601 360 3682 Epiphaniam„
391 3601 549 3664 cedrenus
570 3601 748 3685 exscripsit,
769 3597 815 3671 εἷς
845 3594 961 3660 κανόνα
982 3593 1060 3660 κατὰ
1080 3591 1222 3676 νόμισμα

130 3685 324 3762 μιλιαρίσιον
342 3683 384 3746 ἓν.

214 3783 294 3846 ibid.
315 3779 345 3844 4.
386 3788 453 3855 τοῖς
475 3779 659 3862 διοικηταῖς]
688 3783 877 3844 dioecesanos
899 3779 973 3841 alibi
994 3777 1130 3861 exposui,
1152 3774 1220 3839 sto.

130 3862 309 3945 πράκτορας
319 3867 376 3928 hic·
390 3867 595 3948 interpretor,
618 3875 649 3926 et
669 3867 837 3928 collectores
856 3863 1042 3938 tributorum,
1064 3883 1101 3923 ac
1124 3862 1219 3921 vecti·

128 3949 251 4028 galium.
275 3952 338 4010 Leo
368 3951 489 4012 novella
508 3947 562 4013 61.
615 3943 690 4020 τούς
721 3946 777 4010 εἀἰ
802 3942 957 4025 συλλογήν
977 3945 1040 4007 τῶν
1062 3938 1221 4024 δημοσίων

131 4027 242 4112 φόρων
264 4033 532 4108 καθισταμένους·
576 4027 734 4111 διοικητὰς
755 4025 926 4101 diademis
946 4021 966 4108 ἦ
989 4021 1128 4106 συνήθης
1147 4021 1222 4102 ὅμι-

131 4111 184 4175 itt'a
207 4119 312 4176 καλεῖν
333 4108 406 4177 οἶδε.
445 4117 640 4200 publicorum
661 4114 848 4196 vectigaliwn
877 4112 1047 4175 collectioni
1059 4111 1228 4193 praepone

130 4209 189 4279 tor,
210 4220 284 4283 qnos
308 4191 465 4279 διοικητὰς
496 4219 608 4262 vocare
631 4197 797 4260 comnannis
826 4217 894 4259 αιαι
912 4195 1009 4258 novis
1051 4191 1136 4254 addit
1158 4195 1220 4256 Ce-

241 4321 419 4392 Tlseophanes
436 4323 472 4376 11.
988 4313 1025 4368 34
