3050 4900
511 353 564 418 EX
596 350 856 416 rusorum.
1186 339 1236 418 47
1327 355 1331 365 '

155 525 190 586 rii
208 523 252 585 sui
282 521 430 586 festivitas
460 523 627 586 vicennalis
654 526 793 602 instaret,
816 543 923 587 omues
944 530 1049 607 patres
1070 522 1110 585 ad
1131 526 1240 586 couvi·

153 608 231 670 rium
249 618 351 684 vocat,
370 629 440 670 eum
461 609 519 670 illis
540 609 663 690 pariter
684 609 887 682 convivatus,
910 630 989 693 quos
1011 608 1159 671 decenter
1180 609 1240 672 ho·
1301 616 1309 630 ⁶

154 711 259 754 uorans
280 691 449 774 Paphnutii
472 701 503 756 et
522 693 666 756 similium
681 695 893 756 confessorum
913 694 994 772 loca,
1016 713 1053 755 ox
1074 693 1186 776 quibm
1206 693 1239 752 in

153 776 364 859 persecutione
393 777 476 838 oculi
509 778 634 839 fuerant
654 777 762 856 effossi,
789 776 839 840 ael
860 777 954 840 etiam
974 786 1079 839 cetere
1099 775 1241 838 membra

154 867 294 922 truncata
316 859 524 939 osculabatur,
542 861 821 924 sanctificationem
843 881 880 923 ex
901 862 944 924 eis
961 860 1148 923 lucrifacere
1166 880 1241 942 spe-

153 964 228 1007 rans.
268 964 371 1026 porro
401 944 520 1007 libellos
544 966 622 1042 quos
641 953 751 1006 contra
780 945 914 1008 invicem
935 944 1063 1028 quidam
1085 965 1241 1027 porrexe-

153 1036 220 1090 rant
240 1026 303 1110 igni
326 1025 466 1106 tradidit,
485 1028 690 1091 iureiurando
712 1030 847 1107 firmans,
867 1030 894 1094 si
916 1029 1040 1092 vidisset
1058 1030 1240 1112 episcopum
1249 1037 1321 1110 pse

150 1109 370 1188 moechantem,
380 1133 412 1174 se
424 1113 570 1175 alacriter
578 1110 661 1175 hunc
670 1113 879 1194 operiturum.
888 1113 986 1175 multa
1000 1133 1129 1197 quoque
1139 1112 1240 1174 omni·

149 1193 203 1258 bus
221 1194 355 1258 ecclesiis
376 1195 467 1258 dona·
483 1197 631 1280 largitus,
652 1196 847 1280 principibus
868 1196 1058 1280 singularum
1078 1195 1241 1258 nationum

37 1315 38 1328 2
150 1277 303 1342 honorare
322 1279 499 1342 sacerdotes
512 1280 738 1362 praecipiebat,
755 1292 787 1344 et
807 1282 850 1342 ita
867 1303 972 1344 omnes
992 1280 1161 1364 gaudentes
1182 1279 1241 1341 ab.

37 1375 39 1384 ’
151 1363 249 1424 solvit.
295 1363 473 1426 aedificavit
505 1373 606 1426 autem
630 1365 954 1448 Constantinopolim,
976 1386 1038 1448 qua
1059 1386 1178 1427 summa
1201 1363 1357 1452 lupara

150 1445 307 1510 beralitate
329 1446 427 1510 ditata
451 1448 482 1508 in
503 1447 673 1509 illustribus
702 1446 845 1512 domibus
867 1469 919 1512 eos
941 1449 996 1533 qui
1014 1448 1053 1509 ab
1077 1449 1157 1510 urhe
1176 1449 1241 1510 lto-

151 1553 196 1592 ma
213 1540 308 1593 erunt
329 1531 390 1614 viri
413 1531 613 1594 rationabiles
634 1531 822 1607 collocavit;
841 1542 874 1596 et
893 1554 932 1596 ex
947 1532 1012 1594 aliis
1031 1532 1107 1594 locis
1128 1553 1240 1594 secan.

150 1611 217 1676 dum
237 1635 336 1698 genus
365 1615 496 1698 eligens,
517 1626 549 1680 et
574 1615 683 1678 domos
706 1635 831 1700 magnas
852 1618 895 1680 eis
916 1615 1075 1691 tribuens,
1095 1623 1132 1677 at
1151 1613 1241 1678 habi·

150 1707 266 1762 teretur
289 1698 396 1762 civitas
417 1699 492 1782 egit.
547 1709 623 1761 tunc
656 1699 751 1764 etiam
772 1711 805 1765 et
826 1701 977 1784 templum
996 1699 1031 1762 S.
1052 1698 1189 1782 Sophiae
1210 1707 1242 1761 ct

148 1781 175 1842 S.
200 1783 336 1844 Eireuae
366 1791 397 1845 et
427 1781 644 1866 apostolorum
674 1791 706 1850 et
736 1783 770 1846 S.
796 1786 893 1847 lllocii
925 1793 958 1848 et
991 1782 1169 1865 archangeli
1192 1782 1242 1844 dei

149 1866 258 1928 amicus
292 1865 438 1950 princeps
473 1866 656 1931 aedificavit.
685 1926 687 1935 ,
710 1875 790 1930 tunc
811 1869 950 1932 funditus
970 1867 1089 1950 templo
1108 1865 1243 1948 Asclepii

148 1969 234 2032 penes
256 1951 354 2032 Aegas
375 1960 408 2014 et
431 1951 563 2015 Veneris
587 1951 617 2012 in
639 1951 775 2035 Aphacis
790 1953 851 2015 sito
871 1952 1042 2028 destructo,
1062 1960 1157 2034 atque
1177 1950 1243 2011 aliis

147 2033 242 2096 multis
265 2036 390 2110 eversis,
413 2034 527 2097 horum
551 2035 669 2098 reditus
694 2037 824 2099 donavit
844 2037 986 2100 ecclesiis.
1028 2045 1105 2097 tunc
1126 2035 1244 2098 multae

147 2127 246 2198 gentes
270 2116 310 2180 ad
329 2118 518 2201 baptismum
540 2140 696 2184 accessero
716 2121 875 2199 miraculis
894 2128 993 2198 actae,
1015 2140 1097 2202 quae
1117 2127 1243 2201 patrata

146 2211 211 2266 sunt
231 2225 250 2264 a
275 2201 406 2284 captivis
441 2201 670 2282 sacerdotibus,
693 2204 749 2286 qui
769 2204 894 2268 fuerant
913 2203 971 2266 sub
993 2203 1125 2266 Galieno
1144 2202 1243 2286 impe-

147 2296 250 2350 satore
273 2287 443 2368 captivati,
465 2297 496 2348 et
517 2288 604 2370 prius
626 2288 754 2372 quidem
784 2311 820 2350 ex
841 2284 953 2351 Gothis
976 2295 1008 2349 et
1030 2286 1124 2349 Celtis
1145 2297 1243 2382 atque

147 2369 261 2434 Galatis
274 2370 495 2454 llesperiarum
510 2371 661 2454 partium,
676 2371 732 2455 qui
744 2382 857 2434 contra
866 2374 1023 2434 Romanos
1035 2371 1162 2433 fuerant
1172 2367 1241 2443 nisi,

145 2472 223 2517 uunc
244 2464 352 2517 autem
366 2455 464 2518 etsuh
482 2456 604 2517 victore
618 2455 825 2519 Constantino
837 2456 972 2539 plurima
983 2454 1152 2517 mullitudo
1163 2475 1238 2536 gen.
1247 2488 1274 2542 p,
1285 2471 1319 2525 35

146 2538 218 2599 lium
231 2538 420 2601 inluminata
443 2550 490 2603 est
512 2538 552 2599 ad
564 2536 722 2601 Christum
740 2560 940 2601 concurrens.
963 2548 1086 2599 namet
1108 2536 1240 2599 interio-

143 2642 188 2683 res
209 2622 282 2685 ludi
305 2631 337 2685 et
357 2623 478 2702 lberes,
501 2622 549 2685 uti
573 2622 701 2685 Rufinus
723 2622 856 2701 scribit,
886 2622 1027 2684 similiter
1049 2632 1081 2683 et
1098 2620 1239 2683 Armenii

144 2708 282 2785 perfecte
302 2706 359 2769 suh
379 2706 447 2788 ipso
472 2704 684 2783 crediderunt,
707 2704 958 2789 perTeridatum
978 2726 1083 2788 regem
1104 2713 1137 2767 et
1158 2704 1239 2767 Gre-

143 2790 266 2869 gorium
282 2790 463 2872 episcopum
485 2812 574 2851 suum
593 2792 724 2853 salutem
745 2792 941 2873 accipientes.
983 2800 1059 2853 tunc
1079 2798 1112 2851 et
1129 2790 1238 2849 Doro.

143 2872 227 2935 theus
249 2876 416 2955 episcopus
435 2874 533 2957 Tyri,
557 2874 611 2957 qui
640 2876 739 2936 multa
760 2876 817 2937 suh
837 2873 1037 2937 Diocletiano
1059 2870 1139 2934 mala
1161 2893 1237 2954 per.

141 2974 239 3036 pessus
262 2958 352 3019 exilia
366 2966 399 3020 et
422 2966 578 3021 tormenta
600 2958 786 3040 pertulerat,
807 2958 956 3041 pollebat,
978 2978 1142 3019 numerosa
1159 2955 1238 3018 seri-

143 3049 193 3119 pta
219 3030 389 3103 conficiens
417 3042 526 3103 Latina
555 3040 646 3102 simul
681 3049 713 3104 et
733 3044 874 3120 Graeca,
904 3041 1067 3124 utriusque
1088 3040 1237 3102 nimirum

33 3110 34 3159 3
144 3122 288 3185 dictionis
318 3146 382 3187 non
413 3124 568 3187 modicam
596 3124 820 3208 experientiam
844 3134 1047 3202 consecutus,
1071 3133 1104 3187 et
1124 3124 1237 3185 multa·

141 3226 210 3269 rum
243 3228 306 3291 per
334 3208 492 3291 ingenium
520 3230 628 3271 rerum
657 3230 771 3291 gnarus
801 3208 938 3271 allectus.
989 3207 1042 3269 hic
1071 3204 1237 3289 diligenter

33 3296 34 3305 ’
141 3290 232 3353 etiam
254 3312 353 3373 super
373 3291 525 3375 episcopis
552 3292 696 3376 Byzantii
726 3313 764 3354 ae
794 3292 931 3355 aliorum
950 3290 1124 3355 multorum
1145 3288 1236 3351 loeo.

141 3392 211 3436 rum
233 3374 400 3438 historiam
421 3376 546 3455 texuit3
574 3376 628 3459 qui
650 3384 683 3438 et
700 3378 733 3438 in
755 3376 876 3461 syuodo
900 3384 1042 3457 repertus
1066 3382 1120 3451 est,
1141 3383 1175 3436 et
1196 3370 1314 3455 adp-36

33 3456 34 3485 l
139 3460 304 3556 preprium
324 3459 509 3543 parochiam
523 3464 548 3539 *)
568 3480 707 3523 remeans
720 3460 906 3544 perduravit
917 3482 1014 3543 usque
1034 3457 1075 3520 ad
1094 3459 1236 3540 refugam

109 3609 112 3619 Ι
139 3540 301 3605 lulianum.
357 3552 389 3605 et
411 3544 560 3627 quoniam
580 3564 644 3605 non
674 3545 835 3606 manifeste
853 3543 906 3606 sed
925 3544 1050 3606 occulte
1073 3562 1132 3623 per
1152 3538 1235 3601 iudi·

139 3644 186 3687 ces
207 3626 390 3691 execrabilis
409 3629 460 3690 vir
480 3630 511 3689 in
530 3626 721 3690 Christianos
743 3626 1006 3704 debacchabatur,
1026 3626 1141 3688 iterum
1160 3623 1235 3685 hea-

139 3716 185 3769 tus
210 3712 396 3773 Dorotheus
416 3712 522 3795 pergit
543 3710 781 3796 Odyssopolim,
803 3712 858 3776 ati
885 3720 916 3774 et
944 3707 1184 3793 comprehensus
1216 3730 1235 3767 a

139 3791 292 3855 iudicibus
313 3794 440 3875 luliani,
470 3796 637 3880 multisque
656 3796 784 3859 affectus
813 3796 1018 3872 uerberibus,
1038 3792 1071 3853 in
1089 3810 1235 3876 suprema

170 3974 195 4043 'J
211 3972 383 4047 parochiam]
415 3978 570 4043 nepotatur
591 3974 701 4059 quidam
720 3974 836 4061 mal-unt,
856 3973 1016 4058 paroeciam.
1057 3970 1106 4057 sed
1130 3976 1234 4060 promi-

204 4046 908 4187 {gallulagll'tz‘la0lll¹⁵al¹ssf¹l²llt
927 4042 1233 4185 {redulitatis}

204 4184 308 4237 roobia.
347 4186 417 4239 idem
449 4196 540 4239 tamen
565 4188 735 4310 lrepneutius
753 4188 903 4257 paroeciam
921 4188 1011 4252 vertit,
1030 4194 1061 4238 ut
1082 4189 1098 4238 2
1119 4187 1151 4238 12
1171 4182 1233 4239 etd

205 4257 253 4321 24,
272 4258 287 4310 5
304 4256 340 4311 28
359 4266 386 4310 et
404 4258 447 4323 ³4,
468 4260 499 4312 12
517 4259 567 4327 223
592 4261 600 4310 i
622 4276 675 4330 que
697 4258 795 4310 rectius
814 4267 862 4310 est.
899 4257 979 4311 Fusa.
