3050 4900
264 265 337 346 ³46
613 274 656 336 m
686 270 966 336 autumarent

346 441 400 522 73,
423 441 472 506 15.
514 435 652 522 Μάριοι
672 437 727 504 ria
749 431 1087 520 ἇγιαίταιοιμοιιιχόι]
1109 437 1250 502 Marcum
1274 440 1357 504 Are-

265 526 402 590 tbusium
421 526 603 608 episcopum
622 526 697 588 diris
718 524 877 606 suppliciis
899 521 1007 586 tuliani
1023 531 1165 666 tempore
1187 523 1359 605 probatum

266 612 428 677 celebrant
447 609 666 672 Theodoretus
698 617 732 670 et
750 609 959 670 Soaomunuss
980 626 1092 666 monac
1116 627 1169 668 um
1194 606 1287 668 alium
1309 611 1358 669 tu.

266 695 339 756 liani
359 701 550 758 servatorem
577 693 727 776 ignorant
757 690 920 753 historicis
951 711 1048 773 quare
1069 689 1224 768 vitiosum,
1246 713 1360 762 errore

265 776 456 844 macritatem
474 787 508 840 et
528 775 672 841 mutilum
695 775 781 841 huuc
800 775 903 838 locum
926 795 1017 838 nemo
1040 791 1103 834 non
1125 775 1272 836 advertit.

348 899 471 976 75,15.
512 898 626 985 ἑθιικῷ
647 891 717 960 ittae
749 891 1007 978 εὖχᾳριστὴριοι]
1037 896 1075 960 ex
1106 895 1230 960 ethnico
1263 896 1361 981 igitur

267 1006 358 1047 more
378 984 486 1062 fluuit,
524 982 578 1067 qai
608 1005 695 1045 sacer
727 981 888 1057 creditur,
917 990 949 1042 et
970 984 1117 1043 asseritur
1138 981 1306 1066 imaginum
1326 984 1359 1044 in

268 1069 394 1130 ecclesia
413 1068 650 1130 statuendamm
670 1067 771 1128 ritus?
812 1065 855 1125 ita
877 1064 998 1141 sentiet,
1029 1067 1082 1148 qui
1104 1065 1143 1126 de
1165 1067 1263 1127 sacris·
1280 1067 1361 1137 ima-

268 1152 391 1236 ginibus
418 1152 499 1212 maie
528 1150 646 1234 sapiet,
671 1160 704 1211 et
728 1153 924 1212 Graecorum
956 1169 1050 1230 supra
1073 1149 1216 1210 Latinum
1238 1169 1359 1210 morem

269 1257 319 1298 cas
338 1234 545 1297 excolentium
571 1235 755 1297 seutentiam
786 1232 953 1316 ignorabit.
1004 1232 1047 1292 itti
1068 1242 1176 1304 certe,
1202 1231 1287 1316 quod
1310 1233 1360 1294 vix

270 1319 434 1404 quisquam
454 1317 599 1394 advertit,
621 1317 769 1400 imagines
793 1314 902 1376 colunt
924 1315 1034 1398 pictas,
1058 1336 1128 1376 cum
1154 1315 1212 1375 levi
1237 1326 1361 1378 tantum

270 1403 457 1464 lineamento
477 1401 685 1479 adumbratas,
710 1397 791 1460 addo
814 1400 907 1461 etiam
933 1407 1109 1460 toreumate
1125 1397 1210 1460 fictas
1230 1399 1365 1480 suspici.

273 1494 331 1548 unt
351 1494 383 1548 et
408 1485 649 1562 deosculantem
679 1491 795 1546 statuas
827 1503 864 1543 ex
889 1501 1066 1558 marmore,
1100 1482 1246 1560 metallo,
1268 1481 1364 1566 ligno,

270 1577 362 1651 parte
381 1590 418 1632 ex
440 1569 527 1630 omni
546 1567 680 1650 sculptas
698 1564 921 1630 abominantur
942 1575 974 1627 et
994 1573 1183 1647 conspuunt.
1207 1563 1362 1627 rationem

272 1652 412 1736 exquire,
434 1647 552 1714 εἴδωλα
570 1660 660 1727 sunt,
686 1647 772 1711 haud
791 1641 918 1726 εἰκόνες,
942 1649 1098 1732 inquiunt.
1141 1648 1269 1731 antiqua
1290 1670 1363 1710 mo-

272 1745 421 1799 numenta
439 1735 584 1806 revolve,
612 1754 734 1798 racmm
752 1732 916 1797 historiam
938 1733 1067 1810 discute,
1090 1733 1245 1814 perlustra
1266 1731 1363 1814 quid.

273 1818 349 1901 quid
372 1816 411 1879 de
431 1817 614 1899 imaginibus
643 1823 675 1880 st
693 1837 803 1880 earum
827 1817 914 1877 cultu
935 1825 1040 1898 patres
1060 1817 1251 1897 scripserunt
1270 1815 1363 1896 prio-

273 1922 341 1974 res;
363 1900 509 1983 imagines
532 1922 550 1961 a
569 1910 754 1984 contemptu
785 1919 893 1966 cernes
914 1899 953 1962 ab
981 1899 1024 1960 eis
1044 1897 1214 1970 vindicatas
1238 1897 1367 1960 adorari

275 1984 375 2062 iussas,
400 1977 591 2066 ζωγράφους
618 1981 849 2049 commendatos
860 2027 872 2060 ,
903 1975 1096 2061 ἀνδριάντας
1116 1989 1148 2046 et
1166 1979 1259 2058 ξόανα
1280 1983 1365 2043 inter

275 2088 323 2127 res
345 2065 545 2149 prophanas3
574 2073 608 2130 et
630 2058 774 2148 ιίδῷλοις
804 2087 898 2149 quam
927 2065 1028 2128 vicina
1046 2067 1161 2148 absque
1182 2067 1269 2127 cuitu
1291 2065 1368 2126 reti..

53 2174 56 2181 ·
274 2157 335 2211 cta.
377 2150 512 2211 referam
537 2148 622 2236 quod
642 2160 787 2236 expertus
806 2171 885 2212 sum.
934 2148 977 2212 ita
997 2171 1048 2212 me
1068 2147 1144 2212 deus
1163 2149 1297 2224 adiuret,
1319 2147 1366 2208 al-

274 2233 354 2294 latae
372 2254 408 2295 ex
429 2231 540 2294 Occid.
563 2233 594 2294 in
616 2231 740 2311 Chium,
758 2233 814 2295 ubi
836 2230 985 2316 degebam
999 2242 1179 2298 sauctorum
1199 2231 1368 2313 exsculpta,

273 2316 338 2378 aive
360 2315 495 2398 scapello
516 2316 618 2379 efficta
639 2319 761 2400 capita:
782 2317 829 2378 sin
852 2316 1030 2380 adorationi
1051 2317 1163 2396 minus,
1183 2317 1291 2378 saltem
1313 2315 1367 2395 pio

275 2399 455 2485 devotoque
474 2402 652 2483 spectaculo
674 2401 804 2464 fuerant
825 2400 972 2482 exposita.
1014 2399 1119 2463 cuncti
1139 2397 1230 2462 simul
1253 2397 1371 2461 exhor..

276 2505 370 2548 ruere
391 2486 505 2547 Graeci
525 2486 648 2569 pariter
668 2494 700 2546 et
713 2484 827 2561 Latini,
853 2492 885 2547 et
906 2505 964 2546 ore
985 2504 1049 2545 uuo
1071 2482 1252 2561 exclamare,
1272 2484 1370 2543 simu-

275 2568 385 2631 lacbru
402 2567 549 2647 gantiam,
569 2582 625 2631 etc.
645 2589 679 2631 os
698 2569 822 2645 babent,
844 2580 898 2629 ete.
920 2588 1057 2663 quorum
1081 2567 1159 2629 haec
1180 2567 1288 2629 effata?
1312 2585 1369 2625 eo-

277 2670 348 2711 rum
371 2670 444 2711 sane
468 2670 605 2733 quorum
628 2673 702 2733 erga
721 2650 821 2732 pictas
843 2650 991 2732 imagines
1012 2650 1112 2713 cultus
1132 2671 1151 2712 u
1169 2648 1371 2735 pontificibus

276 2733 383 2817 potius
406 2730 627 2811 moderandus,
653 2734 731 2804 adeo
754 2734 848 2815 viget,
868 2731 947 2796 adeo
971 2754 1118 2812 summus,
1138 2744 1174 2795 ut
1196 2735 1269 2794 flues
1287 2751 1369 2814 pene

277 2814 576 2900 praetergrediatur,
596 2818 690 2901 quam
711 2816 888 2879 excitandus
909 2814 1052 2881 habetur.
1095 2816 1171 2901 quid
1195 2817 1292 2900 igitur
1312 2814 1373 2873 mi·

278 2920 360 2973 rum,
380 2896 406 2958 si
427 2898 540 2961 mulier
561 2899 692 2983 gentitis,
710 2899 884 2997 gentilium
903 2899 1079 2983 praecipuis
1101 2901 1186 2978 viris,
1208 2898 1374 2979 euergetis,

278 2990 313 3044 et
331 2979 525 3063 principibus
547 2990 663 3045 statuas
684 3004 806 3066 erigere
826 2981 991 3045 solitorum
1006 2984 1146 3045 moribus
1170 2991 1296 3057 assueta,
1318 2982 1372 3041 fu-

278 3084 344 3126 sam
365 3084 401 3125 ex
425 3084 497 3125 aere
517 3065 632 3127 Christi
661 3074 804 3143 statuam,
827 3066 857 3127 in
880 3067 950 3129 loco
971 3066 1117 3149 publico,
1138 3068 1187 3129 via
1209 3066 1368 3140 nimirum,

279 3148 329 3210 vei
350 3144 390 3208 ad
408 3146 528 3210 sontem
547 3148 688 3212 statuisse
707 3148 822 3233 &ararat
841 3142 912 3210 ἔθει
934 3150 1057 3212 dicutur
1077 3173 1095 3213 a
1112 3150 1304 3233 Theophane
1323 3168 1375 3209 sa·

281 3252 409 3293 crurum
431 3230 600 3315 imaginum
627 3232 848 3295 studiosissimo
877 3242 1049 3311 assertore,
1071 3244 1103 3295 et
1122 3255 1183 3316 pro
1204 3232 1375 3314 imaginum

282 3315 415 3376 tutando
439 3336 553 3378 nomeu
582 3315 658 3379 otim
681 3316 865 3379 confessoris
885 3314 1020 3400 adepto,
1043 3318 1096 3399 qui
1117 3319 1213 3399 pictas
1236 3314 1378 3377 admittit

282 3407 315 3462 et
337 3396 468 3466 caelatas
487 3399 646 3486 imagines,
665 3399 744 3462 fusas
766 3409 798 3461 et
812 3400 946 3485 sculptas
967 3421 1028 3485 pro
1050 3400 1149 3485 gentis
1169 3407 1382 3475 auae'mcnte,

282 3481 446 3567 gentitibus
460 3483 679 3567 relinquendas
703 3482 873 3546 existimat?
970 3540 972 3545 .

366 3587 416 3675 77,
441 3588 488 3652 16.
529 3589 593 3654 τῶν
614 3590 650 3653 δὲ
678 3586 931 3673 ἀποσταλέντων]
954 3586 1127 3653 correctius
1149 3588 1202 3651 bic
1222 3588 1303 3671 lego.
1345 3579 1381 3647 οἱ

277 3672 320 3735 ‚st
339 3670 562 3747 ἀποσταλέντες
581 3672 715 3756 adparet·
735 3667 795 3735 δύο
816 3670 917 3754 Φῆλιξ
939 3675 994 3734 καί
1011 3668 1182 3747 Ἰουλιανὸς
1203 3665 1385 3745 ἀποστάται

284 3753 401 3838 iisyar.
444 3779 479 3819 ex
508 3758 714 3825 Theodoreto
745 3752 841 3821 libs
870 3777 938 3838 cap.
961 3757 1009 3819 11.
1054 3758 1093 3821 de
1121 3757 1285 3821 comitibus
1316 3753 1383 3817 istis

287 3853 398 3905 auctor
419 3840 670 3904 dissertationum
690 3841 722 3911 in
744 3840 990 3925 Philostorgium
1010 3840 1116 3903 Photii
1136 3864 1208 3924 pag.
1222 3836 1296 3903 298.

367 3948 418 4028 78,
439 3948 471 4011 6.
513 3945 615 4035 τούτῳ
642 3947 688 4032 τῷ
717 3942 782 4009 ἔτει
812 3945 896 4020 τινὲς
918 3944 1135 4031 ἤπατήθησιιν]
1160 3946 1304 4010 historias
1326 3964 1385 4027 ge.

287 4040 396 4117 stoque
414 4042 528 4096 cuncta
547 4032 763 4115 superioribus
784 4031 870 4093 annis
890 4030 1011 4094 dnobus
1034 4033 1169 4113 ascripta
1190 4032 1384 4105 exsecrate,

286 4114 492 4180 Theodoreto
503 4161 513 4194 ,
539 4117 733 4194 Soaomeuo,
753 4124 787 4178 at
808 4114 923 4179 liuban
946 4115 1038 4178 tidem
1059 4116 1181 4180 mereri*
1197 4116 1298 4178 nuilus
1320 4110 1382 4173 du-
