<?xml version="1.0" encoding="UTF-8"?>
<!DOCTYPE html PUBLIC "-//W3C//DTD XHTML 1.0 Transitional//EN"
    "http://www.w3.org/TR/xhtml1/DTD/xhtml1-transitional.dtd">
<html xmlns="http://www.w3.org/1999/xhtml" xml:lang="en" lang="en">
 <head>
  <title>
</title>
<meta http-equiv="Content-Type" content="text/html;charset=utf-8" />
  <meta name='ocr-system' content='tesseract 3.04.00' />
  <meta name='ocr-capabilities' content='ocr_page ocr_carea ocr_par ocr_line ocrx_word'/>
</head>
<body>
  <div class='ocr_page' id='page_1' title='image "./corpusscriptoru34theogoog_0321.png"; bbox 0 0 3050 4900; ppageno 0'>
   <div class='ocr_carea' id='block_1_1' title="bbox 284 309 1005 390">
    <p class='ocr_par' dir='ltr' id='par_1_1' title="bbox 284 309 1005 390">
     <span class='ocr_line' id='line_1_1' title="bbox 284 309 1005 390; baseline -0.007 -11"><span class='ocrx_word' id='word_1_1' title='bbox 284 311 358 380; x_wconf 64' lang='lat'><strong>312</strong></span> <span class='ocrx_word' id='word_1_2' title='bbox 654 315 698 375; x_wconf 87' lang='grc' dir='ltr'><strong>ΙΝ</strong></span> <span class='ocrx_word' id='word_1_3' title='bbox 725 309 1005 390; x_wconf 61' lang='lat' dir='ltr'><strong>stampensibus</strong></span> 
     </span>
    </p>
   </div>
   <div class='ocr_carea' id='block_1_2' title="bbox 283 475 1371 567">
    <p class='ocr_par' dir='ltr' id='par_1_2' title="bbox 283 475 1371 567">
     <span class='ocr_line' id='line_1_2' title="bbox 283 475 1371 567; baseline -0.007 -23"><span class='ocrx_word' id='word_1_4' title='bbox 283 505 365 567; x_wconf 84' lang='lat' dir='ltr'><strong>pora</strong></span> <span class='ocrx_word' id='word_1_5' title='bbox 385 481 510 546; x_wconf 85' lang='lat' dir='ltr'><strong>humata</strong></span> <span class='ocrx_word' id='word_1_6' title='bbox 529 483 690 544; x_wconf 84' lang='lat' dir='ltr'><strong>subitanea</strong></span> <span class='ocrx_word' id='word_1_7' title='bbox 719 481 895 562; x_wconf 72' lang='lat' dir='ltr'><strong>sepultura,</strong></span> <span class='ocrx_word' id='word_1_8' title='bbox 917 480 977 539; x_wconf 85' lang='lat' dir='ltr'><strong>inm</strong></span> <span class='ocrx_word' id='word_1_9' title='bbox 1000 479 1070 538; x_wconf 87' lang='lat' dir='ltr'><strong>luco</strong></span> <span class='ocrx_word' id='word_1_10' title='bbox 1094 475 1267 538; x_wconf 79' lang='lat' dir='ltr'><strong>honestiori</strong></span> <span class='ocrx_word' id='word_1_11' title='bbox 1291 493 1371 537; x_wconf 84' lang='lat' dir='ltr'><strong>con.</strong></span> 
     </span>
    </p>
   </div>
   <div class='ocr_carea' id='block_1_3' title="bbox 280 560 1373 1295">
    <p class='ocr_par' dir='ltr' id='par_1_3' title="bbox 280 560 1373 1295">
     <span class='ocr_line' id='line_1_3' title="bbox 285 560 1373 642; baseline -0.006 -15"><span class='ocrx_word' id='word_1_12' title='bbox 285 566 446 629; x_wconf 85' lang='lat' dir='ltr'><strong>derentur.</strong></span> <span class='ocrx_word' id='word_1_13' title='bbox 497 564 592 628; x_wconf 86' lang='lat' dir='ltr'><strong>hahet</strong></span> <span class='ocrx_word' id='word_1_14' title='bbox 623 566 684 627; x_wconf 89' lang='lat' dir='ltr'><strong>hoc</strong></span> <span class='ocrx_word' id='word_1_15' title='bbox 712 564 885 626; x_wconf 73' lang='lat' dir='ltr'><strong>harastasius</strong></span> <span class='ocrx_word' id='word_1_16' title='bbox 918 561 1171 624; x_wconf 78' lang='lat' dir='ltr'><strong>bibliothecarius</strong></span> <span class='ocrx_word' id='word_1_17' title='bbox 1197 560 1373 642; x_wconf 90' lang='lat' dir='ltr'><strong>inscripto</strong></span> 
     </span>
     <span class='ocr_line' id='line_1_4' title="bbox 283 643 1371 734; baseline -0.007 -22"><span class='ocrx_word' id='word_1_18' title='bbox 283 651 447 728; x_wconf 88' lang='lat' dir='ltr'><strong>chronico,</strong></span> <span class='ocrx_word' id='word_1_19' title='bbox 469 659 502 711; x_wconf 89' lang='lat' dir='ltr'><strong>et</strong></span> <span class='ocrx_word' id='word_1_20' title='bbox 525 650 683 712; x_wconf 86' lang='lat' dir='ltr'><strong>Cedreuus</strong></span> <span class='ocrx_word' id='word_1_21' title='bbox 704 669 831 734; x_wconf 88' lang='lat' dir='ltr'><strong>quoque</strong></span> <span class='ocrx_word' id='word_1_22' title='bbox 855 647 885 706; x_wconf 90' lang='lat' dir='ltr'><strong>in</strong></span> <span class='ocrx_word' id='word_1_23' title='bbox 907 643 1065 706; x_wconf 77' lang='lat' dir='ltr'><strong>annalibus</strong></span> <span class='ocrx_word' id='word_1_24' title='bbox 1086 653 1234 706; x_wconf 85' lang='lat' dir='ltr'><strong>testatur:</strong></span> <span class='ocrx_word' id='word_1_25' title='bbox 1258 643 1310 704; x_wconf 91' lang='lat' dir='ltr'><strong>scd</strong></span> <span class='ocrx_word' id='word_1_26' title='bbox 1332 667 1371 704; x_wconf 88' lang='lat' dir='ltr'><strong>sn</strong></span> 
     </span>
     <span class='ocr_line' id='line_1_5' title="bbox 281 727 1371 812; baseline -0.012 -18"><span class='ocrx_word' id='word_1_27' title='bbox 281 733 359 794; x_wconf 87' lang='lat' dir='ltr'><strong>haec</strong></span> <span class='ocrx_word' id='word_1_28' title='bbox 379 731 474 793; x_wconf 89' lang='lat' dir='ltr'><strong>modo</strong></span> <span class='ocrx_word' id='word_1_29' title='bbox 497 733 577 794; x_wconf 82' lang='lat' dir='ltr'><strong>lacta</strong></span> <span class='ocrx_word' id='word_1_30' title='bbox 598 733 672 812; x_wconf 86' lang='lat' dir='ltr'><strong>sint,</strong></span> <span class='ocrx_word' id='word_1_31' title='bbox 693 753 733 791; x_wconf 88' lang='lat' dir='ltr'><strong>an</strong></span> <span class='ocrx_word' id='word_1_32' title='bbox 754 752 831 792; x_wconf 88' lang='lat' dir='ltr'><strong>vero</strong></span> <span class='ocrx_word' id='word_1_33' title='bbox 855 751 926 790; x_wconf 90' lang='lat' dir='ltr'><strong>cum</strong></span> <span class='ocrx_word' id='word_1_34' title='bbox 954 750 1044 793; x_wconf 85' lang='lat' dir='ltr'><strong>sacro</strong></span> <span class='ocrx_word' id='word_1_35' title='bbox 1065 727 1217 810; x_wconf 85' lang='lat' dir='ltr'><strong>baptismo</strong></span> <span class='ocrx_word' id='word_1_36' title='bbox 1242 735 1287 788; x_wconf 92' lang='lat' dir='ltr'><strong>est</strong></span> <span class='ocrx_word' id='word_1_37' title='bbox 1309 727 1371 788; x_wconf 87' lang='lat' dir='ltr'><strong>ini..</strong></span> 
     </span>
     <span class='ocr_line' id='line_1_6' title="bbox 282 811 1368 894; baseline -0.007 -16"><span class='ocrx_word' id='word_1_38' title='bbox 282 818 386 892; x_wconf 88' lang='lat' dir='ltr'><strong>tiatus,</strong></span> <span class='ocrx_word' id='word_1_39' title='bbox 409 816 564 878; x_wconf 84' lang='lat' dir='ltr'><strong>incertum</strong></span> <span class='ocrx_word' id='word_1_40' title='bbox 586 817 726 876; x_wconf 84' lang='lat' dir='ltr'><strong>habetur.</strong></span> <span class='ocrx_word' id='word_1_41' title='bbox 746 813 824 874; x_wconf 86' lang='lat' dir='ltr'><strong>haec</strong></span> <span class='ocrx_word' id='word_1_42' title='bbox 845 813 904 874; x_wconf 92' lang='lat' dir='ltr'><strong>ille.</strong></span> <span class='ocrx_word' id='word_1_43' title='bbox 927 822 959 874; x_wconf 90' lang='lat' dir='ltr'><strong>at</strong></span> <span class='ocrx_word' id='word_1_44' title='bbox 980 813 1004 874; x_wconf 90' lang='lat' dir='ltr'><strong>si</strong></span> <span class='ocrx_word' id='word_1_45' title='bbox 1017 833 1152 894; x_wconf 86' lang='lat' dir='ltr'><strong>unquam</strong></span> <span class='ocrx_word' id='word_1_46' title='bbox 1165 811 1254 881; x_wconf 83' lang='lat' dir='ltr'><strong>facta,</strong></span> <span class='ocrx_word' id='word_1_47' title='bbox 1273 811 1368 872; x_wconf 90' lang='lat' dir='ltr'><strong>modo</strong></span> 
     </span>
     <span class='ocr_line' id='line_1_7' title="bbox 281 895 1366 974; baseline -0.009 -14"><span class='ocrx_word' id='word_1_48' title='bbox 281 901 363 960; x_wconf 77' lang='lat' dir='ltr'><strong>iacta</strong></span> <span class='ocrx_word' id='word_1_49' title='bbox 382 899 457 959; x_wconf 89' lang='lat' dir='ltr'><strong>mihi</strong></span> <span class='ocrx_word' id='word_1_50' title='bbox 478 909 600 961; x_wconf 77' lang='lat' dir='ltr'><strong>certum</strong></span> <span class='ocrx_word' id='word_1_51' title='bbox 620 908 680 964; x_wconf 86' lang='lat' dir='ltr'><strong>est:</strong></span> <span class='ocrx_word' id='word_1_52' title='bbox 701 898 830 958; x_wconf 78' lang='lat' dir='ltr'><strong>maxime</strong></span> <span class='ocrx_word' id='word_1_53' title='bbox 852 918 921 956; x_wconf 89' lang='lat' dir='ltr'><strong>cum</strong></span> <span class='ocrx_word' id='word_1_54' title='bbox 943 895 991 957; x_wconf 86' lang='lat' dir='ltr'><strong>vel</strong></span> <span class='ocrx_word' id='word_1_55' title='bbox 1012 895 1196 970; x_wconf 86' lang='lat' dir='ltr'><strong>inhumatos,</strong></span> <span class='ocrx_word' id='word_1_56' title='bbox 1217 895 1265 955; x_wconf 77' lang='lat' dir='ltr'><strong>vel</strong></span> <span class='ocrx_word' id='word_1_57' title='bbox 1287 915 1366 974; x_wconf 83' lang='lat' dir='ltr'><strong>pro.</strong></span> 
     </span>
     <span class='ocr_line' id='line_1_8' title="bbox 281 977 1370 1066; baseline -0.005 -25"><span class='ocrx_word' id='word_1_58' title='bbox 281 981 402 1066; x_wconf 80' lang='lat' dir='ltr'><strong>phanee</strong></span> <span class='ocrx_word' id='word_1_59' title='bbox 421 984 600 1065; x_wconf 84' lang='lat' dir='ltr'><strong>sepulturae</strong></span> <span class='ocrx_word' id='word_1_60' title='bbox 621 982 751 1043; x_wconf 86' lang='lat' dir='ltr'><strong>traditos</strong></span> <span class='ocrx_word' id='word_1_61' title='bbox 773 980 829 1044; x_wconf 90' lang='lat' dir='ltr'><strong>sub</strong></span> <span class='ocrx_word' id='word_1_62' title='bbox 850 988 1007 1062; x_wconf 85' lang='lat' dir='ltr'><strong>postrema</strong></span> <span class='ocrx_word' id='word_1_63' title='bbox 1022 977 1223 1054; x_wconf 78' lang='lat' dir='ltr'><strong>Diocletiani,</strong></span> <span class='ocrx_word' id='word_1_64' title='bbox 1246 977 1294 1038; x_wconf 85' lang='lat' dir='ltr'><strong>vel</strong></span> <span class='ocrx_word' id='word_1_65' title='bbox 1307 998 1370 1058; x_wconf 89' lang='lat' dir='ltr'><strong>po-</strong></span> 
     </span>
     <span class='ocr_line' id='line_1_9' title="bbox 280 1057 1370 1148; baseline -0.004 -22"><span class='ocrx_word' id='word_1_66' title='bbox 280 1068 344 1126; x_wconf 90' lang='lat' dir='ltr'><strong>tius</strong></span> <span class='ocrx_word' id='word_1_67' title='bbox 365 1066 509 1127; x_wconf 83' lang='lat' dir='ltr'><strong>Maxentii</strong></span> <span class='ocrx_word' id='word_1_68' title='bbox 539 1064 755 1148; x_wconf 84' lang='lat' dir='ltr'><strong>persecutione</strong></span> <span class='ocrx_word' id='word_1_69' title='bbox 787 1071 958 1146; x_wconf 81' lang='lat' dir='ltr'><strong>martyres,</strong></span> <span class='ocrx_word' id='word_1_70' title='bbox 988 1057 1059 1147; x_wconf 63' lang='lat' dir='ltr'><strong>doeh</strong></span> <span class='ocrx_word' id='word_1_71' title='bbox 1082 1061 1184 1144; x_wconf 77' lang='grc' dir='ltr'><strong><em>ταφῇ,</em></strong></span> <span class='ocrx_word' id='word_1_72' title='bbox 1208 1083 1226 1120; x_wconf 87' lang='lat' dir='ltr'><strong>a</strong></span> <span class='ocrx_word' id='word_1_73' title='bbox 1249 1061 1370 1122; x_wconf 85' lang='lat' dir='ltr'><strong>victore</strong></span> 
     </span>
     <span class='ocr_line' id='line_1_10' title="bbox 306 1141 1371 1230; baseline -0.007 -21"><span class='ocrx_word' id='word_1_74' title='bbox 306 1148 426 1230; x_wconf 88' lang='lat' dir='ltr'><strong>rincipe</strong></span> <span class='ocrx_word' id='word_1_75' title='bbox 443 1170 515 1210; x_wconf 88' lang='lat' dir='ltr'><strong>suos</strong></span> <span class='ocrx_word' id='word_1_76' title='bbox 536 1149 647 1210; x_wconf 86' lang='lat' dir='ltr'><strong>milites</strong></span> <span class='ocrx_word' id='word_1_77' title='bbox 678 1145 869 1224; x_wconf 86' lang='lat' dir='ltr'><strong>tumulante,</strong></span> <span class='ocrx_word' id='word_1_78' title='bbox 891 1146 1067 1228; x_wconf 86' lang='lat' dir='ltr'><strong>petentibus</strong></span> <span class='ocrx_word' id='word_1_79' title='bbox 1091 1165 1158 1208; x_wconf 86' lang='lat' dir='ltr'><strong>eam</strong></span> <span class='ocrx_word' id='word_1_80' title='bbox 1180 1141 1371 1221; x_wconf 86' lang='lat' dir='ltr'><strong>Christianis,</strong></span> 
     </span>
     <span class='ocr_line' id='line_1_11' title="bbox 280 1171 699 1295; baseline -0.005 -1"><span class='ocrx_word' id='word_1_81' title='bbox 280 1171 435 1294; x_wconf 77' lang='lat' dir='ltr'><strong>honorari</strong></span> <span class='ocrx_word' id='word_1_82' title='bbox 458 1232 574 1294; x_wconf 85' lang='lat' dir='ltr'><strong>iustum</strong></span> <span class='ocrx_word' id='word_1_83' title='bbox 593 1231 699 1295; x_wconf 85' lang='lat' dir='ltr'><strong>fuerit.</strong></span> 
     </span>
    </p>
   </div>
   <div class='ocr_carea' id='block_1_4' title="bbox 276 1349 1436 3691">
    <p class='ocr_par' dir='ltr' id='par_1_4' title="bbox 156 1349 1436 2026">
     <span class='ocr_line' id='line_1_12' title="bbox 363 1349 1370 1442; baseline -0.003 -20"><span class='ocrx_word' id='word_1_84' title='bbox 363 1361 414 1439; x_wconf 73' lang='grc'><strong>90,</strong></span> <span class='ocrx_word' id='word_1_85' title='bbox 436 1361 467 1425; x_wconf 88' lang='grc'><strong>7.</strong></span> <span class='ocrx_word' id='word_1_86' title='bbox 508 1363 564 1424; x_wconf 62' lang='grc' dir='ltr'><strong>καί</strong></span> <span class='ocrx_word' id='word_1_87' title='bbox 582 1351 663 1442; x_wconf 76' lang='grc' dir='ltr'><strong>ἦσαν</strong></span> <span class='ocrx_word' id='word_1_88' title='bbox 684 1349 1040 1439; x_wconf 57' lang='lat' dir='ltr'><strong>airausaulymai]</strong></span> <span class='ocrx_word' id='word_1_89' title='bbox 1064 1379 1160 1420; x_wconf 84' lang='lat' dir='ltr'><strong>annos</strong></span> <span class='ocrx_word' id='word_1_90' title='bbox 1175 1379 1223 1420; x_wconf 87' lang='lat' dir='ltr'><strong>sex</strong></span> <span class='ocrx_word' id='word_1_91' title='bbox 1242 1359 1283 1422; x_wconf 86' lang='lat' dir='ltr'><strong>ita</strong></span> <span class='ocrx_word' id='word_1_92' title='bbox 1304 1361 1370 1420; x_wconf 85' lang='lat' dir='ltr'><strong>Mn-</strong></span> 
     </span>
     <span class='ocr_line' id='line_1_13' title="bbox 280 1443 1370 1528; baseline 0 -24"><span class='ocrx_word' id='word_1_93' title='bbox 280 1446 418 1506; x_wconf 84' lang='lat' dir='ltr'><strong>xentium</strong></span> <span class='ocrx_word' id='word_1_94' title='bbox 440 1447 604 1528; x_wconf 83' lang='lat' dir='ltr'><strong>imperasse</strong></span> <span class='ocrx_word' id='word_1_95' title='bbox 624 1443 885 1528; x_wconf 88' lang='lat' dir='ltr'><strong>putatEusebius,</strong></span> <span class='ocrx_word' id='word_1_96' title='bbox 908 1453 942 1504; x_wconf 87' lang='lat' dir='ltr'><strong>ut</strong></span> <span class='ocrx_word' id='word_1_97' title='bbox 963 1443 1028 1504; x_wconf 90' lang='lat' dir='ltr'><strong>eius</strong></span> <span class='ocrx_word' id='word_1_98' title='bbox 1046 1443 1142 1502; x_wconf 87' lang='lat' dir='ltr'><strong>nihilo</strong></span> <span class='ocrx_word' id='word_1_99' title='bbox 1164 1445 1261 1504; x_wconf 86' lang='lat' dir='ltr'><strong>accius</strong></span> <span class='ocrx_word' id='word_1_100' title='bbox 1284 1462 1370 1504; x_wconf 83' lang='lat' dir='ltr'><strong>moi·-</strong></span> 
     </span>
     <span class='ocr_line' id='line_1_14' title="bbox 279 1527 1371 1609; baseline -0.002 -19"><span class='ocrx_word' id='word_1_101' title='bbox 279 1535 343 1590; x_wconf 84' lang='lat' dir='ltr'><strong>tem</strong></span> <span class='ocrx_word' id='word_1_102' title='bbox 363 1527 393 1590; x_wconf 90' lang='lat' dir='ltr'><strong>iu</strong></span> <span class='ocrx_word' id='word_1_103' title='bbox 420 1553 535 1591; x_wconf 89' lang='lat' dir='ltr'><strong>annum</strong></span> <span class='ocrx_word' id='word_1_104' title='bbox 555 1527 750 1603; x_wconf 85' lang='lat' dir='ltr'><strong>Constantini</strong></span> <span class='ocrx_word' id='word_1_105' title='bbox 761 1529 889 1609; x_wconf 77' lang='lat' dir='ltr'><strong>Augusti</strong></span> <span class='ocrx_word' id='word_1_106' title='bbox 910 1527 1074 1607; x_wconf 86' lang='lat' dir='ltr'><strong>septimum</strong></span> <span class='ocrx_word' id='word_1_107' title='bbox 1091 1529 1225 1586; x_wconf 77' lang='lat' dir='ltr'><strong>relerat:</strong></span> <span class='ocrx_word' id='word_1_108' title='bbox 1248 1529 1290 1586; x_wconf 93' lang='lat' dir='ltr'><strong>ita</strong></span> <span class='ocrx_word' id='word_1_109' title='bbox 1310 1546 1371 1607; x_wconf 83' lang='lat' dir='ltr'><strong>ps·-</strong></span> 
     </span>
     <span class='ocr_line' id='line_1_15' title="bbox 278 1609 1370 1693; baseline 0.001 -23"><span class='ocrx_word' id='word_1_110' title='bbox 278 1613 361 1673; x_wconf 88' lang='lat' dir='ltr'><strong>riter</strong></span> <span class='ocrx_word' id='word_1_111' title='bbox 380 1611 728 1693; x_wconf 73' lang='lat' dir='ltr'><strong>auctor‘Theophanes</strong></span> <span class='ocrx_word' id='word_1_112' title='bbox 760 1632 842 1672; x_wconf 83' lang='lat' dir='ltr'><strong>aimo</strong></span> <span class='ocrx_word' id='word_1_113' title='bbox 873 1611 1056 1690; x_wconf 84' lang='lat' dir='ltr'><strong>superiore,</strong></span> <span class='ocrx_word' id='word_1_114' title='bbox 1087 1609 1142 1692; x_wconf 88' lang='lat' dir='ltr'><strong>qui</strong></span> <span class='ocrx_word' id='word_1_115' title='bbox 1175 1611 1370 1672; x_wconf 80' lang='lat' dir='ltr'><strong>Constantini</strong></span> 
     </span>
     <span class='ocr_line' id='line_1_16' title="bbox 277 1691 1370 1772; baseline -0.001 -15"><span class='ocrx_word' id='word_1_116' title='bbox 277 1703 389 1772; x_wconf 81' lang='lat' dir='ltr'><strong>sextus,</strong></span> <span class='ocrx_word' id='word_1_117' title='bbox 414 1695 580 1758; x_wconf 83' lang='lat' dir='ltr'><strong>victoriam</strong></span> <span class='ocrx_word' id='word_1_118' title='bbox 607 1697 669 1755; x_wconf 89' lang='lat' dir='ltr'><strong>eins</strong></span> <span class='ocrx_word' id='word_1_119' title='bbox 691 1695 863 1772; x_wconf 86' lang='lat' dir='ltr'><strong>recensuit,</strong></span> <span class='ocrx_word' id='word_1_120' title='bbox 887 1703 922 1754; x_wconf 91' lang='lat' dir='ltr'><strong>ut</strong></span> <span class='ocrx_word' id='word_1_121' title='bbox 942 1692 1089 1754; x_wconf 80' lang='lat' dir='ltr'><strong>Maxentii</strong></span> <span class='ocrx_word' id='word_1_122' title='bbox 1111 1691 1245 1771; x_wconf 85' lang='lat' dir='ltr'><strong>caedem,</strong></span> <span class='ocrx_word' id='word_1_123' title='bbox 1267 1705 1299 1756; x_wconf 92' lang='lat' dir='ltr'><strong>et</strong></span> <span class='ocrx_word' id='word_1_124' title='bbox 1318 1715 1370 1756; x_wconf 86' lang='lat' dir='ltr'><strong>se-</strong></span> 
     </span>
     <span class='ocr_line' id='line_1_17' title="bbox 277 1775 1369 1860; baseline -0.005 -20"><span class='ocrx_word' id='word_1_125' title='bbox 277 1788 413 1860; x_wconf 88' lang='lat' dir='ltr'><strong>quutum</strong></span> <span class='ocrx_word' id='word_1_126' title='bbox 436 1779 476 1841; x_wconf 90' lang='lat' dir='ltr'><strong>de</strong></span> <span class='ocrx_word' id='word_1_127' title='bbox 496 1800 532 1840; x_wconf 87' lang='lat' dir='ltr'><strong>es</strong></span> <span class='ocrx_word' id='word_1_128' title='bbox 552 1778 747 1858; x_wconf 86' lang='lat' dir='ltr'><strong>triumphum</strong></span> <span class='ocrx_word' id='word_1_129' title='bbox 771 1778 802 1836; x_wconf 92' lang='lat' dir='ltr'><strong>in</strong></span> <span class='ocrx_word' id='word_1_130' title='bbox 822 1798 935 1838; x_wconf 88' lang='lat' dir='ltr'><strong>annum</strong></span> <span class='ocrx_word' id='word_1_131' title='bbox 956 1787 1147 1860; x_wconf 86' lang='lat' dir='ltr'><strong>sequentem,</strong></span> <span class='ocrx_word' id='word_1_132' title='bbox 1169 1775 1201 1836; x_wconf 89' lang='lat' dir='ltr'><strong>id</strong></span> <span class='ocrx_word' id='word_1_133' title='bbox 1221 1785 1266 1838; x_wconf 90' lang='lat' dir='ltr'><strong>est</strong></span> <span class='ocrx_word' id='word_1_134' title='bbox 1283 1778 1369 1838; x_wconf 89' lang='lat' dir='ltr'><strong>Con..</strong></span> 
     </span>
     <span class='ocr_line' id='line_1_18' title="bbox 278 1857 1436 1944; baseline 0.001 -23"><span class='ocrx_word' id='word_1_135' title='bbox 278 1861 406 1921; x_wconf 86' lang='lat' dir='ltr'><strong>stantini</strong></span> <span class='ocrx_word' id='word_1_136' title='bbox 437 1863 621 1944; x_wconf 87' lang='lat' dir='ltr'><strong>septimum,</strong></span> <span class='ocrx_word' id='word_1_137' title='bbox 644 1861 695 1922; x_wconf 88' lang='lat' dir='ltr'><strong>hic</strong></span> <span class='ocrx_word' id='word_1_138' title='bbox 716 1861 848 1922; x_wconf 80' lang='lat' dir='ltr'><strong>relicere</strong></span> <span class='ocrx_word' id='word_1_139' title='bbox 869 1857 1023 1922; x_wconf 81' lang='lat' dir='ltr'><strong>videatur.</strong></span> <span class='ocrx_word' id='word_1_140' title='bbox 1068 1869 1154 1921; x_wconf 87' lang='lat' dir='ltr'><strong>certo</strong></span> <span class='ocrx_word' id='word_1_141' title='bbox 1176 1881 1233 1940; x_wconf 87' lang='lat' dir='ltr'><strong>per</strong></span> <span class='ocrx_word' id='word_1_142' title='bbox 1253 1859 1369 1940; x_wconf 78' lang='lat' dir='ltr'><strong>flagitia</strong></span> <span class='ocrx_word' id='word_1_143' title='bbox 1432 1857 1436 1870; x_wconf 87' lang='grc'><strong>’</strong></span> 
     </span>
     <span class='ocr_line' id='line_1_19' title="bbox 279 1943 1369 2026; baseline -0.002 -22.203"><span class='ocrx_word' id='word_1_144' title='bbox 279 1943 427 2004; x_wconf 83' lang='lat' dir='ltr'><strong>desidiam</strong></span> <span class='ocrx_word' id='word_1_145' title='bbox 451 1966 491 2005; x_wconf 89' lang='lat' dir='ltr'><strong>ue</strong></span> <span class='ocrx_word' id='word_1_146' title='bbox 517 1945 542 2004; x_wconf 89' lang='lat' dir='ltr'><strong>si</strong></span> <span class='ocrx_word' id='word_1_147' title='bbox 573 1955 724 2026; x_wconf 81' lang='lat' dir='ltr'><strong>tyrannus</strong></span> <span class='ocrx_word' id='word_1_148' title='bbox 742 1943 920 2004; x_wconf 80' lang='lat' dir='ltr'><strong>sexennium</strong></span> <span class='ocrx_word' id='word_1_149' title='bbox 949 1943 1150 2023; x_wconf 85' lang='lat' dir='ltr'><strong>consumpsit,</strong></span> <span class='ocrx_word' id='word_1_150' title='bbox 1175 1954 1210 2004; x_wconf 92' lang='lat' dir='ltr'><strong>ut</strong></span> <span class='ocrx_word' id='word_1_151' title='bbox 1231 1965 1266 2006; x_wconf 85' lang='lat' dir='ltr'><strong>ex</strong></span> <span class='ocrx_word' id='word_1_152' title='bbox 1287 1947 1369 2005; x_wconf 86' lang='lat' dir='ltr'><strong>Con.</strong></span> 
     </span>
    </p>

    <p class='ocr_par' dir='ltr' id='par_1_5' title="bbox 276 1966 1370 3691">
     <span class='ocr_line' id='line_1_20' title="bbox 278 1966 1369 2110; baseline 0.001 -24"><span class='ocrx_word' id='word_1_153' title='bbox 278 2027 404 2086; x_wconf 86' lang='lat' dir='ltr'><strong>stantiui</strong></span> <span class='ocrx_word' id='word_1_154' title='bbox 428 1966 622 2110; x_wconf 56' lang='lat' dir='ltr'><strong>ianegyrico</strong></span> <span class='ocrx_word' id='word_1_155' title='bbox 652 2037 727 2088; x_wconf 88' lang='lat' dir='ltr'><strong>nota</strong></span> <span class='ocrx_word' id='word_1_156' title='bbox 751 2028 897 2108; x_wconf 82' lang='lat' dir='ltr'><strong>superior</strong></span> <span class='ocrx_word' id='word_1_157' title='bbox 950 2025 1035 2086; x_wconf 87' lang='lat' dir='ltr'><strong>uinta</strong></span> <span class='ocrx_word' id='word_1_158' title='bbox 1057 2027 1186 2101; x_wconf 86' lang='lat' dir='ltr'><strong>retulit,</strong></span> <span class='ocrx_word' id='word_1_159' title='bbox 1211 2033 1243 2088; x_wconf 87' lang='lat' dir='ltr'><strong>ct</strong></span> <span class='ocrx_word' id='word_1_160' title='bbox 1263 2027 1369 2108; x_wconf 89' lang='lat' dir='ltr'><strong>aliquo</strong></span> 
     </span>
     <span class='ocr_line' id='line_1_21' title="bbox 277 2047 1369 2192; baseline -0.002 -22"><span class='ocrx_word' id='word_1_161' title='bbox 277 2118 351 2190; x_wconf 89' lang='lat' dir='ltr'><strong>post</strong></span> <span class='ocrx_word' id='word_1_162' title='bbox 381 2112 616 2172; x_wconf 80' lang='lat' dir='ltr'><strong>Constantinum</strong></span> <span class='ocrx_word' id='word_1_163' title='bbox 643 2111 761 2191; x_wconf 88' lang='lat' dir='ltr'><strong>spatio,</strong></span> <span class='ocrx_word' id='word_1_164' title='bbox 792 2111 879 2192; x_wconf 90' lang='lat' dir='ltr'><strong>quod</strong></span> <span class='ocrx_word' id='word_1_165' title='bbox 908 2047 1016 2170; x_wconf 77' lang='lat' dir='ltr'><strong>siltem</strong></span> <span class='ocrx_word' id='word_1_166' title='bbox 1053 2108 1222 2171; x_wconf 84' lang='lat' dir='ltr'><strong>deferendo</strong></span> <span class='ocrx_word' id='word_1_167' title='bbox 1258 2111 1369 2169; x_wconf 79' lang='lat' dir='ltr'><strong>uiantio</strong></span> 
     </span>
     <span class='ocr_line' id='line_1_22' title="bbox 279 2192 1368 2278; baseline 0.002 -26"><span class='ocrx_word' id='word_1_168' title='bbox 279 2192 375 2254; x_wconf 78' lang='lat' dir='ltr'><strong>tuerit</strong></span> <span class='ocrx_word' id='word_1_169' title='bbox 398 2195 479 2271; x_wconf 88' lang='lat' dir='ltr'><strong>satis,</strong></span> <span class='ocrx_word' id='word_1_170' title='bbox 501 2193 699 2278; x_wconf 80' lang='lat' dir='ltr'><strong>tyrannidem</strong></span> <span class='ocrx_word' id='word_1_171' title='bbox 711 2193 865 2274; x_wconf 80' lang='lat' dir='ltr'><strong>arripuits</strong></span> <span class='ocrx_word' id='word_1_172' title='bbox 887 2193 1010 2254; x_wconf 89' lang='lat' dir='ltr'><strong>nonnisi</strong></span> <span class='ocrx_word' id='word_1_173' title='bbox 1021 2193 1217 2254; x_wconf 88' lang='lat' dir='ltr'><strong>Constantini</strong></span> <span class='ocrx_word' id='word_1_174' title='bbox 1237 2193 1368 2274; x_wconf 89' lang='lat' dir='ltr'><strong>septimo</strong></span> 
     </span>
     <span class='ocr_line' id='line_1_23' title="bbox 279 2276 1368 2379; baseline -0.002 -43"><span class='ocrx_word' id='word_1_175' title='bbox 279 2278 386 2358; x_wconf 90' lang='lat' dir='ltr'><strong>potuit</strong></span> <span class='ocrx_word' id='word_1_176' title='bbox 406 2277 446 2338; x_wconf 89' lang='lat' dir='ltr'><strong>ab</strong></span> <span class='ocrx_word' id='word_1_177' title='bbox 470 2299 507 2338; x_wconf 89' lang='lat' dir='ltr'><strong>eo</strong></span> <span class='ocrx_word' id='word_1_178' title='bbox 522 2277 677 2356; x_wconf 85' lang='lat' dir='ltr'><strong>superari.</strong></span> <span class='ocrx_word' id='word_1_179' title='bbox 699 2297 798 2379; x_wconf 55' lang='lat' dir='ltr'><strong>qnare</strong></span> <span class='ocrx_word' id='word_1_180' title='bbox 821 2297 902 2336; x_wconf 86' lang='lat' dir='ltr'><strong>anno</strong></span> <span class='ocrx_word' id='word_1_181' title='bbox 929 2276 1052 2356; x_wconf 87' lang='lat' dir='ltr'><strong>imperii</strong></span> <span class='ocrx_word' id='word_1_182' title='bbox 1072 2278 1119 2338; x_wconf 87' lang='lat' dir='ltr'><strong>sui</strong></span> <span class='ocrx_word' id='word_1_183' title='bbox 1140 2286 1246 2350; x_wconf 82' lang='lat' dir='ltr'><strong>sextu,</strong></span> <span class='ocrx_word' id='word_1_184' title='bbox 1272 2277 1368 2338; x_wconf 80' lang='grc' dir='ltr'><em>Κων-</em></span> 
     </span>
     <span class='ocr_line' id='line_1_24' title="bbox 277 2352 1367 2440; baseline -0.002 -20"><span class='ocrx_word' id='word_1_185' title='bbox 277 2366 440 2431; x_wconf 77' lang='grc' dir='ltr'><strong>σταντῖνος</strong></span> <span class='ocrx_word' id='word_1_186' title='bbox 462 2357 480 2420; x_wconf 86' lang='lat' dir='ltr'><strong>o‘</strong></span> <span class='ocrx_word' id='word_1_187' title='bbox 501 2357 660 2432; x_wconf 74' lang='grc' dir='ltr'>θειότατος</span> <span class='ocrx_word' id='word_1_188' title='bbox 690 2352 919 2440; x_wconf 63' lang='lat' dir='ltr'><strong>erasistratei</strong></span> <span class='ocrx_word' id='word_1_189' title='bbox 949 2359 1011 2421; x_wconf 75' lang='grc' dir='ltr'><strong>τῶν</strong></span> <span class='ocrx_word' id='word_1_190' title='bbox 1036 2355 1199 2440; x_wconf 78' lang='grc' dir='ltr'><strong>τυράννων</strong></span> <span class='ocrx_word' id='word_1_191' title='bbox 1220 2359 1367 2438; x_wconf 77' lang='grc' dir='ltr'><strong>διανέστη</strong></span> 
     </span>
     <span class='ocr_line' id='line_1_25' title="bbox 276 2436 1369 2528; baseline 0.003 -26"><span class='ocrx_word' id='word_1_192' title='bbox 276 2436 460 2520; x_wconf 78' lang='grc' dir='ltr'><strong>κατάλυσιν,</strong></span> <span class='ocrx_word' id='word_1_193' title='bbox 473 2441 679 2507; x_wconf 88' lang='lat' dir='ltr'><strong>deiiciendum</strong></span> <span class='ocrx_word' id='word_1_194' title='bbox 692 2455 724 2506; x_wconf 86' lang='lat' dir='ltr'><strong>ct</strong></span> <span class='ocrx_word' id='word_1_195' title='bbox 738 2443 968 2528; x_wconf 78' lang='lat' dir='ltr'><strong>profligandum</strong></span> <span class='ocrx_word' id='word_1_196' title='bbox 982 2455 1151 2527; x_wconf 85' lang='lat' dir='ltr'><strong>tyrannum</strong></span> <span class='ocrx_word' id='word_1_197' title='bbox 1170 2443 1295 2505; x_wconf 87' lang='lat' dir='ltr'><strong>molitus</strong></span> <span class='ocrx_word' id='word_1_198' title='bbox 1313 2452 1369 2521; x_wconf 77' lang='lat' dir='ltr'><strong>aas,</strong></span> 
     </span>
     <span class='ocr_line' id='line_1_26' title="bbox 279 2526 1367 2611; baseline 0 -25"><span class='ocrx_word' id='word_1_199' title='bbox 279 2536 312 2587; x_wconf 87' lang='lat' dir='ltr'><strong>et</strong></span> <span class='ocrx_word' id='word_1_200' title='bbox 327 2527 410 2587; x_wconf 85' lang='lat' dir='ltr'><strong>circa</strong></span> <span class='ocrx_word' id='word_1_201' title='bbox 420 2527 539 2589; x_wconf 88' lang='lat' dir='ltr'><strong>Padum</strong></span> <span class='ocrx_word' id='word_1_202' title='bbox 553 2539 585 2590; x_wconf 92' lang='lat' dir='ltr'><strong>et</strong></span> <span class='ocrx_word' id='word_1_203' title='bbox 597 2532 728 2590; x_wconf 89' lang='lat' dir='ltr'><strong>Romam</strong></span> <span class='ocrx_word' id='word_1_204' title='bbox 744 2530 837 2610; x_wconf 88' lang='lat' dir='ltr'><strong>ipsam</strong></span> <span class='ocrx_word' id='word_1_205' title='bbox 850 2530 1031 2611; x_wconf 85' lang='lat' dir='ltr'><strong>frequenter</strong></span> <span class='ocrx_word' id='word_1_206' title='bbox 1043 2528 1135 2587; x_wconf 83' lang='lat' dir='ltr'><strong>vicit:</strong></span> <span class='ocrx_word' id='word_1_207' title='bbox 1158 2526 1243 2589; x_wconf 89' lang='lat' dir='ltr'><strong>haud</strong></span> <span class='ocrx_word' id='word_1_208' title='bbox 1265 2538 1367 2589; x_wconf 87' lang='lat' dir='ltr'><strong>tamen</strong></span> 
     </span>
     <span class='ocr_line' id='line_1_27' title="bbox 279 2608 1368 2695; baseline 0 -26"><span class='ocrx_word' id='word_1_209' title='bbox 279 2630 324 2669; x_wconf 57' lang='lat' dir='ltr'><strong>ex*</strong></span> <span class='ocrx_word' id='word_1_210' title='bbox 337 2610 460 2693; x_wconf 84' lang='lat' dir='ltr'><strong>integro</strong></span> <span class='ocrx_word' id='word_1_211' title='bbox 490 2612 628 2689; x_wconf 85' lang='lat' dir='ltr'><strong>delevit,</strong></span> <span class='ocrx_word' id='word_1_212' title='bbox 656 2608 832 2693; x_wconf 56' lang='lat' dir='ltr'><strong>et,cecidit.</strong></span> <span class='ocrx_word' id='word_1_213' title='bbox 884 2619 1007 2695; x_wconf 88' lang='lat' dir='ltr'><strong>partam</strong></span> <span class='ocrx_word' id='word_1_214' title='bbox 1034 2610 1219 2687; x_wconf 84' lang='lat' dir='ltr'><strong>victoriam,</strong></span> <span class='ocrx_word' id='word_1_215' title='bbox 1242 2608 1368 2693; x_wconf 84' lang='lat' dir='ltr'><strong>tyranni</strong></span> 
     </span>
     <span class='ocr_line' id='line_1_28' title="bbox 278 2692 1368 2775; baseline 0 -24"><span class='ocrx_word' id='word_1_216' title='bbox 278 2692 414 2772; x_wconf 82' lang='lat' dir='ltr'><strong>caedem,</strong></span> <span class='ocrx_word' id='word_1_217' title='bbox 436 2694 578 2756; x_wconf 86' lang='lat' dir='ltr'><strong>habitum</strong></span> <span class='ocrx_word' id='word_1_218' title='bbox 600 2694 639 2756; x_wconf 92' lang='lat' dir='ltr'><strong>de</strong></span> <span class='ocrx_word' id='word_1_219' title='bbox 659 2716 697 2755; x_wconf 90' lang='lat' dir='ltr'><strong>eo</strong></span> <span class='ocrx_word' id='word_1_220' title='bbox 713 2693 916 2775; x_wconf 88' lang='lat' dir='ltr'><strong>triumphum,</strong></span> <span class='ocrx_word' id='word_1_221' title='bbox 942 2694 1025 2754; x_wconf 86' lang='lat' dir='ltr'><strong>circa</strong></span> <span class='ocrx_word' id='word_1_222' title='bbox 1047 2692 1188 2755; x_wconf 79' lang='lat' dir='ltr'><strong>kalendas</strong></span> <span class='ocrx_word' id='word_1_223' title='bbox 1209 2692 1368 2767; x_wconf 86' lang='lat' dir='ltr'><strong>Octobris,</strong></span> 
     </span>
     <span class='ocr_line' id='line_1_29' title="bbox 278 2774 1366 2858; baseline 0.002 -25"><span class='ocrx_word' id='word_1_224' title='bbox 278 2776 388 2835; x_wconf 85' lang='lat' dir='ltr'><strong>scribit</strong></span> <span class='ocrx_word' id='word_1_225' title='bbox 408 2778 560 2837; x_wconf 86' lang='lat' dir='ltr'><strong>Onufrius</strong></span> <span class='ocrx_word' id='word_1_226' title='bbox 580 2776 665 2858; x_wconf 84' lang='lat' dir='ltr'><strong>apud</strong></span> <span class='ocrx_word' id='word_1_227' title='bbox 678 2778 849 2837; x_wconf 81' lang='lat' dir='ltr'><strong>Beronium</strong></span> <span class='ocrx_word' id='word_1_228' title='bbox 871 2776 910 2837; x_wconf 86' lang='lat' dir='ltr'><strong>ad</strong></span> <span class='ocrx_word' id='word_1_229' title='bbox 933 2797 1048 2837; x_wconf 90' lang='lat' dir='ltr'><strong>annum</strong></span> <span class='ocrx_word' id='word_1_230' title='bbox 1060 2775 1174 2837; x_wconf 82' lang='lat' dir='ltr'><strong>Christi</strong></span> <span class='ocrx_word' id='word_1_231' title='bbox 1196 2774 1257 2837; x_wconf 73' lang='lat'><strong>312</strong></span> <span class='ocrx_word' id='word_1_232' title='bbox 1281 2797 1366 2837; x_wconf 90' lang='lat' dir='ltr'><strong>num.</strong></span> 
     </span>
     <span class='ocr_line' id='line_1_30' title="bbox 278 2854 1370 2943; baseline 0.003 -26"><span class='ocrx_word' id='word_1_233' title='bbox 278 2854 298 2917; x_wconf 86' lang='lat'><strong>7</strong></span> <span class='ocrx_word' id='word_1_234' title='bbox 323 2868 355 2918; x_wconf 92' lang='lat' dir='ltr'><strong>et</strong></span> <span class='ocrx_word' id='word_1_235' title='bbox 375 2859 539 2920; x_wconf 84' lang='lat' dir='ltr'><strong>Patavium</strong></span> <span class='ocrx_word' id='word_1_236' title='bbox 561 2868 634 2921; x_wconf 87' lang='lat' dir='ltr'><strong>uota</strong></span> <span class='ocrx_word' id='word_1_237' title='bbox 663 2870 835 2921; x_wconf 87' lang='lat' dir='ltr'><strong>memorata</strong></span> <span class='ocrx_word' id='word_1_238' title='bbox 859 2863 1006 2939; x_wconf 88' lang='lat' dir='ltr'><strong>citatum;</strong></span> <span class='ocrx_word' id='word_1_239' title='bbox 1028 2859 1081 2921; x_wconf 87' lang='lat' dir='ltr'><strong>sed</strong></span> <span class='ocrx_word' id='word_1_240' title='bbox 1106 2861 1201 2935; x_wconf 93' lang='lat' dir='ltr'><strong>nullo,</strong></span> <span class='ocrx_word' id='word_1_241' title='bbox 1222 2859 1370 2943; x_wconf 89' lang='lat' dir='ltr'><strong>inquiunt</strong></span> 
     </span>
     <span class='ocr_line' id='line_1_31' title="bbox 278 2939 1370 3023; baseline 0.001 -23"><span class='ocrx_word' id='word_1_242' title='bbox 278 2939 338 3015; x_wconf 89' lang='lat' dir='ltr'><strong>isti,</strong></span> <span class='ocrx_word' id='word_1_243' title='bbox 360 2950 551 3023; x_wconf 81' lang='lat' dir='ltr'><strong>argumento,</strong></span> <span class='ocrx_word' id='word_1_244' title='bbox 572 2944 622 3005; x_wconf 82' lang='lat' dir='ltr'><strong>vel</strong></span> <span class='ocrx_word' id='word_1_245' title='bbox 643 2952 772 3006; x_wconf 86' lang='lat' dir='ltr'><strong>auctore</strong></span> <span class='ocrx_word' id='word_1_246' title='bbox 795 2944 865 3005; x_wconf 87' lang='lat' dir='ltr'><strong>satis</strong></span> <span class='ocrx_word' id='word_1_247' title='bbox 896 2954 977 3006; x_wconf 92' lang='lat' dir='ltr'><strong>tuto.</strong></span> <span class='ocrx_word' id='word_1_248' title='bbox 1022 2954 1146 3005; x_wconf 83' lang='lat' dir='ltr'><strong>etcum</strong></span> <span class='ocrx_word' id='word_1_249' title='bbox 1166 2942 1315 3007; x_wconf 86' lang='lat' dir='ltr'><strong>Eusebius</strong></span> <span class='ocrx_word' id='word_1_250' title='bbox 1338 2950 1370 3001; x_wconf 92' lang='lat' dir='ltr'><strong>et</strong></span> 
     </span>
     <span class='ocr_line' id='line_1_32' title="bbox 277 3022 1370 3111; baseline 0.003 -29"><span class='ocrx_word' id='word_1_251' title='bbox 277 3022 483 3106; x_wconf 87' lang='lat' dir='ltr'><strong>Theophanes</strong></span> <span class='ocrx_word' id='word_1_252' title='bbox 505 3037 617 3089; x_wconf 89' lang='lat' dir='ltr'><strong>auctor</strong></span> <span class='ocrx_word' id='word_1_253' title='bbox 633 3049 728 3088; x_wconf 87' lang='lat' dir='ltr'><strong>annos</strong></span> <span class='ocrx_word' id='word_1_254' title='bbox 750 3050 769 3087; x_wconf 87' lang='lat' dir='ltr'><strong>a</strong></span> <span class='ocrx_word' id='word_1_255' title='bbox 788 3028 965 3109; x_wconf 88' lang='lat' dir='ltr'><strong>Septembri</strong></span> <span class='ocrx_word' id='word_1_256' title='bbox 987 3028 1203 3111; x_wconf 84' lang='lat' dir='ltr'><strong>auspicentur,</strong></span> <span class='ocrx_word' id='word_1_257' title='bbox 1225 3048 1295 3088; x_wconf 89' lang='lat' dir='ltr'><strong>cum</strong></span> <span class='ocrx_word' id='word_1_258' title='bbox 1318 3026 1370 3086; x_wconf 83' lang='lat' dir='ltr'><strong>liic</strong></span> 
     </span>
     <span class='ocr_line' id='line_1_33' title="bbox 278 3107 1370 3191; baseline 0.005 -27"><span class='ocrx_word' id='word_1_259' title='bbox 278 3107 431 3171; x_wconf 86' lang='lat' dir='ltr'><strong>victoriae</strong></span> <span class='ocrx_word' id='word_1_260' title='bbox 453 3108 601 3172; x_wconf 83' lang='lat' dir='ltr'><strong>laetitiam</strong></span> <span class='ocrx_word' id='word_1_261' title='bbox 629 3109 666 3171; x_wconf 93' lang='lat' dir='ltr'><strong>sd</strong></span> <span class='ocrx_word' id='word_1_262' title='bbox 691 3132 807 3170; x_wconf 87' lang='lat' dir='ltr'><strong>anuum</strong></span> <span class='ocrx_word' id='word_1_263' title='bbox 831 3111 1025 3172; x_wconf 87' lang='lat' dir='ltr'><strong>Constantini</strong></span> <span class='ocrx_word' id='word_1_264' title='bbox 1046 3110 1220 3191; x_wconf 87' lang='lat' dir='ltr'><strong>septimum,</strong></span> <span class='ocrx_word' id='word_1_265' title='bbox 1243 3108 1292 3171; x_wconf 87' lang='lat' dir='ltr'><strong>ille</strong></span> <span class='ocrx_word' id='word_1_266' title='bbox 1316 3132 1370 3191; x_wconf 85' lang='lat' dir='ltr'><strong>pa-</strong></span> 
     </span>
     <span class='ocr_line' id='line_1_34' title="bbox 279 3192 1366 3276; baseline 0.004 -27"><span class='ocrx_word' id='word_1_267' title='bbox 279 3192 359 3251; x_wconf 83' lang='lat' dir='ltr'><strong>riter</strong></span> <span class='ocrx_word' id='word_1_268' title='bbox 380 3192 508 3254; x_wconf 87' lang='lat' dir='ltr'><strong>eandem</strong></span> <span class='ocrx_word' id='word_1_269' title='bbox 540 3194 580 3253; x_wconf 90' lang='lat' dir='ltr'><strong>ad</strong></span> <span class='ocrx_word' id='word_1_270' title='bbox 611 3193 735 3276; x_wconf 87' lang='lat' dir='ltr'><strong>septimi</strong></span> <span class='ocrx_word' id='word_1_271' title='bbox 766 3192 845 3255; x_wconf 89' lang='lat' dir='ltr'><strong>latus</strong></span> <span class='ocrx_word' id='word_1_272' title='bbox 866 3195 1028 3269; x_wconf 86' lang='lat' dir='ltr'><strong>coniiciat,</strong></span> <span class='ocrx_word' id='word_1_273' title='bbox 1064 3216 1101 3255; x_wconf 90' lang='lat' dir='ltr'><strong>eo</strong></span> <span class='ocrx_word' id='word_1_274' title='bbox 1125 3193 1260 3273; x_wconf 85' lang='lat' dir='ltr'><strong>ineunte,</strong></span> <span class='ocrx_word' id='word_1_275' title='bbox 1281 3192 1366 3276; x_wconf 87' lang='lat' dir='ltr'><strong>quod</strong></span> 
     </span>
     <span class='ocr_line' id='line_1_35' title="bbox 276 3274 1366 3359; baseline -0.001 -26"><span class='ocrx_word' id='word_1_276' title='bbox 276 3274 429 3357; x_wconf 79' lang='lat' dir='ltr'><strong>sagaciter</strong></span> <span class='ocrx_word' id='word_1_277' title='bbox 445 3275 582 3339; x_wconf 86' lang='lat' dir='ltr'><strong>advertit</strong></span> <span class='ocrx_word' id='word_1_278' title='bbox 603 3278 771 3353; x_wconf 86' lang='lat' dir='ltr'><strong>Onufrius,</strong></span> <span class='ocrx_word' id='word_1_279' title='bbox 794 3276 899 3338; x_wconf 85' lang='lat' dir='ltr'><strong>vicisse</strong></span> <span class='ocrx_word' id='word_1_280' title='bbox 929 3298 966 3338; x_wconf 87' lang='lat' dir='ltr'><strong>ac</strong></span> <span class='ocrx_word' id='word_1_281' title='bbox 986 3276 1192 3359; x_wconf 85' lang='lat' dir='ltr'><strong>triumphasse</strong></span> <span class='ocrx_word' id='word_1_282' title='bbox 1215 3278 1366 3337; x_wconf 86' lang='lat' dir='ltr'><strong>Coostan.</strong></span> 
     </span>
     <span class='ocr_line' id='line_1_36' title="bbox 277 3356 1364 3446; baseline 0.004 -31"><span class='ocrx_word' id='word_1_283' title='bbox 277 3356 379 3417; x_wconf 87' lang='lat' dir='ltr'><strong>tinum</strong></span> <span class='ocrx_word' id='word_1_284' title='bbox 409 3360 480 3419; x_wconf 87' lang='lat' dir='ltr'><strong>satis</strong></span> <span class='ocrx_word' id='word_1_285' title='bbox 508 3368 616 3446; x_wconf 80' lang='lat' dir='ltr'><strong>aperte</strong></span> <span class='ocrx_word' id='word_1_286' title='bbox 654 3382 765 3421; x_wconf 86' lang='lat' dir='ltr'><strong>eorum</strong></span> <span class='ocrx_word' id='word_1_287' title='bbox 795 3362 984 3423; x_wconf 85' lang='lat' dir='ltr'><strong>auctoritate</strong></span> <span class='ocrx_word' id='word_1_288' title='bbox 1013 3360 1088 3422; x_wconf 90' lang='lat' dir='ltr'><strong>mibi</strong></span> <span class='ocrx_word' id='word_1_289' title='bbox 1121 3360 1364 3423; x_wconf 84' lang='lat' dir='ltr'><strong>demonstratur.</strong></span> 
     </span>
     <span class='ocr_line' id='line_1_37' title="bbox 277 3440 1366 3528; baseline 0.003 -28"><span class='ocrx_word' id='word_1_290' title='bbox 277 3440 433 3523; x_wconf 82' lang='lat' dir='ltr'><strong>publicam</strong></span> <span class='ocrx_word' id='word_1_291' title='bbox 455 3445 669 3505; x_wconf 86' lang='lat' dir='ltr'><strong>Romanorum</strong></span> <span class='ocrx_word' id='word_1_292' title='bbox 689 3444 851 3517; x_wconf 86' lang='lat' dir='ltr'><strong>laetitiam,</strong></span> <span class='ocrx_word' id='word_1_293' title='bbox 875 3443 1101 3528; x_wconf 87' lang='lat' dir='ltr'><strong>victoriamque</strong></span> <span class='ocrx_word' id='word_1_294' title='bbox 1122 3468 1140 3505; x_wconf 90' lang='lat' dir='ltr'><strong>a</strong></span> <span class='ocrx_word' id='word_1_295' title='bbox 1164 3442 1366 3505; x_wconf 88' lang='lat' dir='ltr'><strong>Constantino</strong></span> 
     </span>
     <span class='ocr_line' id='line_1_38' title="bbox 276 3524 1366 3609; baseline 0.004 -26"><span class='ocrx_word' id='word_1_296' title='bbox 276 3525 362 3584; x_wconf 87' lang='lat' dir='ltr'><strong>cruci</strong></span> <span class='ocrx_word' id='word_1_297' title='bbox 385 3526 552 3609; x_wconf 86' lang='lat' dir='ltr'><strong>ascriptam</strong></span> <span class='ocrx_word' id='word_1_298' title='bbox 571 3527 651 3609; x_wconf 81' lang='lat' dir='ltr'><strong>leges</strong></span> <span class='ocrx_word' id='word_1_299' title='bbox 672 3526 756 3609; x_wconf 84' lang='lat' dir='ltr'><strong>apud</strong></span> <span class='ocrx_word' id='word_1_300' title='bbox 779 3526 892 3589; x_wconf 89' lang='lat' dir='ltr'><strong>chron.</strong></span> <span class='ocrx_word' id='word_1_301' title='bbox 907 3528 1054 3594; x_wconf 80' lang='lat' dir='ltr'><strong>Alexand.</strong></span> <span class='ocrx_word' id='word_1_302' title='bbox 1076 3549 1158 3589; x_wconf 88' lang='lat' dir='ltr'><strong>auno</strong></span> <span class='ocrx_word' id='word_1_303' title='bbox 1174 3524 1366 3591; x_wconf 84' lang='lat' dir='ltr'><strong>Constantini</strong></span> 
     </span>
     <span class='ocr_line' id='line_1_39' title="bbox 277 3609 424 3691; baseline 0 -22"><span class='ocrx_word' id='word_1_304' title='bbox 277 3609 424 3691; x_wconf 80' lang='lat' dir='ltr'><strong>septimo.</strong></span> 
     </span>
    </p>
   </div>
   <div class='ocr_carea' id='block_1_5' title="bbox 274 3726 1368 4233">
    <p class='ocr_par' dir='ltr' id='par_1_6' title="bbox 274 3726 1368 4233">
     <span class='ocr_line' id='line_1_40' title="bbox 359 3726 1364 3817; baseline -0.004 -23"><span class='ocrx_word' id='word_1_305' title='bbox 359 3730 445 3794; x_wconf 77' lang='lat' dir='ltr'><strong>leid.</strong></span> <span class='ocrx_word' id='word_1_306' title='bbox 460 3730 491 3794; x_wconf 82' lang='grc'><strong>9.</strong></span> <span class='ocrx_word' id='word_1_307' title='bbox 532 3728 587 3795; x_wconf 74' lang='lat' dir='ltr'><strong>s&#39;ni</strong></span> <span class='ocrx_word' id='word_1_308' title='bbox 605 3729 727 3814; x_wconf 76' lang='grc' dir='ltr'><strong><em>ἡμέρας</em></strong></span> <span class='ocrx_word' id='word_1_309' title='bbox 744 3726 834 3815; x_wconf 77' lang='grc' dir='ltr'><strong><em>ἑπτά]</em></strong></span> <span class='ocrx_word' id='word_1_310' title='bbox 857 3736 1011 3817; x_wconf 89' lang='lat' dir='ltr'><strong>baptismi,</strong></span> <span class='ocrx_word' id='word_1_311' title='bbox 1032 3733 1180 3798; x_wconf 85' lang='lat' dir='ltr'><strong>ecclesiae</strong></span> <span class='ocrx_word' id='word_1_312' title='bbox 1200 3754 1364 3797; x_wconf 85' lang='lat' dir='ltr'><strong>consecra.</strong></span> 
     </span>
     <span class='ocr_line' id='line_1_41' title="bbox 277 3814 1366 3899; baseline -0.002 -23"><span class='ocrx_word' id='word_1_313' title='bbox 277 3814 379 3893; x_wconf 88' lang='lat' dir='ltr'><strong>tionis,</strong></span> <span class='ocrx_word' id='word_1_314' title='bbox 399 3826 615 3899; x_wconf 87' lang='lat' dir='ltr'><strong>susceptorum</strong></span> <span class='ocrx_word' id='word_1_315' title='bbox 631 3817 789 3896; x_wconf 87' lang='lat' dir='ltr'><strong>ordinum,</strong></span> <span class='ocrx_word' id='word_1_316' title='bbox 812 3830 960 3881; x_wconf 82' lang='lat' dir='ltr'><strong>votorum</strong></span> <span class='ocrx_word' id='word_1_317' title='bbox 983 3823 1014 3881; x_wconf 93' lang='lat' dir='ltr'><strong>iu</strong></span> <span class='ocrx_word' id='word_1_318' title='bbox 1034 3819 1224 3881; x_wconf 86' lang='lat' dir='ltr'><strong>monasterio</strong></span> <span class='ocrx_word' id='word_1_319' title='bbox 1239 3819 1366 3882; x_wconf 88' lang='lat' dir='ltr'><strong>emisso.</strong></span> 
     </span>
     <span class='ocr_line' id='line_1_42' title="bbox 277 3895 1367 3985; baseline 0.004 -26"><span class='ocrx_word' id='word_1_320' title='bbox 277 3920 359 3976; x_wconf 81' lang='lat' dir='ltr'><strong>cuin,</strong></span> <span class='ocrx_word' id='word_1_321' title='bbox 379 3895 556 3962; x_wconf 87' lang='lat' dir='ltr'><strong>subeundae</strong></span> <span class='ocrx_word' id='word_1_322' title='bbox 576 3902 798 3983; x_wconf 87' lang='lat' dir='ltr'><strong>poeniteutiae,</strong></span> <span class='ocrx_word' id='word_1_323' title='bbox 822 3910 883 3965; x_wconf 89' lang='lat' dir='ltr'><strong>eto.</strong></span> <span class='ocrx_word' id='word_1_324' title='bbox 905 3912 1024 3985; x_wconf 87' lang='lat' dir='ltr'><strong>septem</strong></span> <span class='ocrx_word' id='word_1_325' title='bbox 1038 3904 1102 3966; x_wconf 88' lang='lat' dir='ltr'><strong>dies</strong></span> <span class='ocrx_word' id='word_1_326' title='bbox 1124 3904 1289 3964; x_wconf 88' lang='lat' dir='ltr'><strong>continuos</strong></span> <span class='ocrx_word' id='word_1_327' title='bbox 1308 3902 1367 3963; x_wconf 83' lang='lat' dir='ltr'><strong>be-</strong></span> 
     </span>
     <span class='ocr_line' id='line_1_43' title="bbox 276 3983 1367 4070; baseline 0.006 -30"><span class='ocrx_word' id='word_1_328' title='bbox 276 3983 421 4043; x_wconf 81' lang='lat' dir='ltr'><strong>neficium</strong></span> <span class='ocrx_word' id='word_1_329' title='bbox 443 3984 583 4046; x_wconf 86' lang='lat' dir='ltr'><strong>recolere</strong></span> <span class='ocrx_word' id='word_1_330' title='bbox 605 3986 732 4046; x_wconf 82' lang='lat' dir='ltr'><strong>Graecis</strong></span> <span class='ocrx_word' id='word_1_331' title='bbox 759 3988 897 4048; x_wconf 86' lang='lat' dir='ltr'><strong>solemne</strong></span> <span class='ocrx_word' id='word_1_332' title='bbox 917 3996 962 4049; x_wconf 89' lang='lat' dir='ltr'><strong>est</strong></span> <span class='ocrx_word' id='word_1_333' title='bbox 987 3996 1019 4047; x_wconf 87' lang='lat' dir='ltr'><strong>et</strong></span> <span class='ocrx_word' id='word_1_334' title='bbox 1039 3987 1228 4070; x_wconf 83' lang='lat' dir='ltr'><strong>antiquam:</strong></span> <span class='ocrx_word' id='word_1_335' title='bbox 1254 3984 1293 4047; x_wconf 89' lang='lat' dir='ltr'><strong>de</strong></span> <span class='ocrx_word' id='word_1_336' title='bbox 1313 4006 1367 4047; x_wconf 86' lang='lat' dir='ltr'><strong>re-</strong></span> 
     </span>
     <span class='ocr_line' id='line_1_44' title="bbox 274 4062 1368 4153; baseline 0.005 -28"><span class='ocrx_word' id='word_1_337' title='bbox 274 4062 384 4125; x_wconf 83' lang='lat' dir='ltr'><strong>stituta</strong></span> <span class='ocrx_word' id='word_1_338' title='bbox 405 4068 510 4150; x_wconf 88' lang='lat' dir='ltr'><strong>itaque</strong></span> <span class='ocrx_word' id='word_1_339' title='bbox 529 4066 674 4129; x_wconf 84' lang='lat' dir='ltr'><strong>libertate</strong></span> <span class='ocrx_word' id='word_1_340' title='bbox 704 4068 853 4131; x_wconf 83' lang='lat' dir='ltr'><strong>laetitiam</strong></span> <span class='ocrx_word' id='word_1_341' title='bbox 885 4092 944 4152; x_wconf 88' lang='lat' dir='ltr'><strong>per</strong></span> <span class='ocrx_word' id='word_1_342' title='bbox 973 4070 1036 4137; x_wconf 88' lang='lat' dir='ltr'><strong>dies</strong></span> <span class='ocrx_word' id='word_1_343' title='bbox 1065 4080 1184 4153; x_wconf 87' lang='lat' dir='ltr'><strong>septem</strong></span> <span class='ocrx_word' id='word_1_344' title='bbox 1212 4070 1368 4151; x_wconf 61' lang='lat' dir='ltr'><strong>Romanos</strong></span> 
     </span>
     <span class='ocr_line' id='line_1_45' title="bbox 275 4148 1364 4233; baseline 0.006 -25"><span class='ocrx_word' id='word_1_345' title='bbox 275 4148 466 4229; x_wconf 83' lang='lat' dir='ltr'><strong>produxisse,</strong></span> <span class='ocrx_word' id='word_1_346' title='bbox 486 4154 592 4233; x_wconf 87' lang='lat' dir='ltr'><strong>potuit</strong></span> <span class='ocrx_word' id='word_1_347' title='bbox 624 4172 687 4215; x_wconf 85' lang='lat' dir='ltr'><strong>csso</strong></span> <span class='ocrx_word' id='word_1_348' title='bbox 711 4154 854 4215; x_wconf 85' lang='lat' dir='ltr'><strong>auctoris·</strong></span> <span class='ocrx_word' id='word_1_349' title='bbox 881 4153 1075 4217; x_wconf 85' lang='lat' dir='ltr'><strong>coniectura.</strong></span> <span class='ocrx_word' id='word_1_350' title='bbox 1124 4154 1211 4215; x_wconf 87' lang='lat' dir='ltr'><strong>cruci</strong></span> <span class='ocrx_word' id='word_1_351' title='bbox 1242 4150 1364 4229; x_wconf 83' lang='lat' dir='ltr'><strong>laudes,</strong></span> 
     </span>
    </p>
   </div>
   <div class='ocr_carea' id='block_1_6' title="bbox 0 0 1530 4900">
    <p class='ocr_par' dir='ltr' id='par_1_7' title="bbox 0 0 1530 4900">
     <span class='ocr_line' id='line_1_46' title="bbox 0 0 1530 4900; baseline 0 2"><span class='ocrx_word' id='word_1_352' title='bbox 0 0 1530 4900; x_wconf 95' lang='lat' dir='ltr'><strong> </strong></span> 
     </span>
    </p>
   </div>
  </div>
 </body>
</html>
