3050 4900
299 331 374 406 576
675 339 733 405 ΑΙ)
767 336 1045 406 ΤΗΕΟΡΗΑΝΕΜ

297 525 334 581 at
355 526 388 580 et
406 513 499 580 Cadr.
528 513 564 578 tn
593 517 648 598 τῆς
679 515 718 578 δὲ
745 509 874 590 τάσεως.
902 511 946 590 ὥς
972 515 1049 580 ἑτῶν
1070 516 1092 581 d
1101 559 1110 580 .
1152 537 1247 582 annos
1266 521 1390 584 circiter

296 615 436 688 qnattuor
453 612 566 665 nutum.
610 597 696 683 qood
716 603 880 684 sequitur,
899 597 1128 683 συμπαρούσης
1152 604 1207 662 κατ’
1228 605 1392 686 'loa-attane

295 685 352 766 τῆς
371 677 492 766 μητρός
513 681 615 742 αυτοῦ
632 683 668 744 ὃν
686 687 723 764 τῇ
736 683 918 767 Hannonis·
940 684 1033 746 aliter
1052 705 1110 767 ego
1132 682 1331 762 distinxerim,
1354 697 1389 746 ut

296 769 397 830 clausa
417 766 551 849 periodo
582 766 612 826 in
642 787 720 828 voce
746 765 847 828 αυ’του“
866 776 1025 849 sequatur.
1055 768 1090 830 ἐν
1112 765 1147 828 δὲ
1167 768 1204 851 τῇ
1225 772 1389 855 Παννορίρ

293 849 386 934 χώρᾳ
405 849 500 911 τοῦτο
519 844 636 926 nadair
655 849 687 912 Γ
685 846 842 928 patrastis.
898 850 922 912 is
954 851 1037 911 enim
1058 849 1163 913 absens
1184 861 1261 929 erat,
1283 853 1389 935 sicque

296 935 422 998 absente
443 934 629 994 acclamatus
650 945 696 995 est
706 933 879 1014 imperator
897 933 1002 995 iunior
1023 934 1129 1011 irater,
1151 937 1205 1018 qui
1230 957 1300 996 eum
1322 958 1388 996 ma-

295 1026 346 1081 tre
368 1015 492 1096 aderat,
514 1016 657 1100 eiusque,
677 1028 714 1080 ut
735 1017 878 1093 ridetur,
900 1016 1074 1097 industria3
1096 1025 1131 1076 ut
1153 1017 1268 1101 etipsa
1290 1019 1388 1079 filiurn

294 1100 426 1164 haheret
447 1099 692 1182 imperatorem,
717 1098 802 1184 quod
823 1101 866 1161 ita
888 1101 1072 1162 Gratianum
1093 1099 1232 1177 oliendit,
1256 1111 1291 1165 ut
1311 1105 1391 1172 solet

295 1185 380 1246 inter
406 1185 520 1246 iratres
547 1201 583 1244 ex
604 1183 675 1263 alio,
696 1192 729 1244 ot
750 1183 812 1244 alio
833 1181 929 1246 thoro
953 1191 1061 1263 natos,
1074 1180 1256 1268 ‘eorumque
1275 1207 1390 1268 paren·

294 1279 340 1332 tes
361 1268 451 1330 sacile
474 1266 574 1356 enpsci
596 1266 723 1328 invidia.

376 1373 428 1452 98,
452 1379 480 1442 1.
522 1369 758 1456 τλαονοηθέπας
776 1371 956 1452 βασιλεύειν
984 1368 1047 1434 dnd
1069 1375 1130 1435 sori
1150 1377 1324 1456 στοιχείου]
1344 1378 1387 1438 sic

293 1480 399 1522 omnes
422 1455 516 1522 codd.
538 1478 611 1542 qam
630 1457 782 1519 vatnirdis
800 1456 934 1520 nnuma
952 1477 993 1518 es:
1009 1459 1125 1520 initiali
1147 1463 1277 1522 nonnanis
1297 1465 1382 1524 tloeta

293 1555 490 1628 imperaturos
510 1541 728 1624 suspicabamr.

376 1640 488 1722 9212.
510 1641 549 1702 ad
570 1635 768 1719 βαλλιζουσι]
792 1637 1012 1700 adduntBarb.
1036 1639 1127 1724 Peyr.
1150 1647 1208 1706 etc.
1233 1637 1289 1703 nni
1307 1665 1385 1722 καρ.

291 1723 468 1804 ταλίζουσι·
492 1722 596 1786 malim
617 1723 847 1802 κροταλίζουσι,
873 1723 957 1806 qnod
979 1730 1011 1784 et
1031 1727 1136 1787 duest.
1156 1725 1238 1807 tegit.
1279 1729 1386 1808 strepi·

290 1825 354 1872 tram
373 1823 477 1892 agerat,
497 1809 562 1870 sire
594 1827 742 1868 manuum
763 1805 872 1890 plausu
899 1805 962 1869 sive
982 1808 1192 1890 crepitaculis.
1230 1810 1387 1892 plandunt

290 1894 443 1967 munitm,
466 1889 578 1974 inquit.
598 1883 757 1968 κρόταλον.
788 1897 860 1952 sunt
890 1889 944 1973 qui
965 1890 1116 1952 musicum
1147 1893 1386 1956 instrumentum

289 1984 457 2057 exponunt,
478 1995 543 2058 quo
556 1971 699 2056 Aegyptii
721 1972 891 2036 utebantur
911 1975 942 2034 in
963 1971 1095 2035 deorum
1107 1976 1295 2040 cerimoniis.
1318 1997 1381 2058 pro

288 2057 477 2139 βαλλιζουσι
497 2055 571 2140 legit
598 2061 702 2118 Anast.
728 2052 917 2135 βαδίζουσι,
934 2057 1094 2140 psallentes
1114 2059 1272 2120 incedant:
1296 2058 1385 2144 qnod

289 2142 375 2205 forte
396 2141 521 2203 melius:
554 2138 710 2236 pluraque
726 2148 799 2200 sunt
818 2139 993 2220 prophetae
1022 2139 1100 2220 loce,
1123 2143 1236 2224 quibus
1256 2144 1384 2205 crassius

291 2224 473 2308 intellectis,
496 2221 530 2283 hi
549 2243 638 2284 suum
657 2224 744 2284 illum
759 2243 913 2303 errorem,
937 2231 972 2282 ut
993 2223 1033 2284 als
1053 2227 1211 2287 Anastasio
1236 2223 1385 2304 traditur,

289 2309 457 2373 hauserint.
499 2314 571 2389 post
590 2303 824 2368 ἕνθουσιαστῶν
845 2304 931 2368 addit
960 2305 1054 2368 Cede.
1076 2309 1134 2368 τοῦ
1157 2305 1213 2369 κατ’
1235 2309 1387 2389 Βωγσμτὶ-

289 2396 370 2456 λων·
401 2392 456 2478 qni
483 2403 515 2453 et
533 2390 684 2473 Bogomili
705 2390 781 2453 dicti
806 2403 892 2467 tants·
910 2391 1007 2476 tquod
1030 2392 1114 2455 torte
1135 2413 1246 2457 eorum
1269 2413 1385 2455 nomen

288 2485 365 2541 tnnc
388 2476 543 2561 vulgatius
565 2482 651 2536 essct.

372 2574 441 2658 100,
471 2573 501 2638 7.
550 2578 616 2649 τοῖς
648 2568 702 2634 ain'
732 2568 831 2635 odacri
862 2570 1115 2656 φροντιζομένοις
1144 2576 1386 2657 λελωβημένας]

288 2661 436 2745 leprosis,
473 2678 598 2744 qsaornm
628 2679 702 2718 σανα
732 2656 854 2717 Basilia
874 2656 1068 2717 incantatas.
1114 2658 1156 2719 ita
1175 2661 1271 2721 vertit
1293 2660 1385 2740 Trip.

289 2742 460 2827 Gregorius
480 2741 644 2824 theologus
666 2741 769 2801 multis
790 2738 1013 2821 reemendari,
1037 2762 1132 2823 quam
1159 2742 1285 2803 Basilius
1308 2764 1387 2825 erga

290 2827 322 2888 id
342 2826 502 2889 hominum
524 2846 618 2907 genus
640 2822 672 2884 in
689 2844 745 2884 suo
779 2823 832 2885 illo
862 2822 1044 2885 nosocomio
1078 2824 1312 2907 humanitatem,
1345 2847 1386 2887 ac

290 2910 482 2994 diligentiam
505 2908 648 2970 habebat.
671 2928 675 2935 ·
697 2907 782 2968 haud
807 2918 910 2969 tamen
937 2914 1046 2990 putem
1067 2908 1101 2969 iis
1125 2910 1274 2971 duntaxat
1294 2908 1389 2969 addi·

288 3002 374 3056 ctum
394 2993 507 3073 locam,
531 3000 562 3054 et
582 2990 683 3051 Basilii
714 3012 862 3073 operam;
893 3011 1015 3073 voxque
1035 2990 1249 3074 λελωβημένος
1272 2993 1386 3053 vitium

288 3099 383 3141 omne
403 3076 548 3161 corporis
569 3083 673 3138 sonat:
694 3096 752 3135 nee
764 3073 936 3157 Gregorius
953 3076 1068 3152 ulcera,
1089 3078 1282 3161 morbosque
1303 3078 1385 3139 alios

289 3170 382 3245 tacet,
407 3161 519 3247 quibus
540 3160 666 3221 Basilius
685 3157 823 3220 studium
843 3158 1054 3240 impendebat.

372 3276 442 3360 101,
466 3278 515 3343 tt.
556 3276 631 3358 napi
653 3267 879 3357 Ἀθακὰριχον]
901 3273 993 3336 Barh.
1014 3272 1107 3357 Peyr.
1130 3281 1188 3337 ete.

373 3385 444 3464 109,
469 3386 500 3452 3.
540 3381 608 3448 ira.

372 3502 495 3602 10349.
536 3504 641 3587 placet
662 3502 754 3586 Peyr.
778 3500 851 3586 cod,
873 3500 1102 3583 interpunctio,
1123 3496 1216 3579 γνους
1236 3499 1269 3561 Γ
1266 3522 1388 3579 ρατιο-

288 3584 343 3663 νὸς
367 3584 386 3650 o‘
397 3591 591 3668 Αυγουστος,
612 3586 646 3648 ἐν
666 3585 704 3669 τῇ
717 3583 883 3666 Παννονίρ
897 3580 1126 3665 κατερχόμενος
1140 3576 1183 3656 ὥς
1203 3580 1283 3665 αρὸς
1302 3581 1386 3667 βοή.

287 3673 389 3736 datar.
430 3672 482 3732 nti
498 3672 622 3731 rescivit
634 3670 801 3730 Gratianus
822 3667 980 3750 Augentum,
1002 3680 1144 3752 tanqamm
1163 3670 1312 3751 suppetias
1333 3670 1386 3730 Ια.

287 3770 371 3819 turus
392 3758 426 3817 t'n
445 3756 638 3815 Pannoniam
657 3755 792 3827 vernens,
807 3758 868 3813 etc.
894 3750 985 3813 Cedr.
1001 3752 1176 3813 ambustum
1196 3772 1267 3812 cam
1288 3754 1384 3812 sociis

287 3839 451 3902 Valentem
472 3840 515 3899 ait
536 3837 566 3898 in
588 3859 626 3899 eo
642 3834 812 3919 tuguriolo,
833 3832 943 3912 tyana
963 3833 1027 3896 ταῖν
1045 3833 1287 3915 κεκρυμμένων·
1309 3856 1384 3897 cum

288 3921 416 4002 Scythae
436 3923 533 4003 ignem
546 3924 756 3982 committentes
775 3921 926 3995 nescirent,
942 3918 1214 4001 quintianensis.
1245 3925 1277 3980 et
1299 3940 1382 3980 vero
1503 3928 1504 3937 ’

287 4006 385 4071 simile
413 4006 475 4069 alio
502 4007 612 4067 mortis
646 4024 759 4087 genere
779 4000 1020 4083 extinguendas,
1042 4002 1104 4065 sive
1122 4002 1213 4064 etiarn
1237 4002 1382 4085 captivos

288 4088 498 4167 abducendos,
521 4098 558 4151 ut
580 4087 694 4151 detecti
716 4085 756 4147 ab
780 4085 821 4147 eis
840 4086 975 4146 fuissent.

372 4191 442 4275 104,
464 4194 511 4257 13.
534 4204 606 4279 post
625 4189 805 4272 inconcinna,
827 4194 932 4278 suppia
955 4214 989 4255 ex
1010 4192 1081 4257 Vat.
1106 4192 1120 4255 l
1143 4192 1209 4257 Pal.
1230 4192 1324 4277 Peyr.
1346 4192 1383 4255 ἐν
1502 4196 1503 4207 ’
