3050 4900
269 280 342 353 560
645 284 688 385 ss
718 284 1000 351 asnarnensn

266 455 414 519 memoria
435 452 543 535 dignas
554 453 748 599 pgaiamhas
762 454 921 515 Tarasiuss
943 465 975 513 et
995 450 1197 535 Nicephorum
1221 469 1288 515 usos
1295 451 1365 533 sa-

269 561 320 600 ma
340 552 393 613 est,
410 538 502 623 prosit
530 558 553 600 a
600 537 613 597 i
640 541 705 598 sam
733 539 1007 613 manijestmsinsus.
1056 550 1088 597 et
1106 537 1180 595 haec
1199 550 1266 597 nost
1283 558 1366 621 quae

269 626 447 684 narratione
464 633 564 682 nostra
585 622 767 681 illustranda
789 622 992 700 aggredimur.
1035 618 1245 679 Constantinus
1264 623 1366 701 irnpe-

269 720 355 767 rutor
374 706 475 767 irenes
497 703 648 765 Christum
671 706 800 765 amaretis
821 706 1020 787 imperatricis
1028 702 1132 783 filius,
1154 705 1238 763 vitae
1258 707 1367 763 coniu-

270 792 371 872 giique
392 800 529 851 comorte
547 788 688 871 expulsa,
720 802 749 849 et
769 787 869 847 invita
889 788 1107 869 mhatanteque
1125 788 1159 847 in
1180 790 1367 847 monasterio

270 873 416 947 detonsa,
435 890 564 933 imorem
594 872 691 931 aliam
712 872 777 931 eius
802 871 867 930 loca
900 870 1106 930 substituerat.
1156 890 1194 929 ac
1222 869 1370 931 Tarasius

270 954 393 1039 quidem
412 968 530 1015 sanctus
556 954 624 1029 vir,
647 956 771 1014 henim
798 968 866 1013 naec
885 953 1029 1016 ecclesiae
1052 953 1369 1035 Constantinopolita-

271 1060 329 1099 nae
348 1039 467 1098 clauum
498 1036 641 1119 regebat,
659 1037 716 1098 tali
728 1034 870 1119 facinori
895 1056 1041 1119 nusquam
1061 1037 1242 1119 praebuerat
1258 1056 1365 1097 assess-

272 1142 358 1193 sum;
376 1121 531 1203 presbyter
549 1134 667 1181 tantum
689 1118 760 1201 fuit
779 1121 845 1181 eius
870 1121 1012 1181 ecclcsiae
1029 1121 1149 1179 nomine
1170 1121 1289 1203 Ioseph,
1310 1120 1370 1198 qui

271 1204 434 1265 sceleratas
453 1202 624 1265 huiusmodi
642 1206 766 1287 nesptias
793 1205 999 1264 contrahentes
1017 1203 1245 1263 comrssbialibus
1263 1204 1369 1263 corol-

275 1288 315 1349 lis
337 1306 428 1348 asum
436 1290 552 1364 Jiserat
569 1287 723 1347 redimire.
764 1288 940 1366 recognita
968 1305 1092 1366 magnus
1118 1286 1287 1347 Theadanss
1305 1288 1369 1345 ins.

272 1384 442 1453 perosorum
473 1371 618 1431 ecclesiae
644 1369 772 1431 divortia
795 1370 975 1445 damnamt,
1002 1384 1032 1429 et
1049 1371 1150 1429 vinens
1158 1372 1288 1447 feruore
1308 1368 1369 1429 illo

274 1454 398 1515 caelesti
418 1468 527 1515 motum
552 1455 722 1537 principem
753 1454 918 1533 illegitimis
941 1453 1143 1531 facinoribus
1163 1473 1267 1513 sacras
1285 1454 1371 1531 leges

275 1538 442 1599 laedentem
472 1540 622 1619 corripere
649 1558 839 1621 aggressum,
858 1537 960 1619 plures
978 1538 1037 1597 olii
1057 1538 1121 1595 eius
1139 1536 1265 1596 consilia
1286 1536 1372 1595 sela·

276 1642 336 1706 que
355 1620 440 1681 ducti
457 1623 571 1703 sequuti
588 1632 665 1681 sunt.
719 1618 894 1682 Theodorus
919 1622 982 1702 ipse
1011 1620 1155 1679 ecclesiae
1174 1609 1313 1701 ingressu,
1337 1631 1373 1680 et

274 1706 468 1787 patriarchae
502 1722 660 1783 congressu
686 1718 780 1764 semet
807 1704 968 1764 continuit.-
996 1702 1082 1786 quad
1099 1706 1241 1785 quamuis
1260 1704 1371 1779 nesam-

276 1786 352 1848 dum
372 1787 540 1866 coniugium
567 1786 651 1847 hassd
674 1788 775 1850 verbis
801 1786 966 1870 probasset
993 1786 1186 1869 patriarcha,
1214 1786 1371 1846 severiore

276 1882 375 1930 tamen
398 1890 503 1953 poena
525 1890 585 1929 non
602 1872 839 1953 perstrinxerat,
867 1888 921 1929 nec
950 1870 983 1929 in
1010 1888 1079 1928 eum
1105 1872 1158 1953 qui
1187 1884 1249 1929 tans
1272 1887 1371 1930 croso

275 1952 383 2013 sceleri
399 1954 595 2034 praestiterat
612 1972 712 2037 opens,
734 1952 834 2013 laesae
855 1952 1018 2013 maiestatis
1038 1952 1159 2013 divinae
1173 1971 1290 2037 poenas
1308 1972 1372 2013 ex·

278 2049 424 2095 creuerat.
476 2036 521 2095 his
552 2037 698 2112 accessit,
726 2036 809 2120 quod
828 2034 950 2096 caelesti
969 2036 1094 2095 consilio
1114 2050 1144 2097 et
1158 2037 1303 2119 permissu
1323 2036 1373 2093 ir-

278 2131 387 2197 rogata
402 2116 595 2179 Constantino
608 2120 761 2181 oculanon
782 2118 902 2191 mulcta,
920 2131 951 2178 et
966 2120 1091 2203 imperii
1103 2132 1250 2202 potestate
1269 2117 1373 2178 eidem

279 2201 394 2279 ablata,
415 2214 446 2262 et
466 2200 554 2263 Irene
571 2203 633 2263 es’sss
652 2216 752 2263 matre
771 2203 847 2263 solia
867 2202 1074 2287 dignitateque
1093 2204 1194 2286 pulsa,
1215 2202 1377 2283 Nicepho-

279 2304 342 2362 rus,
363 2286 419 2368 qui
435 2304 478 2347 ee
500 2284 617 2346 insidiis
634 2306 706 2350 eam
727 2288 935 2348 exauctoravit
960 2287 1083 2368 imperii
1101 2287 1267 2369 sceptrique
1285 2304 1377 2344 cans·

276 2388 345 2452 pos,
358 2382 480 2454 praeter
500 2370 568 2430 alia
588 2390 666 2454 quae
686 2368 810 2431 Mamers
831 2382 877 2429 est
886 2370 1019 2447 nefanda
1038 2368 1162 2445 scelera,
1181 2369 1287 2452 Ioseph
1305 2386 1379 2427 rne-

281 2467 436 2516 moratum
459 2457 590 2538 superius
605 2453 814 2538 presbyterum
834 2454 1018 2536 depositione
1036 2453 1216 2514 damnatum
1232 2448 1283 2512 ad
1295 2453 1381 2534 pri-

281 2543 375 2598 stinos
392 2539 516 2597 honores
547 2538 580 2598 in
605 2539 731 2598 ecclesia
758 2537 961 2598 metandum
983 2537 1133 2599 studuerit.
1186 2536 1378 2619 Nicophanes

282 2622 363 2681 alter
382 2623 545 2681 sanctitate
570 2621 746 2704 conspicua
773 2620 905 2700 defimcts'
929 2621 1050 2680 Tarasii
1079 2620 1144 2682 laco
1157 2619 1295 2700 suffectus
1312 2622 1380 2678 im-

278 2703 437 2788 peratoris
458 2703 622 2786 Nicephors'
640 2705 774 2765 canalia
793 2699 1018 2780 obsecundavit,
1040 2717 1070 2762 et
1091 2707 1125 2764 in
1144 2703 1287 2764 eeclesiae
1305 2701 1380 2762 eol·

286 2787 396 2866 legium
415 2787 523 2870 Ioseph
539 2789 627 2869 prius
647 2788 801 2848 rescissum
815 2786 954 2846 admisit.-
975 2807 1017 2848 esc
1035 2805 1096 2866 quo
1116 2807 1234 2848 russeum
1247 2803 1379 2865 magnus

287 2867 458 2929 Theodorus
478 2871 590 2930 eiusce
610 2873 817 2932 communione
842 2871 1019 2952 segregavit.
1067 2872 1094 2930 is
1112 2873 1191 2930 enim
1209 2891 1279 2929 uere
1298 2890 1378 2929 san-

284 2965 346 3012 ctus
368 2949 539 3013 Theodoreus
565 2973 598 3012 re
620 2953 723 3014 udium
743 2973 866 3036 prorsus
893 2954 1084 3034 illegitimum
1103 2955 1171 3014 sani
1188 2953 1380 3036 abantiquo

281 3036 509 3118 proscripserat,
531 3055 570 3098 ac
588 2975 659 3096 licet
678 3037 885 3098 Constantinus
906 3041 1074 3120 imperator
1087 3037 1253 3122 propositis
1272 3057 1382 3096 mune-

285 3119 366 3180 ribus
387 3117 520 3196 allicere,
541 3131 570 3180 et
587 3121 702 3181 artibus
720 3123 818 3180 oasis's
835 3121 937 3181 uirum
968 3121 1016 3182 acl
1032 3143 1062 3181 se
1082 3121 1258 3202 pertrahere
1277 3137 1378 3179 cona-

285 3215 380 3281 retur,
398 3216 429 3262 et
447 3223 513 3263 arra
526 3205 655 3287 proprio
677 3217 783 3280 marte,
803 3217 866 3265 tum
886 3205 1021 3277 aliarum
1034 3205 1178 3280 subsidio,
1198 3215 1260 3264 tum
1281 3205 1380 3284 ipsius

285 3285 345 3344 sibi
360 3297 481 3366 praeter·
501 3286 597 3368 lcgmn
605 3288 665 3363 sas
685 3290 860 3349 coniunctae
881 3287 1017 3347 mulieris
1032 3291 1133 3371 patris
1154 3287 1306 3369 adgnatos
1307 3282 1381 3369 fle·

286 3381 367 3430 cterc
385 3367 528 3452 martires,
553 3371 666 3448 exiliis,
686 3370 832 3447 csutodia,
850 3370 1051 3454 compedibus,
1069 3371 1172 3454 plagis
1191 3385 1271 3452 tergo
1291 3368 1383 3455 infli-

286 3453 350 3528 ctis,
366 3453 507 3535 probatis
526 3453 620 3514 etiarn
640 3475 781 3534 generum
811 3455 943 3516 alimum
964 3457 1125 3531 tormenta,
1145 3456 1245 3514 vuum
1265 3463 1381 3516 cuncte

283 3537 439 3624 patienter
444 3535 599 3615 ficentcm
620 3537 659 3596 de
681 3538 788 3598 diuino
808 3539 871 3599 zelo
884 3540 1044 3623 quicquam
1063 3540 1223 3615 remittere,
1243 3537 1382 3600 mellate-

287 3639 342 3678 nus
361 3619 471 3699 adegit,
494 3631 552 3679 aut
572 3620 744 3681 imtantium
772 3623 977 3683 necessitatum
1007 3623 1043 3682 vi
1061 3623 1236 3704 irfferiorem
1254 3641 1287 3681 se
1306 3616 1381 3681 red·

288 3703 370 3766 dere.
413 3703 481 3762 vebo
500 3704 609 3784 qssippe
630 3711 717 3764 tanta
728 3703 934 3766 sanctitudine
950 3707 1134 3790 praestanti,
1155 3707 1221 3766 leve
1240 3703 1293 3765 uel
1312 3724 1385 3764 ma-

288 3783 388 3846 dicusrs
407 3783 598 3846 Constantini
617 3785 760 3847 delictum
781 3809 841 3849 non
860 3789 1036 3873 apparebat.
1084 3791 1124 3850 ab
1144 3790 1209 3873 ipso
1229 3784 1383 3872 mquidem

289 3870 473 3951 imperatore
494 3867 600 3930 ducens
618 3871 775 3950 originem,
795 3869 843 3932 ad
859 3873 1045 3958 irfinitensns
1065 3876 1238 3936 animarum
1259 3873 1383 3932 asinam

289 3951 352 4010 iam
358 3955 485 4029 fecerat
498 3973 696 4036 progressum.
748 3957 900 4016 homiuum
928 3979 1056 4041 namque
1080 3958 1220 4040 plurimi,
1242 3957 1386 4016 maxime

290 4035 445 4118 uoluptati
461 4036 622 4098 sectandae
638 4038 830 4116 faciliores,
861 4043 1021 4102 occasione
1038 4056 1170 4125 arrepta,
1189 4054 1218 4101 et
1240 4037 1384 4121 cnensplo

288 4115 374 4198 clato,
394 4123 540 4200 nefastssrrs
565 4124 758 4206 imperatores
764 4125 892 4202 sescusm
904 4121 961 4206 sas
990 4128 1054 4186 rati
1071 4119 1269 4209 adimplendo
1290 4141 1387 4183 vene·
