3050 4900
278 289 347 359 108
426 295 635 360 anastasii
665 293 860 370 aratoria
893 293 1200 360 fflleTlCd

274 469 519 550 foederatorum,
541 483 573 536 et
587 474 695 536 loanni
716 473 904 558 logothetae,
927 471 1031 536 dicens
1044 473 1117 557 qnia
1130 469 1226 532 bodie
1240 474 1359 552 vesperi

274 555 414 618 volumus
439 557 662 639 imperatorem
681 559 819 640 aggredi.
861 559 893 620 ui
916 577 987 618 eum
1009 557 1071 619 boc
1092 555 1282 617 nuntiassent
1303 555 1360 616 im.

272 641 424 722 paraturi,
443 641 544 702 tenuit
564 661 626 718 eos,
648 650 681 702 et
701 641 818 704 invenit
837 579 905 702 iilos
925 643 1059 703 ferentes
1073 637 1277 710 ¹absconditos
1295 639 1358 720 glu.

273 723 354 785 dios.
396 732 429 785 et
447 723 610 786 Marcellus
631 725 757 808 quidem
779 725 899 806 argenti
930 721 1085 800 venditor,
1106 743 1162 805 spe
1184 723 1359 798 frustratus,

272 813 305 866 et
324 816 466 889 exempto
501 808 604 890 gladio
634 830 725 891 quem
746 809 914 891 portabat,
949 805 1034 870 dedit
1064 806 1122 867 sibi
1142 815 1207 868 tres
1227 805 1306 867 ictus
1325 807 1360 866 iu

272 889 410 952 triclinio
433 889 686 974 comprehensus,
708 900 739 953 et
759 889 906 958 moritur.
949 891 1074 974 Sergius
1097 898 1200 952 autem
1219 889 1300 972 iirgit
1319 888 1360 950 ad

272 971 468 1050 mactemus,
490 993 555 1058 quo
570 974 683 1037 educto
698 975 737 1036 ab
751 974 888 1053 eeclesia,
900 982 932 1036 et
945 975 1159 1054 interrogato,
1179 993 1359 1054 persuasum

272 1063 317 1116 cst
339 1057 368 1118 ei
392 1057 535 1120 confiteri
557 1057 643 1140 quod
663 1067 694 1120 et
708 1059 819 1121 isacius
839 1058 959 1141 argenti
983 1057 1129 1120 venditor
1148 1054 1360 1118 etBalisarius

271 1139 503 1222 gloriosissimus
513 1141 662 1222 patricius
673 1140 812 1204 conscius
819 1137 995 1203 huiusmodi
1008 1141 1104 1202 fuerit
1110 1136 1358 1212 machinamenti,

271 1231 304 1283 et
315 1222 422 1286 Victus
441 1224 645 1306 pecuniarum
665 1226 813 1288 venditor
832 1224 985 1286 etPaulus
1000 1232 1132 1286 curator
1151 1222 1289 1284 eiusdem
1300 1223 1359 1282 be·

272 1301 365 1366 liaarii
384 1306 545 1370 consilium
563 1307 701 1370 scierint.
720 1309 775 1392 qui
788 1308 1004 1389 comprehensi
1024 1315 1056 1368 et
1071 1306 1181 1368 traditi
1197 1305 1357 1386 Procopio

271 1391 433 1470 praebeto
460 1391 701 1469 confessisunt,
726 1400 757 1454 et
788 1389 933 1453 dixerunt
963 1391 1005 1452 de
1023 1389 1188 1466 Belisario,
1210 1389 1264 1470 qui
1286 1409 1357 1449 mox

272 1475 370 1534 tuctus
392 1483 437 1537 est
460 1473 655 1558 imperatoris
677 1475 734 1536 sub
757 1475 814 1535 ira.
855 1473 946 1536 multi
969 1495 1045 1534 vero
1063 1483 1096 1536 et
1116 1475 1187 1556 iuga
1208 1472 1254 1532 usi
1271 1482 1377 1534 sunta

271 1555 391 1620 interea
420 1559 528 1640 quinta
556 1557 607 1620 die
630 1559 740 1620 mensis
766 1557 945 1620 Decembrii
975 1556 1050 1618 iecit
1070 1557 1245 1640 imperator
1263 1555 1358 1616 silens

172 1641 365 1718 persuum,
387 1640 542 1703 adducens
562 1649 595 1704 et
616 1639 826 1724 patriarcham
845 1639 1044 1724 Eutycbium,
1065 1648 1098 1702 et
1118 1641 1225 1701 iubens
1243 1659 1356 1700 eorum

270 1721 397 1786 recitari
419 1723 635 1786 confessiones.
675 1743 739 1807 quo
762 1723 1044 1786 auditoBelisarins
1065 1722 1182 1805 ingenti
1205 1730 1252 1784 est
1273 1743 1357 1782 mae·

269 1815 346 1868 rore
366 1816 520 1889 gravatim,
538 1815 571 1870 et
584 1807 711 1872 mittens
723 1810 897 1892 imperator
910 1805 1150 1890 comprehendit
1171 1823 1276 1867 omnes
1297 1805 1357 1866 lao.

268 1889 470 1967 miseratus,
499 1900 533 1953 et
554 1889 655 1974 ipsum
677 1891 762 1954 domi
790 1891 899 1954 sedere
921 1891 1083 1973 praecepit
1105 1887 1355 1950 custodiendum.

267 1971 388 2034 interea
416 1994 520 2036 meuse
535 1975 742 2054 Decembris,
762 1975 906 2037 vicesima
926 1973 992 2052 die,
1015 1975 1096 2036 facta
1115 1981 1191 2034 sunt
1209 1971 1358 2034 encaenia

267 2055 538 2141 Constantinopoli
571 2079 699 2142 magnae
731 2058 879 2120 ecciesiae
905 2056 1053 2120 secundo.
1107 2073 1208 2138 porro
1237 2053 1357 2137 vigiliae

268 2137 440 2200 eorundem
469 2141 691 2204 encaeniorum
722 2142 823 2203 factae
850 2150 923 2202 sunt
949 2139 1032 2223 apud
1062 2142 1095 2202 S.
1119 2139 1301 2214 Platonem,
1322 2147 1357 2223 et

267 2221 362 2282 exivit
381 2222 454 2286 inde
485 2225 662 2307 patriarcha
683 2224 997 2307 constantinopoleos
1026 2220 1198 2306 Eutycbius,
1218 2243 1289 2282 cum
1309 2219 1356 2282 le·

267 2304 353 2367 tauia
373 2315 536 2388 praesente
549 2306 749 2391 imperatore,
766 2307 879 2389 'sedens
900 2309 931 2369 in
946 2307 1057 2370 eodem
1070 2304 1213 2368 vehiculo
1227 2314 1260 2366 et
1277 2324 1356 2384 por·

266 2395 334 2451 taus
368 2391 574 2473 apostolicum
605 2392 743 2456 habitum
773 2403 806 2455 et
838 2401 946 2455 teneus
984 2397 1125 2454 sanctum
1152 2388 1355 2471 evangelium,

265 2473 384 2535 cunctis
419 2474 617 2557 psallentibus
645 2477 776 2539 “tollite
796 2480 935 2559 portas.''
987 2474 1098 2536 eodem
1120 2494 1223 2535 mense
1245 2478 1356 2553 captae

264 2564 339 2619 suut
360 2556 511 2641 quaedam
530 2570 635 2642 partes
657 2561 780 2622 Africae
801 2582 819 2621 a
840 2558 1022 2621 Mauritania
1047 2554 1276 2641 insurgentibus
1297 2552 1355 2615 ad.

265 2660 370 2702 versus
389 2641 526 2703 Africam
549 2644 600 2703 ita.
655 2644 798 2705 Cutuiues
820 2643 947 2703 uomiue
972 2638 1099 2723 quidam
1121 2662 1156 2703 ex
1178 2640 1243 2721 ipsa
1263 2646 1356 2720 gente

267 2722 415 2785 exarchus
442 2724 694 2787 Mauritanorum
721 2725 860 2787 habebat
895 2724 1150 2786 cousuetudinem
1182 2720 1355 2805 aecipiendi

267 2828 286 2866 a
306 2805 451 2903 principe
471 2808 605 2885 Africae,
630 2808 683 2891 qui
707 2829 767 2891 per
785 2819 908 2891 tempus
927 2816 1014 2883 erat,
1046 2816 1163 2869 certam
1196 2806 1355 2889 quantitu-

266 2899 331 2950 tem
354 2910 432 2950 uurr.
488 2910 558 2951 cum
587 2900 691 2953 autem
714 2891 844 2955 venisset
871 2899 908 2952 ut
939 2890 1095 2973 acciperet
1116 2888 1201 2965 illud,
1226 2890 1355 2949 loannes

268 2968 413 3055 princeps
425 2972 547 3036 dirime
568 2974 684 3037 occidit
705 2997 788 3037 eum.
819 2995 919 3056 porro
950 2975 1184 3036 insurrexerunt
1213 2973 1267 3033 salii
1292 2974 1354 3033 Cu-

269 3054 368 3117 tzinae
381 3054 570 3121 vindicantes
592 3066 756 3141 paternum
773 3066 949 3140 acceptum,
970 3066 1002 3119 et
1023 3058 1120 3119 erecti
1133 3066 1244 3118 contra
1267 3054 1352 3117 illam

169 3148 421 3227 p.3700eperunt
442 3140 505 3203 eius
527 3150 630 3222 partes
643 3140 758 3223 aliquas
774 3140 1010 3225 depraedantes.
1053 3142 1226 3223 imperator
1247 3138 1353 3221 itaque

267 3222 329 3284 boe
350 3224 454 3304 agnito
476 3222 558 3287 misit
591 3224 622 3285 in
645 3224 791 3286 auxilium
816 3224 937 3285 Africae
959 3226 1151 3285 Marcianum
1170 3222 1353 3304 magistrum

265 3306 411 3384 militum,
433 3318 579 3388 nepotem
598 3330 697 3383 suum,
719 3328 792 3370 cum
815 3308 952 3369 exercitu
973 3306 1012 3367 ad
1031 3304 1240 3389 pacificandos
1261 3308 1352 3366 blau-

266 3412 338 3463 ros3
359 3396 391 3451 et
411 3390 628 3454 confluxerunt
649 3392 688 3453 ad
709 3414 793 3468 eum,
814 3390 919 3474 sicque
946 3412 1025 3473 paee
1046 3390 1148 3472 potita
1169 3398 1214 3451 est
1236 3389 1352 3450 Africa.

265 3474 377 3535 eodem
398 3495 480 3534 auno
501 3474 674 3557 imperator
702 3475 887 3559 quibusdam
908 3475 1101 3535 turbationes
1131 3471 1353 3535 Constantino.

232 3598 240 3617 .
265 3556 332 3639 poli
347 3555 586 3633 concitantibus,
610 3558 737 3641 pollices
754 3558 883 3619 abscidit
896 3580 1007 3619 eorum
1026 3558 1185 3618 dumtaxat
1207 3556 1260 3641 qui
1281 3576 1354 3618 cum

266 3640 372 3722 gladiis
392 3650 618 3723 pugnaverunt.
661 3642 863 3703 nonadecima
884 3662 958 3701 vero
975 3640 1141 3703 dieMartii
1162 3638 1272 3700 mensis
1294 3637 1352 3699 ad.

265 3725 370 3786 missus
392 3734 437 3785 est
457 3724 620 3787 Belisarius
646 3725 797 3805 patricius
827 3724 958 3805 receptis
989 3724 1131 3785 omnibus
1153 3722 1353 3807 dignitatibus

264 3808 336 3873 siris.
378 3806 489 3869 eodem
509 3830 591 3871 anno
614 3819 769 3869 verterunt
790 3808 880 3890 legati
901 3806 1011 3870 Ascclti
1033 3808 1112 3890 regis
1123 3804 1351 3868 Ermeclriono·

265 3912 347 3968 rum,
370 3890 423 3973 qui
447 3892 562 3973 positus
585 3900 629 3953 est
651 3893 733 3954 intra
762 3891 973 3955 barbarorum
997 3900 1120 3976 gentem
1144 3891 1227 3952 iuxta
1248 3891 1352 3951 Ocea-

266 3996 350 4051 ntun,
371 3975 688 4056 Constantinopolim.

128 4098 153 4151 p·
168 4082 216 4121 ³⁷¹
236 4084 254 4121 f·
346 4082 455 4143 Mundi
466 4080 649 4164 annotato,
662 4082 784 4145 divinae
801 4085 1021 4147 incarnationis
1033 4105 1114 4144 aune
1125 4080 1197 4159 556,
1211 4080 1351 4140 lustinia.

361 4166 452 4250 rperii
465 4168 511 4231 sui
522 4166 679 4232 tricesimo
696 4169 828 4252 septimo
850 4190 932 4234 auno
949 4169 1086 4253 perrexit
1098 4162 1367 4231 causa-orationis.
