3050 4900
283 339 357 418 tit
444 355 655 426 tassetan
685 355 878 424 historus
895 353 1204 423 ecclesiastica

148 557 275 634 baffia
364 543 454 602 Anno
477 537 599 623 imperii
621 540 667 604 sui
691 541 737 619 lt,
760 563 861 606 naense
881 541 991 624 Aprili,
1013 540 1062 602 die
1077 535 1107 620 4,
1127 541 1297 603 indictione
1320 540 1372 619 10,

285 627 458 708 imperator
480 625 637 686 Heraclius
670 625 828 688 celebrata
857 625 1042 687 solennitate
1068 625 1212 708 paschali,
1233 646 1305 686 mor
1324 647 1371 688 se-

160 736 164 746 *
284 711 385 772 cunda
406 707 486 769 feria
508 709 628 792 vesperi
650 716 752 770 motus
773 719 818 771 est
838 719 948 771 contra
959 707 1125 771 Persidem.
1167 710 1295 792 sumptis
1314 731 1373 770 au-

283 801 347 856 tem
371 799 480 852 mutuo
502 791 724 854 venerabiiium
746 792 912 855 domorum
942 792 1080 874 pecuniis
1099 793 1211 876 aporia
1230 796 1258 869 *l
1279 813 1373 854 coar-

283 885 386 952 tatus,
417 875 538 957 accepit
566 876 659 938 etiam
680 875 825 938 ecelesiae
843 897 973 960 maguae
985 875 1095 937 multas
1108 876 1249 938 candelas
1270 877 1374 939 feree-

283 962 345 1037 tia,
372 959 514 1021 simulet
542 959 603 1020 'alia
631 979 701 1020 vasa
728 960 963 1021 ministratoria.
1004 959 1116 1045 quibus
1137 957 1278 1021 ocellatis
1301 981 1374 1023 exa.

285 1045 349 1106 rari
371 1043 445 1105 fecit
471 1063 507 1104 ex
526 1039 573 1104 his
606 1063 746 1104 nummos
775 1062 887 1105 aureos
906 1050 939 1105 et
955 1052 1119 1134 argenteos
1138 1042 1300 1127 plurimos,
1322 1042 1374 1122 di.

285 1126 430 1209 misitqae
449 1125 546 1186 tilium
562 1147 650 1188 suum
679 1145 750 1188 eum
771 1127 882 1209 Sergio
908 1125 1088 1208 patriarcba
1113 1127 1145 1188 ia
1166 1127 1247 1188 urbe
1267 1125 1374 1210 dispo·

286 1207 381 1272 nendi
403 1210 525 1292 negotia
547 1230 608 1272 una
634 1231 707 1272 cram
727 1211 852 1271 Bonoso
881 1210 1028 1292 patricio,
1050 1210 1121 1273 viro
1140 1211 1242 1294 sagaci
1263 1217 1296 1270 et
1315 1230 1376 1292 per

287 1299 399 1356 cuncta
420 1292 571 1375 prudenti
594 1301 687 1376 atque
708 1295 824 1376 perito.
872 1294 997 1376 scripsit
1018 1302 1122 1356 autem
1141 1293 1182 1356 ed
1202 1291 1375 1376 choganum

287 1381 425 1440 Avarum
450 1397 558 1460 preces
589 1397 696 1440 curam
724 1376 837 1460 agendi
867 1398 962 1460 super
988 1377 1204 1442 Romanorum
1222 1397 1243 1438 a
1283 1377 1375 1450 otiis,

287 1467 436 1543 tanquam
448 1461 503 1544 qni
525 1481 629 1524 secum
649 1459 820 1522 amicitiam
838 1459 936 1522 fuerit
947 1472 1067 1542 pactas,
1088 1470 1229 1524 tutorem
1248 1461 1306 1522 fiii
1326 1460 1375 1522 sui

286 1541 372 1606 hune
391 1543 555 1626 appellans.
577 1551 679 1606 motus
704 1552 809 1606 autem
828 1567 847 1604 a
863 1544 951 1627 regia
962 1545 1043 1606 urbe
1064 1545 1378 1626 exivitsuperlocum

290 1626 346 1712 qui
360 1626 477 1704 dicitur
490 1629 618 1705 Portae,
640 1627 762 1712 navigio
779 1627 840 1689 iter
852 1647 953 1710 ageos.
974 1627 1059 1690 illine
1081 1648 1159 1691 vero
1179 1648 1240 1711 per
1259 1637 1377 1690 eeteros

290 1709 431 1793 regiones
455 1711 513 1774 sihi
530 1711 681 1773 subiectas
713 1712 873 1792 profectus
905 1710 998 1792 elegit
1018 1711 1179 1789 exercitus,
1200 1719 1234 1772 et
1254 1709 1379 1774 addidit

290 1794 348 1856 illis
373 1815 486 1856 novem
506 1793 655 1856 militiam.
679 1792 735 1855 hos
758 1803 861 1858 autem
889 1814 1033 1857 exercere
1054 1815 1141 1856 orsus
1161 1795 1194 1856 in
1215 1793 1378 1858 hostilibus

291 1877 437 1960 operibus
471 1876 624 1938 erudivit:
658 1873 828 1959 dupliciter
857 1878 938 1938 enim
961 1875 1060 1940 diviso
1088 1877 1225 1941 exercitu
1244 1878 1324 1940 ecies
1346 1884 1379 1938 et

190 1988 218 2046 p.
230 1974 282 2031 467
293 1960 522 2042 congressiones
544 1959 677 2021 invicem
696 1961 761 2022 sine
781 1961 930 2044 sanguiue
945 1961 1012 2022 fieri
1033 1961 1129 2039 iussit,
1148 1960 1379 2057 clamoremque

293 2042 436 2123 bellicum
459 2051 491 2106 et
509 2043 646 2106 carmina
666 2053 697 2107 et
709 2043 841 2106 iubilum
861 2053 893 2105 et
904 2044 1056 2126 impetum
1072 2045 1103 2105 iu
1125 2045 1311 2107 alterutrum
1331 2066 1381 2104 m·

295 2125 441 2210 surgendi
461 2125 576 2190 habere
604 2127 658 2188 hos
689 2127 841 2204 docebat,
861 2137 896 2188 ut
919 2127 951 2188 in
973 2127 1055 2190 bello
1078 2127 1197 2210 reperti
1219 2127 1263 2190 nil
1285 2125 1381 2190 mira·

297 2220 419 2290 rentur,
445 2209 498 2274 sed
526 2210 660 2272 fidenter
689 2222 837 2294 tauquam
867 2209 907 2272 ad
927 2211 1032 2274 iocum
1052 2210 1328 2292 proficiscerentur
1347 2209 1379 2272 iu

295 2293 429 2356 hostem.
471 2293 624 2378 accipiens
655 2316 731 2357 vero
767 2295 942 2376 imperator
961 2295 992 2357 in
1016 2295 1156 2358 manibus
1188 2293 1382 2359 deivirilem

295 2379 437 2462 figuram,
461 2399 554 2463 quam
564 2399 671 2440 menas
688 2397 753 2440 nou
774 2378 993 2463 depinxerunt,
1017 2378 1115 2440 sedin
1139 2377 1230 2441 icona
1249 2377 1384 2442 verbum

286 2462 383 2547 ¹quod
419 2462 521 2523 omnia
547 2463 663 2525 format
693 2473 789 2547 etque
817 2464 977 2545 componit
1002 2462 1068 2525 sine
1090 2462 1214 2547 pictura
1236 2462 1383 2541 formam,

296 2548 383 2609 velut
405 2546 470 2608 sine
492 2546 609 2608 semine
622 2556 759 2631 partum,
781 2545 897 2625 eduxit,
920 2556 953 2607 et
967 2546 998 2607 in
1021 2545 1080 2608 bac
1098 2546 1196 2608 lisusa
1217 2544 1278 2609 deo
1297 2544 1384 2627 pieta

295 2630 395 2713 ligura
416 2628 522 2713 coepit
542 2651 665 2713 agones,
688 2631 861 2691 iuramenta
883 2627 1087 2711 danspopulo
1112 2626 1198 2713 quod
1221 2651 1292 2691 cum
1312 2627 1384 2710 ipsis

296 2713 452 2811 usquead
473 2720 608 2773 mortem
632 2712 715 2774 soret
736 2722 912 2774 certaturus
936 2722 967 2773 et
984 2712 1026 2773 eis
1049 2724 1197 2796 tauquam
1214 2711 1282 2773 liliis
1303 2732 1385 2795 pro.

295 2798 374 2879 prris
394 2794 598 2857 adhaesurus:
618 2793 745 2857 volebat
768 2796 849 2857 enim
858 2801 1044 2877 potestatem
1063 2817 1127 2857 nou
1146 2796 1262 2857 timore
1282 2816 1385 2879 quau-

296 2890 364 2940 tam
383 2899 490 2939 amore
510 2877 679 2960 possidere.
722 2899 857 2961 cumque
878 2877 1040 2941 invenisset
1060 2880 1230 2942 exercitum
1253 2878 1284 2939 in
1305 2878 1385 2938 desi·

297 2961 348 3023 dia
367 2964 466 3023 multa
485 2968 517 3022 et
537 2960 722 3040 formidine,
752 2959 966 3046 inquietudine
996 2984 1033 3023 ac
1054 2960 1209 3025 dedecore
1231 2963 1385 3022 constitu.

296 3055 374 3122 tam,
396 3052 428 3107 et
446 3064 507 3126 per
528 3045 638 3108 multas
669 3052 774 3108 terrae
793 3054 898 3129 partes
921 3045 1167 3127 disseminatum,
1193 3053 1332 3108 actutum
1353 3043 1385 3103 in

296 3150 395 3189 unum
415 3126 549 3211 collegit.
591 3136 623 3189 et
645 3150 752 3190 omnes
786 3128 851 3189 uasi
872 3150 907 3190 cx
928 3150 990 3190 una
1013 3131 1213 3193 consonantia
1237 3126 1388 3189 laudave-

298 3218 374 3275 runt
398 3212 563 3295 imperium
593 3221 625 3274 et
650 3152 869 3275 fortitudinem
894 3212 1054 3296 principis.
1095 3213 1161 3295 ipse
1182 3233 1258 3275 vero
1280 3210 1384 3272 verbis

297 3296 355 3358 hos
388 3295 600 3357 corroborans
632 3294 822 3378 perhibebat
850 3295 994 3375 “videtc,
1024 3298 1136 3359 fratres
1167 3305 1199 3360 et
1216 3296 1282 3373 lilii,
1305 3302 1387 3377 quot

228 3439 233 3459 τ
297 3378 417 3441 inimici
437 3378 487 3441 dei
507 3378 759 3442 conculcaverint
773 3378 932 3462 regionem
945 3389 1094 3459 nostram,
1117 3388 1149 3442 et
1169 3381 1261 3441 urbes
1283 3387 1388 3439 exter·

296 3462 496 3539 minaverint‚
518 3472 549 3523 et
565 3463 675 3524 altaria
696 3462 991 3542 concremaverint,
1014 3474 1045 3525 et
1067 3484 1184 3525 memus
1207 3464 1388 3524 incruento-

300 3568 372 3609 rum
394 3546 620 3609 sacrificiorum
638 3544 836 3629 sanguinibus
861 3544 1104 3608 homicidiorum
1123 3546 1333 3645 repleverint,
1356 3552 1389 3605 et

200 3631 451 3711 pllidecclesias,
475 3650 553 3712 quae
576 3627 692 3712 flagitia
720 3648 783 3689 non
815 3626 992 3708 admittunt,
1026 3630 1263 3715 flagitiosissimis
1285 3626 1389 3709 reple-

301 3717 406 3779 verint
424 3712 664 3795 voluptatibua’'
713 3712 819 3797 itaque
847 3733 961 3775 cuneos
988 3734 1092 3775 rursus
1112 3714 1153 3775 ad
1170 3715 1314 3775 bellicum
1333 3732 1389 3772 ex-

303 3798 448 3861 ercitium
469 3804 578 3873 armat,
600 3794 721 3879 agmina
743 3796 807 3857 duo
829 3806 950 3858 armata
971 3796 1132 3877 ordinans,
1152 3798 1241 3859 tubes
1261 3814 1389 3879 quoque

302 3902 340 3943 ac
361 3882 534 3963 clipeorum
554 3878 719 3961 phalanges
738 3876 878 3941 efficiens.
900 3891 931 3941 et
955 3881 1089 3963 populus
1111 3880 1242 3943 thorace
1258 3880 1389 3941 indutus

303 3966 431 4031 astabat.
464 3985 534 4023 nem
562 3982 634 4025 cum
663 3962 741 4025 acies
768 3964 888 4025 cautius
915 3965 1109 4042 statuissent,
1140 3964 1389 4048 congressionem

339 4144 486 4219 ¹)aporiu]
511 4143 573 4197 vlde
598 4145 753 4216 Spelmanni
780 4147 937 4217 glossarium
963 4148 992 4201 ln
1010 4150 1141 4221 aporiare
1166 4156 1195 4201 et
1211 4145 1335 4199 vossium
1353 4140 1389 4194 de

375 4216 448 4269 vitiis
466 4216 604 4271 sermonis.
638 4217 716 4271 Fna.
