3050 4900
304 351 376 420 122
448 357 659 422 aultsrasu
689 357 885 432 flls'rotsta
913 355 1221 424 recurssasucs

300 523 497 610 qualiterque
514 525 757 610 Martyropolim
782 548 800 590 c
842 527 920 600 erit;
941 524 1017 610 quin
1040 536 1073 588 et
1091 535 1221 609 paterna
1240 523 1388 588 beneficia

300 609 466 670 enarravit.
490 611 621 692 rogabat
640 619 744 672 autem
758 620 791 672 et
802 547 969 672 &hesrom
991 631 1009 670 a
1031 631 1130 694 reguo
1145 610 1260 692 deponi
1272 617 1308 669 ut
1328 609 1388 669 litis

299 691 433 752 amicum
446 701 479 754 et
496 693 692 753 ambitiosum
704 702 737 754 et
747 694 901 776 sauguinis
923 703 1095 754 amatorem
1106 693 1339 775 superbumque
1350 711 1388 752 ac

298 773 483 854 iniuriosum
498 784 530 839 et
542 777 665 858 praeliis
681 776 863 838 inhiantem:
882 797 944 838 esse
955 786 1060 838 autem
1072 777 1131 838 sibi
1145 779 1278 838 alterum
1291 775 1388 836 filium

297 857 494 938 perhibebat,
515 881 609 943 quem
623 861 654 920 in
677 881 782 944 regem
797 860 932 942 provebi
951 859 1118 942 flagitabat.
1137 859 1291 922 Bindohes
1311 878 1387 920 sero

299 941 338 1003 ad
350 941 546 1005 Hormisdanr
559 943 779 1026 respondebat,
793 953 825 1005 et
845 943 937 1006 buius
952 963 1086 1008 excessus
1100 944 1132 1004 in
1151 943 1288 1004 medium
1308 962 1388 1022 pro-

298 1044 416 1105 ponens
428 1047 533 1088 omnes
551 1029 649 1091 erexit
662 1037 773 1090 contra
793 1027 1000 1089 Hormisdam.
1022 1036 1054 1090 et
1075 1026 1193 1089 ducunt
1206 1027 1238 1087 in
1251 1025 1389 1088 medium

299 1128 426 1170 uxorem
440 1110 503 1172 eius
516 1119 548 1172 et
561 1111 667 1188 salium,
686 1119 718 1172 et
735 1131 840 1172 serrae
849 1112 986 1172 sectione
999 1111 1056 1173 hos
1069 1112 1175 1194 partiti
1191 1118 1263 1170 suut
1280 1129 1389 1170 coram

297 1189 481 1256 llormisdae
496 1194 619 1272 visibus,
645 1193 908 1278 Hormisdamque
928 1194 1024 1256 oculis
1045 1196 1204 1278 privantes
1225 1194 1257 1254 in
1280 1211 1390 1254 carce·

298 1293 365 1336 rem
388 1287 572 1358 posueruut.
616 1288 647 1341 et
669 1278 824 1340 Chosroes
845 1277 972 1361 quidem
993 1277 1172 1361 aliquandiu
1189 1287 1314 1358 patrem
1332 1275 1391 1337 be·

299 1358 390 1442 aigne
412 1362 577 1439 tractabat,
598 1362 628 1422 in
652 1362 796 1424 custodia
817 1359 861 1421 illi
883 1381 1006 1422 omnem
1025 1362 1166 1423 tribuens
1187 1381 1297 1423 escam.
1339 1368 1388 1420 ast

297 1441 476 1504 Hormisdas
510 1443 592 1505 hunc
624 1445 745 1508 iniuriis
771 1443 932 1506 ediverso
954 1444 1129 1522 lacerabat,
1150 1445 1333 1506 conculcans
1354 1461 1391 1505 ca

299 1545 378 1623 quae
400 1528 632 1589 mittebantura
648 1549 731 1612 roge.
774 1527 857 1589 unde
869 1527 1022 1591 Chosroes
1035 1528 1132 1590 iratus
1153 1527 1285 1588 fustibus
1306 1525 1389 1587 huuc

300 1608 487 1672 silvestribus
520 1611 606 1674 iussit
633 1633 693 1693 per
720 1609 772 1674 ilia
807 1631 931 1673 caesum
959 1612 1058 1675 obire.
1110 1607 1197 1695 quod
1218 1611 1391 1672 factumst

204 1709 232 1768 p.
239 1689 291 1749 409
299 1693 407 1755 Persas
429 1693 530 1757 tristes
552 1693 688 1756 reddidit
705 1704 737 1758 et
751 1703 862 1756 contra
872 1694 1032 1758 Chosroeu
1048 1693 1155 1756 odium
1171 1695 1267 1756 auxit.
1289 1692 1389 1753 Chos-

299 1799 369 1838 roes
391 1797 468 1840 vero
503 1778 698 1862 congregatis
721 1779 889 1840 virtutibus
916 1799 1086 1862 regnorum
1120 1799 1257 1860 egressus
1278 1783 1390 1837 contra

297 1860 409 1921 Buram
433 1861 576 1944 pervenit
596 1863 626 1922 in
648 1872 793 1944 campum
805 1862 890 1924 Zaba
911 1863 1055 1940 fluminis,
1072 1862 1127 1944 uhi
1140 1863 1253 1923 Baram
1275 1859 1390 1920 vallum

298 1943 442 2006 babebat.
483 1946 653 2028 auspicatus
678 1955 783 2008 autem
803 1945 957 2008 Chosroes
986 1943 1074 2030 quod
1092 1945 1190 2028 aliqui
1210 1944 1390 2026 principum

298 2024 475 2088 adiacerent
494 2029 619 2107 Buram,
639 2028 695 2092 lsos
716 2029 841 2091 occidit
895 2051 966 2090 cum
987 2051 1065 2091 vero
1086 2027 1220 2174 populus
1243 2027 1391 2088 turbare-

297 2119 364 2186 tur,
387 2111 490 2192 fugam
514 2111 584 2172 iniit
605 2113 757 2176 Chosroes
786 2134 858 2175 cam
878 2113 985 2194 paucis
1012 2112 1125 2197 quihus
1148 2133 1208 2189 am,
1230 2121 1262 2174 et
1283 2130 1390 2172 omues

298 2193 353 2338 gui
385 2203 475 2254 erant
507 2216 577 2257 curn
601 2196 742 2259 Chosroe
776 2195 816 2258 ad
848 2197 960 2258 Buram
989 2204 1194 2258 accesserunt.
1249 2201 1284 2255 at
1311 2213 1389 2254 vero

325 2278 451 2339 hosroes
470 2277 644 2342 haesitabat
688 2278 815 2342 uiduam
838 2301 930 2362 agere
951 2277 1116 2342 debuisset.
1143 2277 1298 2341 nonnullis
1317 2297 1391 2339 sane

298 2359 459 2424 consilium
483 2361 626 2425 dantibus
648 2303 707 2426 sihi
728 2364 769 2426 ad
788 2365 910 2425 Turcos
937 2362 1102 2440 secedere,
1124 2361 1266 2424 nonnulli
1286 2369 1391 2423 autem

299 2445 339 2507 ad
361 2447 538 2525 Romanos,
577 2447 729 2511 Chosroes
750 2470 866 2533 equum
886 2446 1051 2511 ascendens
1080 2447 1171 2509 freno
1196 2445 1297 2508 laxato
1318 2445 1392 2528 equi

298 2537 400 2593 motus
423 2532 509 2615 sequi
531 2531 673 2594 omnibus
698 2532 795 2594 iubet.
817 2542 946 2594 atvero
969 2551 1067 2614 equus
1087 2530 1127 2592 ad
1146 2533 1300 2594 Romanas
1318 2550 1394 2612 par.

300 2624 345 2676 tes
367 2622 469 2676 motus
491 2636 562 2677 suos
583 2614 705 2693 direxit,
726 2622 758 2677 et
781 2616 865 2697 apud
879 2614 1075 2676 Certeusium
1096 2613 1268 2690 invenitur,
1292 2622 1325 2675 et
1346 2612 1392 2675 le-

299 2704 386 2779 gatos
408 2697 524 2775 mittit,
553 2696 720 2759 adventum
751 2720 842 2759 suurn
869 2698 1016 2760 Romanis
1046 2697 1161 2759 faciens
1183 2697 1391 2759 manifestum.

299 2780 433 2862 contigit
453 2790 557 2843 autem
578 2791 613 2842 ut
635 2782 758 2842 Probus
778 2780 938 2863 patricius,
960 2780 1016 2865 qui
1037 2779 1199 2857 illiserat,
1222 2781 1306 2842 bunc
1324 2802 1392 2841 sus·

299 2864 429 2945 ciperet,
454 2862 543 2927 etde
564 2883 602 2924 eo
624 2864 812 2947 imperatori
834 2884 893 2946 per
917 2866 1036 2927 litteras
1065 2863 1228 2926 indicaret.
1279 2865 1393 2925 Buram

300 2956 404 3021 autem
436 2946 519 3009 misit
548 2945 665 3029 legatos
690 2948 730 3009 ad
759 2948 947 3009 Mauricium
981 2958 1090 3031 petens
1119 2970 1158 3010 ne
1189 2947 1393 3009 auxiliaretur

301 3026 446 3091 Chosroi.
470 3051 571 3112 porro
589 3030 675 3091 iubet
692 3032 866 3113 imperator
875 3032 1043 3093 Mauricius
1052 3030 1282 3093 Commentiolo
1301 3050 1394 3112 prae·

300 3113 365 3175 tori
388 3112 472 3196 apud
487 3114 682 3196 Hierapolim
695 3115 856 3179 Chosroeu
871 3116 1027 3200 suscipere
1046 3123 1077 3178 et
1097 3114 1309 3199 imperialibus
1329 3114 1393 3177 ob-

300 3197 412 3283 sequiis
435 3200 602 3261 lionorare.

197 3352 226 3410 p.
239 3334 293 3391 tto
383 3322 503 3385 Eodem
524 3344 603 3385 vero
626 3344 707 3385 anno
731 3319 955 3384 demonstravit
977 3320 1152 3403 imperator
1170 3319 1341 3383 Mauricius
1360 3318 1394 3381 iu

301 3409 484 3469 memoriam
505 3405 554 3469 dei
576 3405 735 3491 genitricis
757 3404 885 3469 letanias
900 3406 930 3467 iu
946 3404 1120 3467 blachernis
1142 3404 1211 3466 lieri
1235 3412 1267 3466 et
1288 3402 1394 3467 laudes

301 3488 406 3553 dicore
425 3489 571 3553 dominae
590 3498 723 3569 nostrae,
745 3488 907 3552 nominum
936 3510 1003 3551 eam
1024 3488 1227 3573 panegyrim?

381 3614 491 3677 Mundi
513 3634 595 3677 anuo
611 3612 703 3692 6081,
727 3612 851 3677 divinae
871 3612 1095 3676 incarnationis
1116 3632 1198 3673 anuo
1210 3609 1282 3686 581,
1303 3612 1394 3673 blau-

301 3697 394 3761 ricius
417 3700 516 3761 lilium
545 3698 603 3761 sibi
627 3695 787 3760 Chosroeu
819 3718 922 3779 regem
941 3698 1108 3759 Persarum
1129 3696 1252 3774 faciens,
1273 3696 1396 3755 Dome-

301 3784 421 3844 tianurn
452 3782 633 3865 episcopum
669 3782 900 3844 Meliteneasem
920 3780 959 3842 ad
978 3802 1050 3843 eum
1081 3780 1204 3855 direxit,
1224 3786 1394 3861 cognatum

300 3888 411 3947 suum,
434 3888 495 3928 una
517 3888 589 3929 cum
608 3867 710 3943 Narse,
732 3867 783 3927 cui
804 3866 950 3927 ducatum
963 3864 1036 3925 belli
1049 3863 1220 3936 commisit;
1241 3863 1297 3945 qui
1316 3882 1394 3942 per..

302 3950 460 4013 venientes
482 3952 521 4013 ad
544 3949 704 4012 Chosroeu
729 3970 834 4011 omues
858 3952 1015 4011 Romanos
1036 3954 1217 4029 potentatus
1239 3946 1272 4006 ia
1288 3944 1396 4007 Persi.

303 4032 373 4095 dem
395 4034 609 4097 introducunt.
656 4035 771 4094 Buram
792 4042 896 4095 autem
922 4032 983 4093 hoc
1004 4032 1123 4113 agnito,
1140 4028 1269 4112 sumptis
1289 4028 1397 4089 virtu·

304 4116 386 4178 tibus
405 4119 474 4194 suis,
496 4120 526 4179 in
548 4118 619 4181 loco
642 4117 696 4200 qui
721 4115 938 4180 alexandrines
965 4115 1187 4176 nominabatur
1208 4122 1309 4173 castra
1328 4132 1396 4173 me-

304 4208 385 4266 tatus
408 4213 463 4281 est,
489 4200 659 4284 prohibere
693 4209 779 4263 ratus
801 4200 923 4262 militias
942 4200 981 4261 ab
1004 4198 1150 4261 Armenia
1169 4196 1338 4275 venientes,
1355 4214 1397 4257 ue
