3050 4900
613 310 769 387 noran.
1172 284 1245 380 'sos

241 474 313 550 549,
333 476 362 539 5.
411 470 475 538 dut
500 473 733 551 Ἡλιουπόλεως
762 474 894 559 Συρίας]
923 476 986 541 u'nd
1016 475 1250 555 Ἡλιουπόλεως

158 558 215 641 τῆς
236 553 403 640 Αἰγύπτου
435 560 544 623 scribit
571 562 738 623 Cedrenus.
795 564 849 624 sed
878 572 911 626 et
930 564 1122 648 Heliopolim
1140 566 1251 647 Syriae

159 646 290 707 alteram
313 643 352 703 ab
374 644 561 727 Aegyptiace
583 655 737 705 memorat
750 647 899 710 Ortelius.
940 648 1026 710 favet
1046 650 1170 710 auctori
1189 648 1252 707 Zo·
1298 680 1303 695 ·

160 750 261 793 naras.
304 728 506 789 consulendus
527 728 738 792 Leunclavius.

241 826 321 889 lbr'd.
347 824 396 887 18.
438 826 640 906 Μορδαΐται]
661 826 699 889 de
729 825 776 885 his
797 848 876 889 voce
896 838 927 891 ct
947 830 1071 915 scriptis
1092 831 1252 894 desidera·

159 921 208 973 tus
229 909 432 971 Eccbcllensis
455 932 525 992 pag.
549 909 617 971 156.
660 910 827 989 “cognatio
857 914 1085 976 Marsditarnm
1111 914 1251 997 appelle-

159 996 245 1057 tione
267 992 467 1077 dignoscitur,
497 994 539 1055 ita
561 994 644 1055 dicta
675 992 865 1055 altlahrado
886 997 908 1059 f.
930 998 1065 1076 Cablari,
1098 1022 1179 1083 quae
1199 1019 1251 1059 re-

158 1079 283 1161 gionem
292 1078 401 1160 Syriae
420 1080 647 1139 conterminam
664 1076 754 1159 longe
775 1079 899 1161 lateque
911 1078 1041 1158 habitat,
1060 1083 1142 1144 etad
1157 1105 1251 1165 quam

160 1160 343 1223 referendae
370 1180 496 1245 quoque
524 1172 597 1223 sunt
623 1164 805 1223 innumerae
826 1164 1058 1244 propemodum
1078 1164 1167 1225 buius
1188 1188 1249 1227 no.

158 1245 247 1307 minis
265 1244 410 1320 familiae,
432 1265 513 1327 quae
533 1244 638 1327 plnres
660 1245 793 1306 Arabiae
811 1243 907 1307 felicis
929 1256 1086 1330 occupent
1106 1250 1198 1309 urbes
1218 1259 1251 1311 ct

158 1350 258 1411 agros.
300 1326 332 1389 hi
355 1348 431 1410 prae
452 1330 594 1391 omatibus
616 1326 766 1391 Arabibus
787 1350 883 1409 genus
906 1352 1067 1392 armorum
1085 1331 1250 1413 splendore

159 1434 196 1472 ac
216 1412 331 1473 virtute
360 1410 556 1491 praeclarum
588 1410 810 1473 reddiderunt:
835 1410 889 1473 sed
916 1414 1015 1476 multo
1038 1416 1133 1497 magis
1156 1415 1250 1475 Chri.

158 1494 255 1556 atiena
277 1494 441 1575 religione,
474 1496 559 1555 cuius
579 1504 829 1577 propugnatores
857 1489 1004 1557 acerrimi
1025 1499 1141 1560 fuere-’³
1183 1498 1250 1578 ipse

158 1576 362 1639 Eccbellensis
383 1578 524 1638 Libanita
545 1576 732 1639 Mardaitam
765 1598 797 1639 se
818 1578 969 1658 iactabat,
999 1589 1032 1643 et
1062 1582 1249 1643 eonomine

161 1683 198 1722 ac
219 1660 386 1723 Christiani
407 1660 613 1745 gloriabatur.

240 1758 313 1833 543,
338 1757 386 1824 13.
429 1758 629 1839 chuctroir]
653 1759 779 1843 scripsit
798 1761 939 1841 superins
951 1762 1148 1841 Κοροοιυῶυ,
1170 1784 1248 1846 quos

156 1842 347 1906 Eccbellensi
372 1843 542 1905 Cornicitss
571 1844 702 1925 scriptos
732 1845 926 1922 monuimus,
953 1846 991 1907 de
1011 1847 1097 1908 cuius
1116 1849 1248 1908 nominis

151 1930 280 2015 'origine
299 1924 459 2009 praeclara
481 1928 609 2012 reliquit
629 1948 699 2011 pag.
721 1926 780 1988 158
800 1938 832 1988 et
854 1926 923 1994 159.

241 2028 321 2092 leid.
347 2023 395 2090 18.
434 2022 586 2105 χιλιάδας
605 2030 700 2107 τρεῖς]
733 2036 765 2088 et
787 2026 864 2110 quid
885 2026 964 2089 baec
985 2050 1019 2089 cx
1043 2029 1157 2091 tantist
1178 2028 1249 2091 vide

157 2110 287 2193 Peyrez.
309 2108 446 2171 codicem
468 2104 617 2187 χιλιάδας
638 2108 707 2188 τξέ,
730 2132 894 2172 nnmerum
916 2120 1002 2173 recte
1023 2114 1134 2173 tributi
1155 2134 1249 2195 supe.

160 2194 223 2255 rius
244 2194 304 2254 iam
325 2214 452 2275 pensum
475 2214 542 2273 pag.
558 2191 618 2253 988
633 2192 672 2253 ad
696 2216 812 2253 annum
834 2195 1007 2256 Constantis
1033 2194 1082 2273 17,
1105 2195 1248 2280 deinceps

160 2278 261 2339 adbuc
283 2276 481 2359 pendendum
504 2276 697 2337 Constantini
717 2276 807 2337 huius
830 2300 912 2339 anno
937 2276 975 2338 16
996 2300 1066 2361 png.
1090 2276 1164 2340 301.

238 2376 321 2442 thid.
366 2370 637 2460 uiguulniroccr']
660 2370 739 2437 durni
765 2374 1128 2463 meritaequodfidem
1147 2401 1249 2440 meam

155 2469 281 2545 superat
301 2462 429 2605 Pagras.
450 2461 532 2521 idem
555 2461 651 2522 codex
672 2460 791 2540 posuit.

240 2539 311 2619 544,
355 2587 362 2604 .
404 2537 587 2626 κάστολιλοι]
612 2544 739 2604 urbium
761 2553 911 2621 rectores,
933 2553 966 2606 et
983 2540 1248 2626 καοτροφύλακος

155 2627 268 2690 Cadini
292 2628 501 2709 interpretor:
523 2636 559 2688 ut
581 2629 663 2688 inter
685 2647 855 2708 regnorum
871 2627 1113 2708 provinciarum,
1136 2637 1168 2690 et
1190 2649 1246 2687 nr.

153 2713 241 2772 bium
268 2712 428 2772 Praesides
456 2711 568 2794 gradus
602 2713 798 2774 observetur.
849 2710 895 2772 itli
914 2709 1028 2794 ῥῆγος,
1056 2731 1167 2794 reges:
1197 2710 1247 2773 isti

155 2788 304 2878 ἔξορχοιι
326 2793 359 2854 hi
381 2793 515 2877 denique
535 2787 718 2856 aderaldus.

136 2931 140 2940 .
236 2893 318 2958 Ibr'd.
341 2891 389 2956 14.
441 2888 477 2954 τὸ
501 2888 622 2972 Beroia]
652 2892 782 2954 historia
812 2893 960 2970 miscella,
982 2894 1096 2955 comsit
1112 2890 1247 2953 Edesse-

154 2997 214 3038 nae
232 2998 378 3055 ascensus,
398 2990 428 3038 et
448 2979 558 3040 tmllns
581 2977 735 3038 ecclesiae.
756 2971 792 3036 sd
810 2972 923 3038 Βατὰυ
947 2977 1053 3057 itaque
1076 2977 1246 3052 ambonem,

155 3059 194 3120 ad
215 3083 308 3144 quem
328 3061 492 3143 utriusque
512 3081 672 3136 asceticus,
696 3060 843 3122 existima.
876 3081 937 3122 vor
957 3053 1020 3120 clud
1051 3059 1108 3120 τοῦ
1136 3059 1246 3119 Bus'rcc

154 3155 305 3225 corrupte
328 3144 467 3205 derivata
500 3143 531 3205 id
558 3143 705 3226 sugerit.
748 3153 853 3205 terrae
881 3153 971 3205 motu
990 3143 1111 3224 pariter
1131 3141 1245 3202 cecidit

154 3225 297 3324 ecclesiae
318 3227 376 3290 ΟΡ.
399 3225 550 3290 trulluset
570 3166 662 3290 ambo
686 3247 768 3288 anno
790 3227 951 3289 Iustiniani
972 3223 1108 3288 secundo
1131 3231 1162 3286 et
1182 3223 1245 3286 tri-

154 3331 279 3372 cesamo.

237 3393 320 3458 Iud.
345 3393 393 3454 18.
436 3389 606 3455 tutamen
627 3387 669 3468 α’]
693 3401 813 3454 attente
840 3393 1025 3474 numeranti,
1047 3401 1079 3454 et
1100 3389 1245 3473 priorum

155 3497 173 3536 a
195 3497 263 3560 pag.
286 3475 387 3538 9881)
410 3474 552 3536 ordinem
574 3477 702 3538 sectanti
727 3486 835 3537 octava
859 3477 1053 3558 reperietur:
1075 3483 1108 3535 ct
1131 3472 1170 3534 ad
1190 3495 1245 3532 an·

155 3579 229 3620 num
250 3581 377 3704 quogue
396 3559 503 3621 muudi
524 3561 605 3626 6219
641 3581 711 3644 pag.
737 3565 751 3627 1
775 3567 807 3621 et
832 3559 881 3634 17,
903 3562 1027 3642 putanti
1046 3566 1155 3621 octava
1170 3576 1245 3616 rur.

154 3663 203 3704 sus
230 3663 318 3705 cense
343 3643 418 3705 itur.
451 3642 542 3704 codd.
568 3652 670 3706 tamen
705 3663 810 3705 omnes
841 3643 977 3725 primam
1007 3642 1059 3706 hic
1086 3643 1243 3704 referunt:

155 3747 213 3788 uec
233 3725 344 3788 insulse
365 3728 389 3786 si
414 3728 493 3788 bene
515 3727 554 3788 ad
575 3747 646 3811 pag.
670 3735 758 3789 notas
780 3727 1032 3789 coniectavimus.

237 3825 317 3886 lbid.
335 3822 381 3886 19.
424 3818 478 3907 ἔτη
498 3821 540 3906 κ’]
562 3823 743 3908 στρατηγός.
766 3846 869 3887 amera
891 3826 1032 3888 inferior.
1075 3821 1160 3884 cuius
1183 3821 1245 3882 ita·

155 3929 216 3990 quc
237 3908 368 3991 dignitus
390 3918 614 3990 temperacula
635 3919 688 3986 est,
710 3910 923 3994 plurcsannos
944 3905 1132 3987 στρατηγοῦ,
1151 3926 1245 3988 quam

153 3997 283 4052 Aurorae
307 4013 419 4053 nomen
444 3995 544 4074 gessit.
609 3995 734 4056 uocirca
765 3992 896 4054 Palatini
918 4000 950 4053 et
970 3989 1148 4073 Peyresiani
1169 4007 1243 4049 cor.

154 4077 305 4138 rectiores
326 4075 450 4138 codices
482 4070 537 4160 ἔτη
561 4014 606 4149 sd
636 4075 758 4162 legunt:
790 4077 924 4139 miscella
951 4075 1039 4156 Regii
1061 4073 1159 4133 nostri
1183 4092 1242 4133 nu-

153 4179 275 4221 merum
298 4159 451 4222 observat.
