3050 4900
275 338 350 411 238
428 344 645 431 ‘desTdSll
675 342 872 407 utsTotttt
898 342 1205 411 ECCbFSle‘l'le

274 538 312 578 ao
335 515 423 578 erilis
445 524 478 579 et
497 522 664 578 tormenta.
717 512 777 575 deo
804 532 883 577 vero
901 514 1109 597 gratissimum
1128 515 1289 597 lipsanum,
1311 522 1366 578 ut-

273 609 350 683 pote
372 599 499 685 quidam
520 598 680 661 thesaurus
702 599 927 679 possessoribus
942 598 1074 679 babitus,
1094 600 1296 661 auferebatur
1314 600 1365 661 in.

274 686 373 746 risum
394 689 419 761 *J
450 684 616 745 decutere
639 680 845 743 efficiendum.
885 683 949 744 tale
968 683 1045 765 quid
1068 690 1100 743 et
1120 684 1152 742 in
1176 684 1365 764 pretiosissi-

271 788 359 828 mum
380 766 541 828 laudabilis
562 765 708 850 martyris
732 765 924 848 Euphemiae
949 768 1098 847 profanus
1119 766 1170 826 bio
1190 768 1365 848 imperator

273 850 426 933 lipsanum
447 848 552 933 gessit,
585 851 616 911 in
640 848 835 932 profundum
861 849 895 911 id
923 869 985 910 nna
1006 871 1080 911 eum
1109 848 1216 911 loculo
1241 852 1365 929 iaciens,

272 956 335 995 non
357 934 458 997 ferens
478 933 586 997 videre
607 932 759 1017 unguenti
776 934 872 995 etiam
889 952 927 995 ex
946 950 980 995 se
995 954 1091 1017 super
1112 952 1239 1006 omnem
1259 954 1364 1017 popu·

270 1016 336 1078 lum
356 1019 539 1080 suavitatem
574 1016 774 1093 reddentem,
795 1024 827 1079 et
854 1026 1039 1100 arguentem
1058 1016 1125 1079 eius
1146 1017 1292 1081 adversus
1312 1020 1364 1079 in-

271 1101 469 1163 tercessiones
492 1108 671 1163 sauctorum
699 1098 913 1162 deliramenta.
965 1100 1020 1163 sed
1040 1101 1132 1177 deus,
1152 1100 1209 1182 qui
1225 1102 1363 1165 custodit

271 1205 337 1247 ossa
359 1184 549 1267 placentium
569 1183 740 1245 secundum
759 1183 865 1245 divina
886 1185 1021 1269 eloquia,
1041 1185 1179 1246 illaesum
1199 1183 1262 1246 hoc
1283 1202 1364 1247 ooa-

269 1268 413 1345 servevit,
436 1289 542 1331 rursus
566 1279 744 1331 ostensurus
762 1263 840 1328 illud
859 1270 942 1350 apud
962 1266 1284 1331 Lemnum‘iusulamz
1304 1290 1364 1351 per

235 1423 237 1427 .
270 1360 458 1413 nocturnam
480 1350 561 1415 cuim
577 1351 725 1412 visionem
742 1348 842 1412 iacens
855 1350 1039 1414 elevandum
1054 1353 1216 1435 praecepit
1230 1362 1263 1413 et
1283 1373 1362 1413 oon.

267 1436 463 1497 servandum.
505 1434 562 1497 suls
574 1434 780 1497 Constantino
800 1454 877 1495 vero
901 1444 934 1496 et
952 1432 1087 1498 Heirene
1109 1436 1167 1517 piis
1188 1434 1363 1517 imperato-

271 1518 368 1591 ribus,
394 1516 564 1581 indictione
592 1526 724 1603 quarta,
753 1538 826 1579 oum
857 1516 980 1580 decenti
1005 1518 1246 1580 honorificentia
1268 1515 1368 1580 rediit
1404 1530 1414 1545 ·

270 1598 309 1663 ad
331 1606 482 1685 templum
509 1624 611 1664 suurn.
662 1598 749 1685 quod
779 1603 843 1683 ipse
873 1598 1017 1685 quidem,
1049 1612 1197 1685 tanquam
1221 1602 1362 1663 iuimicus

270 1684 478 1764 ecclesiarum,
502 1706 667 1748 commune
687 1683 761 1746 fecit
776 1685 1050 1747 armamentarium
1070 1684 1361 1769 sterquiliniumque

273 1770 339 1831 fore
361 1768 519 1846 decrerit,
552 1768 596 1831 illi
632 1772 837 1851 repurgatum
866 1762 928 1833 hoc
950 1770 1076 1831 iterum
1089 1778 1300 1847 sacraverunt,
1321 1766 1361 1829 ad

172 1846 525 1938 poetredargutionem
556 1851 682 1935 quidem
713 1850 803 1913 huius
825 1852 1006 1934 impietatis,
1027 1853 1233 1915 ostensionem
1255 1864 1360 1914 autem

270 1934 386 1998 borum
406 1932 540 2018 pietatis.
584 1936 646 1997 hoo
666 1945 769 1997 autem
801 1936 843 1997 ob
864 1936 1052 2019 stupendum
1073 1940 1105 1998 et
1126 1936 1287 2020 scriptura
1308 1936 1360 1997 di-

268 2042 363 2099 gnum
386 2009 570 2081 miraculum
592 2028 664 2101 post
685 2018 724 2081 29
747 2040 843 2080 annos
858 2017 958 2102 iniqui
980 2017 1131 2103 principis
1153 2020 1276 2097 mortis,
1298 2042 1358 2081 una

266 2106 338 2163 cum
360 2103 499 2187 piissimis
530 2102 773 2185 imperatoribus
802 2112 834 2164 et
852 2102 982 2165 Tarasio
1014 2101 1201 2166 sanctissimo
1222 2103 1359 2187 patriar·

266 2184 337 2265 clm,
362 2206 418 2248 nos
441 2194 472 2247 et
491 2184 623 2247 vidimus
646 2194 676 2247 et
689 2204 760 2247 curn
781 2187 824 2247 eis
844 2186 977 2268 amplexi
998 2188 1124 2266 fuimns,
1141 2188 1219 2250 lieet
1241 2186 1360 2270 indigni

265 2292 408 2353 magnam
430 2270 562 2353 gratiam
600 2280 803 2335 romorantes.
868 2290 946 2331 orro
966 2269 1088 2333 decimo
1108 2280 1194 2333 serto
1214 2270 1359 2332 kalendas

264 2352 475 2430 Decembries,
499 2354 562 2415 eius
585 2370 634 2414 em
655 2352 786 2437 quintae
804 2290 993 2430 indictionis,
1013 2356 1141 2418 decreto
1158 2354 1361 2438 imperatoris

264 2442 474 2520 promovetur
494 2436 615 2500 Nicetes
643 2437 803 2500 eunuchus
833 2456 869 2500 ex
890 2436 1005 2502 Selasis
1030 2448 1120 2502 ortus
1140 2438 1359 2521 irregulariter

264 2522 443 2604 patriarcha
473 2521 796 2602 Constantinopoleos.
849 2533 884 2583 et
911 2524 992 2584 facte
1027 2532 1073 2586 est
1092 2520 1233 2600 siccitas,
1257 2523 1300 2583 ita
1321 2531 1359 2583 ut

263 2625 323 2670 neo
345 2627 396 2667 ros
418 2603 457 2667 de
476 2606 563 2667 caelo
593 2603 740 2682 eederet,
768 2602 945 2688 defecitque
965 2607 1089 2690 penitus
1111 2608 1153 2667 eb
1175 2604 1359 2690 urbesque

264 2697 296 2750 ct
317 2689 436 2750 otiosae
465 2695 682 2750 remanserunt
715 2695 779 2748 tam
808 2689 961 2750 cisternae
991 2711 1085 2774 quam
1114 2691 1254 2767 lavacra,
1279 2689 1357 2771 quin
1388 2728 1400 2743 .

263 2773 369 2854 potins
391 2780 422 2832 et
446 2769 562 2832 fluenta
579 2771 718 2846 fontalia,
741 2790 821 2854 qnae
841 2771 929 2854 prius
943 2773 1058 2856 iugiter
1072 2773 1358 2856 effluebaetvqand

265 2857 386 2916 intuens
408 2853 582 2936 imperator
596 2854 702 2934 eoepit
720 2873 874 2915 renovare
887 2857 1116 2940 aquaeductum
1135 2855 1358 2935 Valentiniani,
1469 2854 1479 2864 “

288 2937 320 2998 ui
339 2953 410 2998 cnm
430 2955 528 3022 usqne
552 2935 591 2997 ad
613 2937 792 2998 Heraclium
819 2939 1034 3021 perdurasset,
1068 2940 1108 3002 ab
1139 2940 1290 3002 avariam
1310 2947 1358 3002 est

264 2961 450 3082 ilestrectus.
492 3019 596 3083 electis
613 3038 688 3102 ergo
719 3041 754 3082 ex
781 3021 909 3084 diversis
936 3021 1011 3087 locis
1034 3023 1206 3086 artificibus
1227 3024 1267 3085 ab
1288 3025 1358 3086 Asia

265 3103 392 3188 quidem
415 3101 502 3167 duxit
535 3115 567 3166 et
595 3111 696 3185 ponto
726 3103 941 3169 aedificatores
961 3110 1046 3170 mille
1067 3117 1099 3169 et
1131 3108 1290 3168 liniatores
1314 3111 1357 3186 “t

263 3187 424 3264 ducentos,
446 3185 611 3249 aGrneeie
633 3203 709 3248 vero
725 3197 757 3250 et
772 3189 875 3252 insulis
895 3189 1070 3253 testetarios
1083 3197 1140 3272 Μ)
1159 3192 1356 3276 quingentos,

264 3289 366 3354 porro
383 3290 418 3333 er
432 3269 628 3354 ipseThrace
642 3272 805 3353 operarios
818 3275 957 3358 quinque
967 3275 1051 3336 mdia
1065 3277 1222 3358 allegatas
1235 3274 1356 3335 facien.
1395 3325 1399 3330 .

165 3363 310 3442 posttea
330 3353 489 3432 ducentos,
504 3364 535 3416 et
547 3355 730 3438 praeposuit
743 3356 785 3416 eis
798 3357 956 3440 principes
975 3369 1154 3420 executores
1163 3374 1297 3441 operam
1317 3376 1356 3420 ao

261 3437 432 3522 patricium
455 3455 569 3512 oneum
591 3440 696 3522 sieque
709 3459 807 3536 opere
817 3451 1029 3502 consummato
1053 3462 1135 3526 equa
1155 3443 1302 3504 introivit
1321 3443 1353 3502 in

262 3521 384 3584 urbem.
405 3531 543 3584 ceterum
562 3521 668 3585 eadem
691 3527 801 3606 quinta
825 3523 997 3588 indictione
1017 3525 1166 3608 provebit
1188 3525 1234 3587 sui
1251 3542 1356 3587 senam

262 3613 428 3688 praetores
450 3611 481 3667 et
503 3607 667 3689 operarios
703 3606 842 3688 nequitia
871 3627 925 3669 sue
959 3610 1148 3692 condignos,
1171 3609 1354 3672 michaelem

256 3687 408 3752 'videlieet
435 3689 630 3752 Melissenum
658 3690 692 3750 in
724 3689 862 3752 themate
892 3691 1102 3755 Orientalium
1120 3701 1154 3755 et
1172 3689 1354 3756 michaelem

262 3771 590 3858 Lechanadreeontem
610 3775 641 3834 in
656 3771 839 3854 thmcesiis,
857 3793 952 3860 snper
971 3777 1175 3840 homeliarius
1195 3779 1355 3840 verona·-

297 3951 322 4024 ’)
333 3949 671 4076 diditbubliipifflimlisb
686 3960 748 4023 post
768 3954 872 4023 opimas
906 3955 990 4026 dapes
1016 3957 1128 4029 quidam
1152 3957 1307 4012 introcessit
1325 3964 1355 4009 ot

414 4041 429 4073 v
483 4041 582 4076 naua.
674 4041 697 4074 a.

280 4117 319 4190 *')
336 4116 485 4190 liniator-es}
504 4117 687 4172 Glossarium
702 4115 801 4192 χρίοις
817 4119 952 4186 mamea,
970 4119 1081 4176 oblitus.
1117 4122 1197 4176 aare

262 4199 315 4278 '''¹)
336 4205 516 4260 testacearios.
551 4203 630 4258 Fusa.
