3050 4900
598 359 746 424 NOTAE.
956 367 959 381 ¹
1131 351 1204 422 373

120 553 218 611 anuo,
238 547 436 618 postqsussss
455 535 536 596 visis
555 551 732 616 excesserat,
752 540 785 599 iu
805 537 1040 598 conrmunioncm
1058 555 1080 596 o
1101 533 1212 598 Psoclo

105 631 256 703 mopso
275 631 329 684 ess.

209 717 282 810 143,
306 722 354 786 18.
405 720 460 784 ἑοῖ
484 723 545 786 τοῦ
565 721 599 786 ἐν
630 720 729 804 ἁγίοις
751 721 904 806 Πρόκλου
925 718 1057 801 σεισμὸς
1077 721 1212 802 ylyssss]
1291 745 1306 762 ·

123 826 190 890 qno
214 827 296 868 anno
319 805 498 889 contigerit,
519 807 694 869 incertum:
715 811 816 870 solum
838 810 1011 872 chronicon
1033 804 1214 870 Alexandri.

123 911 203 950 num
235 889 343 951 ultimo
367 887 473 950 Procli
502 889 585 952 sitne
614 914 696 952 auno
727 893 789 954 ΕΡ.
814 913 851 954 co
885 913 1062 954 concussam
1094 890 1215 950 referre

122 973 270 1035 Petusius
291 971 399 1034 asserit
419 971 458 1034 de
485 972 627 1036 doctrina
658 982 796 1056 tempor.
817 975 869 1036 tib.
892 973 930 1036 13
962 976 1002 1036 ad
1024 995 1138 1036 annum
1156 971 1215 1032 lul.

124 1055 198 1117 Per.
221 1052 303 1117 5160
324 1057 370 1116 his
401 1056 512 1119 serbis.
561 1060 661 1120 cisson
685 1059 863 1124 Alexandr.
893 1059 939 1120 his
959 1060 1033 1142 ipsis
1054 1079 1125 1122 coss.
1146 1057 1218 1132 (hr-

127 1137 248 1201 dabure
276 1147 309 1200 et
328 1139 478 1221 callepio)
508 1139 602 1224 refert
630 1142 773 1222 ingentem
803 1155 898 1202 tes-rae
925 1157 1034 1202 motum
1040 1142 1152 1222 suisne,
1172 1140 1219 1198 ita

127 1235 160 1284 ut
179 1225 262 1284 cives
285 1232 387 1283 omues
421 1235 515 1284 extra
543 1225 644 1284 urbem
664 1223 815 1306 degerent,
836 1245 921 1286 nemo
942 1238 1045 1285 tamesi
1065 1223 1218 1282 hominum

123 1306 228 1389 penit.
268 1305 319 1366 hic
338 1306 392 1365 ille
412 1319 506 1366 motus
526 1321 587 1382 est,
605 1328 664 1388 pes·
687 1327 776 1389 quem
796 1321 935 1391 arreptus
957 1308 989 1368 in
1010 1305 1125 1370 caelum
1142 1323 1221 1388 puer

128 1387 285 1470 omagium
311 1389 453 1466 hymnum
481 1389 591 1453 audiit.
633 1410 743 1450 verum
765 1389 843 1450 duos
867 1401 971 1451 terrae
995 1397 1097 1449 motus
1120 1406 1219 1446 anno·

130 1491 203 1532 rum
226 1478 379 1554 σοοῐῐοοο
398 1471 499 1554 spatio
523 1469 633 1534 eodem
655 1471 807 1533 chronico
829 1481 1016 1534 memoratos
1037 1469 1127 1532 facile
1148 1466 1220 1550 qui·

130 1553 175 1614 vis
193 1553 349 1615 advertat:
372 1555 509 1636 primum
531 1577 612 1618 anno
633 1554 804 1617 Theodosii
825 1553 875 1632 39,
895 1553 1073 1619 Ardaburio
1094 1560 1125 1614 et
1144 1549 1222 1634 sty-

130 1637 185 1721 pio
211 1657 291 1698 coss.
314 1637 399 1698 cuius
422 1638 584 1715 ,memorio
613 1660 717 1700 annuo
747 1637 924 1701 litaniarum
947 1639 1011 1699 ritu
1033 1637 1065 1697 in
1084 1632 1223 1697 Tricon-

131 1719 276 1784 chonll
300 1718 366 1782 idus
388 1721 570 1783 Novembris
592 1721 771 1805 peragitur:
797 1723 929 1784 alterum
949 1719 1118 1784 Theodosii
1139 1717 1221 1778 eius-

133 1803 204 1868 dem
225 1823 307 1864 anuo
330 1801 382 1880 42,
404 1804 622 1866 Valentiniano
654 1809 689 1867 Δ.
710 1805 766 1866 Vll
788 1815 820 1866 et
839 1805 951 1867 Albino
974 1825 1052 1867 coss.
1076 1822 1140 1887 quo
1161 1799 1222 1865 CP.

134 1888 214 1949 circs
233 1885 340 1949 territi
362 1897 582 1968 processerunt
611 1888 643 1948 iu
676 1909 819 1970 campum
840 1883 1064 1958 lsrnsso'osssc.
1106 1904 1222 1946 atinum

132 1991 215 2054 pene
238 1970 395 2066 integrum
416 1978 534 2032 terram
559 1973 677 2056 primus
698 1971 832 2048 incessit,
855 1969 997 2050 ἐγένοντο
1019 1966 1146 2046 σεισμοὶ
1163 1983 1222 2044 με.

132 2049 234 2134 yoilot,
254 2071 309 2112 και
328 2045 504 2135 ἐκράτησαν
524 2053 578 2115 tus·
594 2047 729 2135 χρόνον,
753 2055 798 2118 ait
822 2053 1015 2128 chronicum
1039 2051 1119 2114 ulter
1140 2047 1225 2110 haud

134 2135 253 2219 vicibps
275 2136 425 2218 repetitis,
448 2137 502 2199 sed
524 2137 725 2199 concussione
747 2138 845 2200 ferme
866 2139 1013 2199 contiuno
1034 2135 1145 2196 urbem
1169 2152 1225 2192 ve·

136 2221 241 2281 xarit:
266 2219 297 2280 iu
317 2217 421 2301 primo
443 2219 482 2282 de
503 2219 703 2301 imperatore,
723 2220 772 2282 vel
794 2220 937 2284 ecclesiae
957 2219 1102 2280 ministris
1123 2233 1224 2277 sermo

137 2299 257 2363 nullus:
279 2301 311 2360 iu
339 2303 397 2364 isto
418 2303 573 2384 supplicat
600 2304 777 2384 imperator
797 2303 918 2364 nudatis
938 2301 1078 2385 pedibus,
1101 2309 1227 2362 etcum

137 2392 248 2447 senatu
266 2385 413 2469 cleroque
440 2396 522 2449 actus
544 2385 584 2449 ad
612 2407 755 2469 campum
785 2388 965 2472 frequentet
985 2403 1103 2467 preces.
1146 2399 1227 2464 puer

140 2477 245 2531 autem
266 2468 298 2530 in
318 2470 436 2531 caelum
458 2479 565 2553 raptus
586 2482 631 2532 est
652 2492 690 2533 co
712 2480 936 2545 terraemotu,
958 2489 1020 2551 quo
1044 2468 1103 2531 ΟΡ.
1128 2464 1228 2546 agita-

138 2564 172 2617 ta
192 2554 272 2615 cives
292 2574 362 2615 suos
392 2554 424 2613 in
446 2574 589 2635 campum
615 2553 806 2635 imperatore
836 2561 868 2615 et
897 2550 1077 2633 patriarcha
1099 2546 1227 2608 ducibus

139 2636 272 2719 supplici
292 2657 441 2717 processu
473 2636 565 2699 deum
587 2636 838 2719 interpellaturos
865 2633 973 2699 emisit.
1018 2632 1102 2693 houd
1124 2632 1229 2712 itaque

164 2721 269 2797 riore,
294 2718 347 2781 scd
368 2720 505 2782 secundo
539 2720 570 2781 in
592 2742 697 2783 nerem
718 2718 851 2781 elevatus
876 2726 921 2781 est
939 2738 1028 2798 puer,
1051 2724 1083 2777 et
1104 2710 1237 2795 secundi·

139 2740 231 2865 huius
252 2802 410 2879 memoria,
432 2802 585 2887 quidquid
605 2804 635 2865 in
652 2802 813 2865 adversum
834 2800 874 2863 ad
895 2799 1036 2863 chronici
1059 2796 1230 2879 ruer-ginem

141 2884 270 2948 adnotet
284 2884 432 2962 liederus,
453 2888 609 2949 renovetis
626 2886 770 2970 precihus
785 2908 885 2946 urrnuu
901 2882 1117 2945 observatione
1138 2901 1230 2941 reco-

140 2968 229 3031 litur.
271 2967 444 3030 chronicon
466 2979 568 3031 tamen
591 2971 621 3030 in
644 2991 681 3031 eo
713 2968 879 3051 deceptum
898 2966 1121 3043 animadverto,
1143 2960 1231 3047 quod

141 3062 263 3115 motum
284 3052 369 3113 hunc
389 3054 420 3113 in
441 3052 585 3115 ultimum
605 3050 773 3113 Theodosii
798 3074 922 3129 nonum,
944 3070 1007 3134 quo
1028 3050 1158 3111 Procius
1181 3067 1231 3107 cx-

142 3146 277 3199 cessem
307 3156 325 3197 e
353 3135 429 3197 vivis
457 3137 518 3197 ism
547 3136 619 3213 diu,
647 3134 860 3219 seponendum
890 3132 1062 3197 censuerit:
1084 3127 1232 3191 Proclum

142 3239 222 3281 vero
243 3239 422 3301 processum
452 3220 484 3283 in
516 3242 554 3281 eo
575 3220 693 3281 duxisse
715 3217 870 3295 affirmant
898 3239 935 3279 ex
956 3213 1137 3277 testimoniis
1157 3210 1232 3270 sub·
1343 3214 1346 3224 '

143 3302 257 3365 iunctis
277 3304 378 3386 plura.
420 3304 459 3364 de
483 3303 537 3364 illo
553 3314 641 3364 motu
656 3302 831 3386 praefatum
851 3299 1023 3362 chronicon
1046 3298 1088 3357 itu
1109 3292 1232 3390 scribit·

143 3379 242 3469 τούτῳ
269 3384 314 3471 τῷ
338 3380 403 3445 ἔτει
422 3379 525 3448 ἔπαθε
556 3386 638 3448 ΚΠ.
673 3376 736 3446 sind
759 3380 892 3461 σεισμοῦ
911 3380 989 3463 μηνὶ
1008 3374 1182 3459 Αο’δοοαι’ῳ
1207 3394 1226 3447 ς

145 3462 203 3529 sui
220 3466 255 3550 si,
275 3463 389 3539 ιοκτός
411 3463 473 3529 sissi
496 3469 559 3529 sris
579 3468 752 3548 λεγομένων
778 3464 990 3547 Tpsoudspcs'css
1009 3462 1152 3540 ἐμβόλων
1174 3452 1234 3555 ἕως

144 3546 204 3613 τοῦ
222 3550 345 3629 χαλκοῦ
357 3542 563 3630 Tsrpumitoo
583 3547 638 3612 tui
655 3544 780 3630 χρόνον,
801 3542 881 3611 oiors
900 3544 945 3627 μὴ
966 3544 1084 3623 τολμᾶν
1104 3542 1138 3605 is
1158 3558 1233 3623 osxrp

145 3627 216 3695 assei
237 3629 351 3712 μιόοιο,
372 3628 578 3731 ἀλλ’,ἔφογοο
598 3627 660 3707 ἔξω
680 3634 734 3713 τῆς
754 3628 872 3702 πόλεως
890 3627 1001 3701 πάντες
1022 3618 1235 3693 lacessimur

147 3712 268 3797 ἡμέρας
289 3714 343 3777 sai
359 3736 479 3800 οοκτος,
501 3718 557 3779 καί
583 3713 602 3777 o‘
621 3708 773 3795 βασιλεῦς
802 3710 958 3775 disscissus
978 3706 1057 3789 μετὰ
1078 3708 1134 3787 τῆς
1156 3725 1236 3785 σογ-

148 3792 283 3881 slsirou,
313 3799 369 3860 καί
397 3797 454 3860 τοῦ
475 3788 591 3882 ὄχλου,
613 3797 746 3859 καὶτοῦ
767 3792 884 3877 κλήρου
907 3788 1099 3863 α’νυοιόδετος
1117 3786 1236 3871 ἡμέρας

147 3876 278 3953 πολλάς.
319 3882 425 3963 γέγονε
444 3879 504 3961 ydp
528 3876 651 3959 ἀπειλή,
672 3870 784 3977 olu‘oo'
806 3879 929 3977 ps'yosss
948 3872 1005 3977 ἐπ’
1026 3872 1136 3973 cloppez
1155 3868 1237 3967 essin

148 3962 186 4026 st
208 3957 388 4072 ilsypsvsui
407 3966 471 4069 σῦρ
496 3962 593 4107 ἑλντῷ
615 3960 914 4105 οὖσοολιιοτῖνοιὶσθαιὲ
947 3960 1238 4099 οιιῖἱίἰκῖἓνηέξιοῐηζ

147 4067 273 4215 grindig
282 4067 616 4212 diihcrsid‘idsiudsh‘o
629 4063 896 4205 isiissoollopu'sicd¹
908 4063 962 4185 tide
981 4143 1060 4183 armo
1082 4120 1146 4181 ΟΡ.
1168 4054 1237 4180 nisii-l

148 4233 240 4295 W
260 4212 361 4277 labem
381 4214 494 4298 accepit
513 4234 557 4279 ex
575 4226 671 4277 tesroe
694 4222 785 4287 motu,
807 4230 903 4271 meme
925 4204 1082 4283 Ισιιοαοίσ,
1103 4216 1189 4267 sexto
1209 4212 1240 4264 et
