3050 4900
621 404 773 473 NOTAE.
1149 397 1223 476 497

138 594 233 647 num,
257 572 295 637 de
317 592 381 657 quo
404 592 474 658 paq.
496 572 558 637 086
585 576 778 639 celebratum
805 574 870 640 eius
890 582 960 638 ecta
979 576 1143 659 perspicue
1163 578 1226 641 do-

137 666 231 720 cent:
253 660 286 719 iu
305 658 426 719 stamine
443 656 563 719 domini
582 658 632 721 dei
652 659 816 723 saluaton's
833 661 927 721 nosos·
936 658 1007 719 Iesu
1026 658 1148 739 amsa,
1169 664 1227 723 ἰοι-

132 742 216 825 perii
236 740 352 803 domici
381 742 549 803 Constantis
567 762 649 804 auno
668 763 758 820 nono,
777 742 832 802 sub
849 744 941 805 tertio
963 762 1061 803 cronos
1077 744 1227 823 Octobris,

137 822 302 885 indictione
322 837 445 885 octaua.
499 826 648 909 quoniam
677 846 755 887 vero
778 824 948 887 indictione
978 823 1096 886 decime
1118 829 1227 911 quinta

139 907 364 967 Heracleonnm
385 907 416 967 in
432 906 575 969 ordinem
595 908 758 971 redactum
782 916 893 970 auctor
905 907 1110 989 Theophanes
1130 921 1228 974 teste.

139 998 201 1064 tur,
222 1010 322 1071 aequo
344 1011 448 1071 gressu
468 990 674 1054 indictionum
687 1013 864 1072 numerum,
886 1001 919 1052 et
928 992 1102 1055 Constantis
1126 992 1228 1077 impe-

138 1073 234 1133 rnutis
254 1094 350 1133 annos
362 1074 544 1153 procedere,
566 1075 707 1159 adeoque
730 1075 785 1158 qui
802 1074 855 1135 hie
867 1084 1003 1150 octavus,
1024 1075 1229 1141 indictionem

137 1156 260 1217 numeri
279 1156 414 1218 eiusdem
436 1156 564 1237 habeat,
595 1179 716 1219 neeesse
747 1168 812 1235 est,
833 1179 932 1241 eaque
952 1158 1090 1240 peritate
1109 1162 1149 1221 ab
1170 1184 1229 1223 nu.

139 1250 228 1301 etore
249 1240 362 1320 posita,
383 1262 464 1301 anno
488 1243 611 1322 integro
633 1241 766 1302 calculos
794 1241 858 1303 eius
882 1263 899 1301 a
920 1240 1045 1302 concilii
1066 1254 1229 1327 computo,

51 1338 55 1344 ’
142 1322 247 1405 quoad
269 1322 444 1384 Constantis
466 1334 598 1386 aetatem
619 1324 762 1407 superari
787 1322 1068 1387 animadvertimus.
1110 1326 1230 1391 nodum

142 1404 223 1465 hnud
246 1404 323 1466 adeo
343 1405 456 1485 solvit,
479 1429 575 1491 quem
602 1416 687 1469 secat
716 1408 868 1469 Baronius
899 1407 939 1469 ad
967 1429 1083 1469 anuum
1113 1410 1229 1473 Christi

137 1484 197 1549 641
221 1510 303 1549 num.
327 1487 342 1547 1
366 1486 482 1551 dicens:
503 1512 616 1552 annum
632 1490 812 1553 indictionis
834 1498 978 1551 octavum
998 1491 1030 1550 in
1056 1494 1229 1555 Constantis

139 1572 297 1633 ineuntem
322 1593 440 1633 nouum
459 1574 619 1635 incidere:
644 1573 731 1657 quod
750 1572 895 1658 equidem
906 1583 943 1635 ut
961 1594 1082 1650 verum,
1103 1576 1146 1637 ita
1168 1576 1231 1637 dif-

136 1654 307 1717 ficultatem
328 1655 443 1735 eludit,
472 1656 601 1740 exponit
628 1658 767 1719 minime.
820 1678 893 1718 nom
915 1677 985 1717 cum
1011 1659 1098 1719 cirea
1119 1659 1230 1721 lulium

136 1759 274 1799 mensem
294 1738 486 1801 Heracleona
509 1739 607 1823 pulso,
627 1750 787 1822 sceptrum
803 1742 952 1803 Constans
974 1738 1105 1822 adeptus
1124 1743 1174 1819 sit,
1193 1763 1231 1805 er

139 1822 258 1883 Patavii
281 1818 402 1883 dalculis
436 1823 466 1883 in
490 1824 701 1907 Nicephorum
734 1824 810 1885 edit.
837 1824 914 1906 seg.
936 1843 966 1904 p.
987 1817 1030 1884 74
1050 1832 1138 1889 certe
1158 1836 1231 1889 ente

136 1904 251 1967 Sanni
281 1907 372 1967 hnem
398 1905 572 1969 Constantis
595 1928 693 1969 nonus
722 1907 847 1969 initium
868 1906 959 1969 facile
979 1906 1091 1969 ducit:
1112 1916 1146 1970 et
1166 1928 1239 1971 non·

139 1988 164 2049 is
187 1997 241 2065 est,
264 1990 449 2071 Theophani
474 2012 582 2067 nonus,
600 1992 653 2053 sed
678 1998 816 2062 octavus,
834 1991 889 2074 qui
911 1992 1046 2051 concilio
1066 1992 1151 2054 circe
1172 2014 1233 2054 no·

138 2092 191 2132 uas
217 2072 395 2134 Octobriles
428 2082 498 2134 aeto
526 2094 640 2135 cinnum
672 2096 689 2135 a
714 2073 893 2156 Septembri
921 2072 1050 2135 ductum
1077 2076 1232 2139 mensibus

137 2164 259 2215 mutum
278 2156 399 2217 duobus
426 2158 602 2219 antevertit.
644 2158 737 2219 satius
756 2156 794 2217 ud
804 2156 1002 2240 Theophanis
1025 2167 1160 2219 mentem
1181 2159 1232 2220 di.

141 2235 273 2299 cendum
294 2260 390 2300 annos
412 2237 631 2299 indictionibus
657 2241 793 2321 signatos
815 2240 1021 2301 indictionum
1042 2240 1232 2324 quandoque

139 2342 319 2399 numerum,
351 2323 445 2383 alium
473 2322 546 2384 lieet
578 2330 723 2400 teneant,
755 2324 870 2384 subire.
924 2344 988 2405 quo
1009 2324 1062 2398 fit,
1087 2333 1123 2383 ut
1144 2324 1230 2383 Coh.

137 2412 219 2466 stans
240 2405 296 2467 sub
319 2406 497 2468 indictionis
526 2404 662 2468 decimae
694 2405 822 2488 quintae
854 2405 1020 2488 imperium
1046 2407 1230 2488 auspicatus,

141 2509 177 2548 ec
197 2499 361 2568 praeterea
380 2497 540 2574 sequentes
559 2498 632 2550 octo
656 2511 831 2564 ennarrans,
855 2497 890 2548 nt
912 2486 1096 2550 indictiones
1118 2510 1231 2552 novem

140 2570 287 2653 delibans,
312 2592 407 2634 annos
432 2593 558 2656 quoque
574 2594 685 2634 nouem
707 2572 840 2654 attigisse
862 2570 994 2652 scriptus
1015 2571 1063 2631 sit.
1142 2646 1147 2652 ι

224 2671 294 2750 506,
319 2672 367 2734 18.
416 2669 540 2752 γέγονεν
567 2671 601 2734 ἐν
617 2665 726 2756 Ῥώμῃ
747 2667 892 2752 σύνοδος]
916 2669 955 2731 de
976 2668 1062 2730 cuius
1085 2679 1231 2754 tempore

140 2753 178 2817 ad
202 2777 275 2838 pag.
299 2755 360 2816 988
381 2764 484 2816 notae.

220 2851 292 2934 597,
315 2855 362 2917 15.
406 2853 486 2916 ΚΠ.
508 2849 673 2926 ἐπίσκοπος
703 2852 839 2934 Πέτρος]
872 2851 961 2914 Pauli
993 2871 1106 2914 nomen
1135 2873 1230 2936 repo·

138 2937 406 2998 nendumdoeeut
437 2937 544 2998 variae
580 2937 735 2998 lectiones.
787 2933 826 2996 de
844 2935 969 3018 Pyrrho
995 2938 1061 2998 sedi
1083 2939 1229 2999 restituto

139 3023 275 3086 inustas.
300 3021 499 3082 collectanea.
520 3021 595 3081 clercs
612 3021 710 3080 statim
726 3021 803 3080 custo
824 3019 937 3080 iudicio
956 3039 1008 3080 sito
1029 3021 1146 3082 delevit
1163 3041 1230 3082 eum

136 3103 175 3165 de
194 3104 271 3164 libro
291 3107 466 3165 viventium.

222 3201 305 3266 Ibid.
321 3201 368 3265 10.
412 3197 560 3264 κόλοοοον
574 3193 684 3262 ‘Po'dov
706 3193 789 3277 μετὰ
816 3197 884 3285 Ιοτξ
897 3193 977 3284 ἔτη]
999 3223 1035 3263 er
1056 3199 1104 3263 his
1126 3223 1229 3282 quau·
1311 3210 1323 3226 “

138 3283 179 3348 do
204 3275 337 3346 colossui
359 3283 495 3349 Ithodius
525 3285 620 3346 fucrit
652 3291 790 3358 erectus,
814 3283 933 3366 collige.
977 3303 1058 3345 anno
1081 3307 1097 3343 a
1120 3283 1228 3347 mundi

137 3367 269 3430 conditu
289 3368 380 3446 5145,
404 3381 436 3433 et
456 3393 472 3430 u
496 3367 610 3432 Christi
633 3363 789 3443 ortu645,
812 3389 860 3428 aes
882 3388 946 3448 quo
969 3367 1139 3428 conflatum
1160 3377 1229 3430 erat

136 3453 242 3536 pretio
267 3451 447 3514 distractum
462 3453 530 3528 luit,
553 3452 637 3513 annis
658 3448 872 3532 posteundcm
895 3458 1033 3510 erectum
1054 3449 1138 3512 mille
1159 3458 1228 3512 tre-

138 3536 235 3596 centis
256 3545 287 3596 et
308 3539 478 3618 sexasginta:
502 3543 622 3596 erectus
646 3543 690 3594 est
707 3534 812 3614 itaque
829 3553 910 3591 auno
933 3556 950 3592 a
971 3532 1078 3593 mundi
1098 3534 1228 3596 conditu

135 3613 230 3696 4785,
253 3643 317 3702 spuo
339 3642 373 3680 ex
396 3617 526 3700 Georgii
541 3617 677 3701 Syncelli
701 3615 800 3690 (cuius
822 3615 1035 3692 continuator,
1057 3616 1227 3698 Theopha.

136 3707 200 3779 nes)
221 3711 371 3784 computo
392 3701 537 3764 Ezechias
561 3700 645 3780 regni
669 3699 852 3759 numerabat
874 3698 1060 3760 vicesimum.
1103 3722 1227 3762 rursum

134 3803 239 3848 vorot
263 3801 357 3848 annus
380 3783 537 3848 Abraham
551 3781 631 3844 0015
650 3780 764 3842 Christi
788 3781 931 3843 natalitiis
956 3782 1039 3864 apud
1059 3783 1227 3846 Eusebium

136 3877 363 3931 consecratore
394 3869 439 3928 his
474 3865 553 3929 adde
575 3874 645 3948 post
680 3873 785 3926 ortum
808 3886 904 3926 annos
925 3859 997 3946 645,
1019 3875 1167 3930 occurret
1187 3867 1227 3928 ab

136 3951 316 4014 Abrabamo
340 3953 370 4012 in
391 3951 489 4014 lucem
503 3953 647 4034 prolecto
671 3944 872 4026 5511530660,
895 3949 1041 4010 detractis
1063 3971 1134 4010 mor
1147 3947 1227 4011 1360

132 4045 277 4118 superest
302 4033 535 4097 1300su1nms:
559 4055 638 4118 quae
657 4031 737 4114 apud
760 4031 929 4092 Eusebium
951 4032 1035 4094 inter
1059 4033 1225 4094 hlsraharni

135 4141 234 4180 annos
255 4117 350 4180 habet
370 4119 518 4180 Ezechiae
540 4118 682 4200 quintum
701 4137 735 4174 ac
758 4114 934 4175 vicesimum
956 4115 1012 4174 sibi
1033 4113 1225 4178 adiunctum.

134 4201 227 4262 aliter
248 4203 380 4262 iterum:
416 4223 495 4262 auno
524 4209 594 4283 post
624 4199 782 4259 Christum
804 4193 865 4257 645
902 4197 1010 4258 colossi
1040 4197 1154 4260 Rhodii
1177 4223 1227 4261 ses

134 4287 238 4345 sarcuil
262 4281 340 4345 1360
363 4286 448 4344 assiriis
478 4295 643 4367 postquam
673 4291 793 4342 erectus
823 4289 881 4341 est:
910 4283 996 4342 anuis
1028 4281 1133 4364 itaque
1155 4293 1225 4344 aute

222 4387 399 4480 susceptam
417 4411 452 4460 11.
982 4402 1017 4455 ³2
