3050 4900
279 310 330 388 ‘ld
438 319 650 388 ANASTASll
681 321 877 389 nss'ronsa
906 318 1220 388 scommatice

282 503 332 555 tus
353 489 463 556 adiuto
476 493 681 556 Constantino
694 497 869 558 Romanum
882 495 1060 579 imperinm.
1100 490 1279 556 constitutis
1297 511 1376 575 ergo

281 579 387 660 pueris
413 579 476 640 suis
495 579 678 655 Caesaribus
705 589 814 662 optata
836 600 914 661 paea
932 580 1053 662 potitus
1082 589 1137 640 est.
1186 585 1378 638 enatantem

283 662 332 720 sir
353 681 413 742 per
435 663 540 724 omnia
561 665 662 726 clarus
681 664 714 724 in
738 665 859 726 virtute
877 660 1013 738 animae,
1043 663 1076 722 in
1098 661 1243 723 acumine
1262 679 1378 734 sensus,

282 745 314 806 in
337 745 518 808 eruditione
539 747 721 826 verborum,
743 748 775 808 in
799 749 957 832 aequitate
978 745 1137 823 iustitiae,
1162 746 1194 805 in
1216 742 1379 806 alacritate

207 845 211 856 ·
281 828 525 906 beneficientiae,
547 831 577 892 in
599 830 714 894 decore
734 831 848 908 vultus,
872 831 904 891 in
925 829 1081 892 bellorum
1100 827 1252 890 virilitate
1270 829 1377 888 acte.

201 913 415 990 sassinate,
438 913 470 974 in
491 915 662 978 barbaricis
683 935 833 1000 magnus,
862 916 894 975 in
926 911 1156 976 contribulibus
1177 911 1377 992 insuperabi-

281 993 335 1072 lis3
359 994 442 1062 undo
463 1007 496 1061 et
516 1007 628 1060 eontra
656 1019 764 1062 omnes
783 999 885 1061 hostes
907 998 1074 1060 victoriam
1095 993 1292 1060 orationibus
1315 994 1376 1056 ob-

280 1080 413 1142 sinebat.

362 1180 471 1243 Mundi
504 1199 587 1244 nnno
607 1177 710 1259 5816,
730 1179 855 1242 divinae
882 1179 1107 1242 incarnationis
1127 1199 1210 1240 anuo
1232 1175 1306 1255 316,
1327 1179 1379 1240 vi.

276 1264 417 1324 eennalia
439 1264 564 1346 imperii
578 1265 732 1326 celebrata
747 1273 820 1324 sunt
830 1264 1023 1326 Constantini
1035 1264 1173 1346 Augusti,
1194 1271 1227 1324 et
1239 1263 1320 1326 facta
1332 1273 1378 1324 est

277 1355 382 1411 saneta
395 1355 426 1409 et
440 1349 618 1411 universalis
631 1349 731 1430 prima
745 1347 880 1430 synodus
894 1347 956 1410 318
968 1358 1107 1430 patrum,
1128 1368 1265 1429 qnorum
1288 1346 1378 1408 multi

278 1431 504 1493 miraculorum
515 1441 606 1493 erant
626 1442 804 1514 patratores
816 1439 848 1492 et
858 1431 1029 1512 coangelici
1040 1431 1110 1508 viri,
1122 1433 1264 1512 stigmata
1278 1429 1373 1491 Chri.

158 1529 233 1598 pto
251 1515 318 1581 sni
342 1517 374 1578 in
404 1537 542 1598 corpere
572 1537 629 1577 suo
658 1517 804 1578 ferentes.
851 1535 914 1597 pro
937 1517 1081 1576 Romano
1104 1523 1210 1576 autem
1232 1514 1324 1575 Vites
1345 1523 1379 1577 et

279 1599 462 1661 Vincentius
484 1600 624 1661 aderant.
681 1597 758 1660 huee
776 1607 883 1660 sancta
902 1597 1038 1682 synodus
1058 1599 1169 1660 Arium
1190 1607 1224 1658 ct
1244 1618 1377 1658 consen.

278 1690 386 1744 taneos
407 1685 472 1746 cius
486 1683 641 1766 deposuit,
663 1683 942 1764 exceptoEusebio
960 1682 1127 1764 Pamphili,
1150 1682 1204 1766 qui
1226 1681 1266 1741 sd
1284 1703 1376 1764 prae·

160 1779 343 1852 p.314sens
363 1765 520 1828 homousii
540 1788 573 1828 se
593 1775 702 1828 tenere
722 1767 817 1830 fidem
830 1787 907 1828 voce
922 1763 1143 1848 profitebatur.
1184 1765 1296 1845 impius
1312 1766 1379 1825 ita·

213 1903 219 1920 ,
277 1871 340 1932 que
362 1851 454 1911 Arius
481 1872 552 1911 euin
579 1849 610 1909 in
638 1847 758 1932 synodo
788 1844 933 1932 praesens
958 1847 1194 1927 adduceretur,
1224 1848 1376 1910 Eusebius

275 1931 515 1995 Nicomediensis
539 1942 571 1994 et
579 1933 735 2015 Tlseognis
756 1939 789 1995 et
799 1934 892 1994 Maris
914 1941 946 1996 et
960 1933 1115 1994 Narcissus
1137 1929 1375 2013 et'l'heoplsan.

274 2025 324 2078 tus
345 2024 377 2078 et
396 2017 599 2099 Patroplsilus
617 2016 701 2078 hisne
726 2016 893 2079 defendere
916 2016 1143 2088 moliebantur3
1165 2016 1218 2098 qui
1241 2035 1373 2096 compo-

275 2109 381 2162 nentes
404 2099 476 2164 lidei
506 2103 640 2163 verbum*
671 2100 885 2183 blasphemum
912 2100 1033 2183 synodo
1056 2121 1238 2182 porrexere.
1283 2099 1372 2182 quod

275 2203 347 2244 eum
372 2181 534 2267 diruptum
556 2193 642 2263 esset,
664 2182 697 2243 hi
718 2184 775 2267 qui
796 2185 947 2245 fecerunt'
960 2181 1037 2244 illud
1059 2183 1178 2245 reversi
1203 2182 1371 2244 damnave-

274 2277 352 2329 runt
369 2267 490 2349 Arium,
510 2269 644 2350 eroeptis
666 2265 812 2332 Secundo
834 2265 1038 2328 Ptolomaidis
1058 2265 1191 2351 Aegypti
1213 2274 1245 2328 et
1266 2265 1372 2328 Theo.

274 2373 314 2412 na
334 2353 549 2418 Marmaricae.
599 2351 711 2435 quibus
736 2372 809 2413 eum
824 2353 900 2428 Ario
924 2350 1053 2434 repulsis
1074 2358 1107 2412 et
1128 2349 1373 2411 anathematiza.

272 2434 313 2497 tis
338 2439 363 2515 *J
384 2435 414 2496 S.
436 2435 611 2521 symbolum
629 2433 702 2500 fidei
724 2433 900 2513 dictavere,
921 2435 1150 2499 subscribentes
1169 2454 1277 2497 omnes
1298 2454 1371 2496 eum

272 2519 485 2602 augustissimo
498 2520 708 2604 imperatores
726 2530 758 2583 et
772 2518 862 2583 laude
872 2518 956 2583 dicta
966 2521 1085 2581 solutus
1096 2528 1143 2581 est
1154 2528 1272 2596 coetus,
1286 2537 1371 2579 anno

272 2624 337 2687 quo
366 2604 550 2688 Byzantium
580 2604 688 2687 coepit
716 2603 889 2666 aedificari.
947 2602 1106 2665 celebrata
1134 2611 1180 2663 est
1207 2602 1306 2685 igitur
1334 2601 1370 2662 S.

271 2686 406 2770 synodus
437 2688 609 2750 indictione
633 2688 695 2765 12,
725 2708 830 2748 mense
851 2685 955 2763 Maio,
978 2685 1029 2747 die
1049 2684 1102 2746 20.
1147 2707 1228 2769 quae
1248 2684 1374 2766 scripsit

273 2770 436 2851 epistolam
467 2772 499 2832 in
522 2770 739 2832 Alexandriam
760 2770 818 2830 Lib
841 2789 890 2829 am
914 2778 946 2830 et
964 2769 1186 2851 Pentapolim,
1205 2790 1373 2853 perquam

273 2854 412 2915 innotuit
431 2857 472 2933 **)
501 2854 685 2915 eiectionem
712 2852 779 2915 Arii
807 2792 941 2914 decenni
962 2862 994 2915 et
1014 2852 1174 2914 Theonoe.
1216 2852 1371 2935 signitica-

194 2938 444 3020 paenitentem
476 2945 508 2997 et
538 2934 577 3000 de
596 2938 745 3015 llleletio,
778 2957 843 3021 quo
872 2956 1013 2998 seorsum
1034 2936 1067 2997 iu
1088 2937 1216 2999 civitate
1234 2936 1370 3018 propria

273 3020 386 3083 tacitus
406 3020 567 3083 resideret.
610 3042 662 3083 eos
684 3042 761 3082 vero
784 3021 839 3105 qui
855 3022 896 3082 ab
919 3020 986 3102 ipso
1007 3041 1116 3084 manus
1137 3020 1371 3103 impositionem

273 3114 473 3187 acceperant,
486 3104 581 3189 magis
594 3098 724 3189 mystica
740 3103 917 3170 sacratione
931 3104 1111 3167 firmandos.
1132 3104 1256 3185 scripsit
1276 3104 1371 3165 etiam

272 3186 311 3251 de
335 3186 463 3271 pascha,
493 3188 526 3249 id
555 3187 685 3250 ulterius
713 3208 786 3250 cum
815 3188 935 3251 ludaeis
969 3187 1143 3249 nullatenus
1164 3186 1370 3263 efficiendum,

270 3272 325 3335 sed
345 3272 515 3335 seeundum
542 3274 676 3333 formam
706 3292 788 3355 quae
821 3292 880 3355 per
899 3272 1019 3332 ltaliam
1041 3270 1228 3350 custoditur,
1252 3272 1285 3332 in
1308 3268 1369 3331 do-

270 3356 386 3418 miniea
406 3356 456 3417 die
478 3357 583 3439 potius
605 3354 837 3417 celebrandum.
883 3354 1028 3418 similiter
1046 3364 1078 3418 et
1097 3354 1247 3439 piissimus
1270 3354 1369 3436 impe-

272 3448 362 3501 ratos·
381 3442 525 3522 epistolas
553 3439 678 3523 scripsit
706 3438 826 3523 ubique
854 3438 996 3503 iubentes
1026 3440 1135 3503 eadem
1162 3460 1244 3522 quae
1262 3448 1370 3499 saneta

271 3520 405 3609 synodus
437 3524 710 3607 promulgaverat,
731 3532 765 3587 et
783 3523 951 3585 firmantes.
991 3534 1156 3607 praeterea
1176 3544 1249 3584 eum
1270 3522 1370 3605 impe-

309 3752 334 3825 *)
352 3749 457 3823 anath}
474 3749 543 3803 llist.
561 3751 686 3822 Trip.12
703 3755 739 3809 δι’
755 3750 1059 3806 amthssustizaseruut.
1075 3753 1115 3805 sic
1133 3752 1205 3809 euim
1221 3767 1272 3802 uos
1287 3748 1368 3803 Chri·

240 3938 244 3941 ·
342 3825 426 3947 pppppi
449 3832 543 3877 contra
561 3822 735 3897 blasphemos
760 3825 899 3895 prolatum
919 3824 1039 3877 solemus
1056 3826 1196 3895 appellare
1219 3822 1367 3877 decretum.

297 3996 483 4083 ’¹)·innotuit}
504 3998 662 4083 Anastasius
691 3998 720 4049 iu
747 4001 830 4087 exilio
855 3999 1034 4085 S3Martiui:
1052 3999 1130 4067 potui
1152 4000 1177 4048 ei
1198 3998 1315 4083 seribere
1334 4016 1367 4050 ae

342 4068 1099 4266 {ltssizt‘gp‘ffllbfl'blttls⁰stff³ttttttt
1118 4068 1366 4195 ttt‘tt'ttttt

343 4228 408 4283 quta
426 4242 469 4263 —.
510 4229 567 4267 aas.
