3050 4900
540 319 595 381 EX
622 317 879 384 satornana.
1177 312 1250 384 277

165 484 347 572 patriarcha
369 488 402 548 in
422 489 556 551 ambone
573 511 701 572 magnae
720 489 876 567 ecclesiae,
895 487 928 548 in
949 507 1012 586 quo
1036 508 1146 586 magna
1165 486 1253 551 exul·
1344 483 1347 492 ’

167 573 246 634 tatio
269 574 353 634 laeta
374 579 437 649 est,
465 584 497 635 ct
515 571 645 634 donavit
672 571 872 655 patriarchae
893 571 963 634 auri
981 571 1073 634 hhras
1094 593 1253 657 qumqua-

166 655 253 738 ginta
275 655 408 718 etoleno
426 656 547 717 vicenas
571 661 721 739 quinque.
751 679 823 718 cum
845 655 926 718 euim
948 665 1024 718 esset
1044 659 1253 740 magnanimus

166 748 201 800 et
221 759 286 799 non
307 759 435 814 avarus,
469 760 573 800 omues
599 741 772 800 consolatus
791 749 837 802 est
860 739 915 822 qui
936 739 1103 821 Nicephori
1127 738 1293 820 avaritiap.
1306 751 1359 807 769

166 823 295 908 fueraut
310 822 391 898 laesi,
404 821 554 906 donisque
565 830 704 884 senatum
715 831 809 906 atque
822 823 963 885 militiam
977 822 1138 886 recreavit
1156 843 1257 904 porro

167 913 284 988 quarto
298 904 365 966 idus
372 905 539 967 Octobrias
549 913 698 966 coronata
712 916 757 967 est
765 907 920 988 Procopia
929 909 1065 988 Augusta
1075 907 1105 968 in
1119 905 1256 968 triclinio

167 991 352 1070 Angusteos,
375 989 541 1074 multisque
570 989 661 1050 donis
686 1000 826 1050 senatum
854 991 1026 1050 liberaliter
1046 992 1140 1052 anxit.
1185 1011 1257 1052 mu.

168 1070 300 1132 lisribns
318 1092 395 1133 vero
414 1071 657 1134 thematicorum
683 1072 836 1149 militnm,
860 1075 915 1156 qui
934 1073 1060 1134 lucrant
1083 1073 1113 1134 in
1139 1071 1258 1155 Vulga-

168 1153 216 1215 ria
239 1155 412 1236 perempti,
446 1156 586 1238 quinque
612 1157 682 1217 auri
704 1158 818 1218 talenta
848 1155 985 1218 donavit.
1033 1153 1258 1239 Theophanam
1343 1167 1347 1176 '

169 1246 274 1299 antem
292 1257 422 1300 uxorem
436 1237 600 1315 Stauracii,
621 1240 806 1321 singularem
828 1241 922 1300 vitam
944 1237 1123 1320 amplexam,
1145 1250 1177 1302 et
1199 1260 1257 1300 co.

168 1328 279 1403 gnatos
301 1320 392 1398 illius,
413 1321 468 1404 qni
488 1321 704 1384 miserabiliter
722 1323 780 1385 sab
801 1322 979 1404 Nicephoro
1004 1323 1153 1398 vixerant,
1177 1322 1258 1384 dita.

168 1405 239 1481 vit3
261 1404 347 1464 inter
367 1425 446 1486 quae
466 1405 615 1487 insignem
646 1425 773 1502 qnoque
804 1405 931 1467 domurn
952 1405 1174 1467 monasterium
1194 1407 1258 1466 Ta.

166 1485 318 1548 hebraica
339 1485 479 1564 dictum,
512 1489 568 1550 ubi
588 1489 766 1568 stauracius
788 1491 1007 1571 catapultas,
1031 1487 1074 1550 illi
1097 1489 1258 1552 concessit.

170 1589 278 1631 omncs
299 1570 394 1630 etism
421 1571 570 1652 patricios
596 1579 630 1634 et
659 1579 836 1646 senatores,
864 1571 1038 1634 sacerdotes
1068 1593 1105 1633 ao
1125 1591 1259 1634 summos

169 1651 346 1715 sacerdotes
368 1663 402 1716 et
419 1653 598 1730 monachos,
619 1655 784 1716 militantes
803 1666 834 1717 et
847 1675 1009 1738 pauperes,
1031 1665 1094 1716 tam
1119 1653 1150 1714 in
1174 1653 1260 1736 regia

171 1737 251 1798 urbe
273 1759 368 1820 qnam
388 1737 420 1796 in
442 1737 627 1798 thematibus
650 1738 805 1821 degentes,
825 1739 1037 1822 locupletavit,
1052 1738 1130 1800 adeo
1151 1745 1187 1798 ut
1201 1737 1259 1798 im·
1279 1809 1281 1814 Ι

171 1819 385 1882 mensurabilis
403 1820 721 1903 avaritiaNicephori‚
743 1830 988 1906 propterquam
1009 1830 1042 1884 et
1060 1820 1140 1882 male
1156 1819 1261 1903 periit,

171 1903 204 1963 in
222 1902 330 1986 paucis
354 1901 462 1965 diebus
478 1903 661 1986 disparuisse
679 1905 880 1988 probaretur.
921 1925 1015 1986 super
1034 1904 1147 1968 multos
1167 1924 1263 1986 prae·

170 1993 259 2048 terea
280 1985 417 2067 optimos
448 2007 552 2048 mores
572 2007 662 2065 suos,
682 2009 753 2049 cum
774 1989 843 2070 pius
865 1998 896 2052 et
916 1986 1191 2050 orthodoxissimos
1212 2009 1262 2050 es-

171 2079 231 2148 set,
252 2069 441 2132 tristabatur
460 2091 556 2153 super
577 2071 623 2132 his
645 2073 698 2154 qui
721 2083 865 2134 asancta
892 2072 1115 2132 scindebantur
1136 2069 1262 2133 ecclesia

172 2173 361 2236 quacunque
380 2155 542 2216 occasione
559 2153 623 2216 sire
646 2155 824 2216 rationabili
845 2156 909 2217 sive
930 2154 1155 2228 irrationabili;
1179 2153 1262 2216 mul-

171 2243 302 2318 tumque
332 2235 553 2298 sanctissimum
581 2237 811 2318 patriarcham,
834 2247 866 2300 et
883 2259 935 2299 eos
954 2237 1009 2320 qui
1029 2244 1179 2319 poterant
1199 2257 1261 2318 pro

177 2320 332 2380 communi
352 2341 430 2401 pane
444 2339 647 2398 concurrere,
666 2342 779 2402 rogans
795 2321 1062 2404 conquiescebat,
1082 2321 1164 2384 intsr
1184 2339 1262 2402 quos

174 2411 208 2464 et
226 2401 427 2466 Theodorum
447 2403 654 2487 hegumenum
673 2404 777 2465 Stadii
798 2412 830 2465 et
851 2405 1012 2465 Platonem
1034 2413 1129 2485 atque
1152 2403 1261 2484 loseph
1269 2429 1295 2487 p.
1308 2413 1360 2469 tto

172 2485 441 2569 arehiepiscopum
462 2487 773 2569 Thessalonicensem,
796 2488 926 2549 fratrem
947 2484 1118 2561 Theodori,
1145 2485 1176 2545 in
1204 2506 1262 2545 cu.

172 2568 280 2631 stodiis
303 2570 445 2632 detentos
468 2570 596 2643 amaris,
619 2591 681 2630 una
701 2591 773 2631 cnm
794 2570 977 2652 primatibus
999 2590 1126 2651 quoqne
1147 2590 1261 2631 mona.

171 2652 259 2715 certi
280 2672 391 2715 eorum
410 2653 569 2735 satagebat
598 2654 705 2728 unire;
752 2652 817 2716 nod
837 2662 869 2715 et
890 2654 977 2716 facit.
1020 2662 1158 2714 ceteram
1179 2652 1262 2715 misit

175 2736 269 2797 etad
296 2736 447 2799 Carolnm
479 2738 704 2818 imperatorem
729 2676 927 2799 l'rancornm
962 2757 1024 2818 pro
1056 2756 1134 2817 pace
1167 2742 1262 2817 atque

171 2829 340 2882 contractu
359 2820 539 2902 nuptiarum
562 2820 593 2881 in
616 2818 886 2903 Theophylactum
906 2820 1004 2881 filium
1025 2840 1126 2879 suum.
1169 2818 1263 2880 Nice·-

196 2902 290 2965 horns
313 2924 442 2987 quoqne
469 2903 673 2965 sanctissimus
702 2904 883 2984 patriarcha
910 2902 1079 2965 transmisit
1100 2901 1262 2986 synodicas

171 2924 292 3048 litteras
320 2988 360 3048 ad
390 2990 527 3049 Leonem
559 2986 782 3048 sanctissimum
812 3008 926 3069 papam
955 2988 1148 3049 Romanum:
1173 2994 1262 3047 antea

172 3070 292 3153 quippe
311 3068 445 3131 faciendi
459 3069 522 3131 hoc
543 3068 749 3166 sNicephoro
771 3068 1006 3151 prohibebatur.
1028 3090 1129 3151 porro
1148 3078 1261 3129 octavo

170 3152 316 3215 kalendas
330 3151 486 3213 lanuarias
505 3152 634 3237 quintae
646 3150 975 3232 radiationisMichael,
994 3151 1262 3234 tranquillissimus
1375 3180 1378 3189 ·

172 3234 363 3315 imperator,
396 3235 561 3297 coronavit
579 3234 849 3319 Theophylactnm
883 3235 980 3296 tilium
1001 3256 1090 3296 suurn
1111 3234 1141 3295 in
1162 3232 1263 3317 impe·

172 3327 314 3379 ratonem
335 3341 354 3379 a
372 3317 550 3401 Nicephoro
579 3319 784 3401 patriarcba,
806 3319 837 3379 in
862 3319 994 3379 ambone
1013 3318 1141 3379 maioris
1161 3318 1263 3379 eccle..

171 3401 253 3478 siae,
276 3401 354 3463 feria
383 3402 509 3484 quinta;
542 3410 574 3463 et
608 3402 724 3463 ohtnlit
754 3402 1008 3484 pretiosissimum
1045 3410 1263 3462 ornamentum

170 3494 280 3545 saneto
301 3485 414 3547 altario
438 3490 464 3561 ¹)
494 3484 528 3545 in
560 3485 637 3547 vasis
659 3485 760 3548 aureis
795 3495 827 3547 et
859 3485 1011 3567 lapidibus
1041 3484 1208 3545 venustatis
1230 3492 1264 3545 et
1362 3532 1365 3543 .

172 3566 393 3651 quadrangulis
413 3569 495 3645 selis,
516 3568 685 3653 antiquitus
709 3590 746 3631 ex
766 3589 845 3629 auro
867 3578 899 3631 et
919 3588 1061 3649 purpura
1085 3568 1168 3629 clare
1187 3586 1264 3629 con·

173 3651 275 3730 tertis,
296 3661 392 3735 atque
420 3651 651 3713 admirabilibus
679 3652 791 3713 sanctis
818 3651 999 3733 imaginibus
1025 3650 1158 3713 variatis.
1201 3650 1263 3711 do-

175 3734 263 3797 navit
286 3744 389 3797 autem
407 3744 441 3797 et
453 3734 653 3819 patriarchae
667 3735 738 3797 auri
759 3734 852 3797 libras
866 3736 1005 3819 quinque
1026 3742 1058 3797 et
1075 3735 1205 3809 vicenas,
1227 3752 1264 3795 ac

210 3893 236 3964 ')
255 3890 362 3961 altario!
382 3892 513 3945 Glossas:
540 3892 748 3960 θυσιαστήριον
774 3892 908 3956 altarium,
927 3893 1077 3945 sacrarium.
1115 3890 1264 3943 Concilium

245 3962 370 4029 Cartha·
388 3964 407 4014 2
422 3980 481 4015 osu.
500 3964 534 4016 2=
555 3964 659 4033 placuit
675 3972 706 4015 ut
726 3964 756 4013 iu
775 3964 899 4027 omuibus
916 3972 945 4017 st
962 3964 996 4014 ah
1013 3960 1137 4013 osnuihus
1159 3962 1268 4031 pudicis

245 4033 286 4084 tia
303 4032 478 4095 custodiatur,
492 4034 539 4105 qui
557 4034 653 4085 altario
673 4032 837 4087 deserviunt.
867 4042 979 4103 usurpat
998 4049 1055 4083 eam
1073 4048 1165 4085 vocem
1182 4036 1264 4083 Sess-

246 4119 292 4153 sos
310 4102 373 4155 hist
392 4120 445 4157 sac.
467 4105 492 4164 l,
509 4104 606 4157 Paulus
623 4103 810 4159 warnefridus
835 4103 868 4157 sls
885 4112 951 4173 gest.
977 4102 1100 4173 Lougob.
1115 4102 1133 4157 ὁ
1149 4103 1176 4167 6,
1194 4104 1263 4159 Grs-

249 4173 339 4245 gorius
358 4174 521 4228 Tunddl,
563 4174 641 4230 Fara.
