3050 4900
342 351 347 362 ’
475 358 529 424 EX
557 357 816 425 remenses„
1145 355 1194 430 03

128 515 243 580 conuitio
262 511 425 578 retinendi.
470 514 577 598 itaquo
591 513 737 598 vigesimo
761 514 873 598 quinto
896 511 1023 597 imperii
1042 513 1194 579 1beodo.
1201 533 1229 590 p·
1244 479 1296 576 tob
1317 512 1351 571 14

125 603 243 664 sdonno
277 599 360 682 opud
383 596 539 680 Ephesum
574 597 751 660 celebretur
780 599 874 662 tertio
905 610 1011 661 senetu
1044 599 1193 683 synodus.

125 685 247 746 omnibns
265 705 338 745 sune
365 680 552 742 antistitibus
574 681 851 761 convenientibus,
874 684 1003 744 Iounues
1023 684 1193 763 Antioche-

123 789 168 829 nus
186 777 214 829 et
244 763 417 828 orientales
444 765 476 826 in
499 763 581 826 dictu
602 764 671 842 die,
693 773 725 826 ct
745 785 827 849 quus
854 774 927 827 unte
946 775 1060 828 statuto
1080 769 1192 846 fueret,

122 852 231 914 minime
249 859 488 912 concurrerunt.
538 867 640 930 porro
665 847 888 911 decimosexto
910 850 961 913 die
983 858 1056 931 post
1075 851 1192 934 praefi.

121 935 219 1011 nitsm,
239 937 354 996 Ioanne
383 951 447 992 non
474 932 631 1009 veniente,
653 933 798 1013 pervenit
825 932 983 995 Nestorius
1004 955 1076 995 cum
1094 936 1194 996 mults

122 1017 259 1096 instantio,
281 1015 489 1100 vicesimoque
512 1014 622 1076 mensis
638 1015 716 1076 Iunii
731 1014 782 1077 die
801 1015 957 1078 celebrate
980 1025 1027 1078 est
1045 1017 1193 1101 synodos,
1218 1075 1223 1084 .

119 1101 247 1163 Nestoris
279 1098 398 1184 Cyriliu
429 1109 461 1160 et
486 1097 623 1160 iuvenali
650 1096 906 1180 praesidentibus.
948 1101 1192 1185 porrossyriiio

119 1183 234 1244 bomani
254 1181 413 1266 pontificis
426 1182 505 1244 vices
518 1190 628 1266 ugente
643 1191 675 1243 et
690 1191 802 1243 cuncto
820 1182 996 1266 theologice
1005 1183 1193 1266 disputante,

119 1263 183 1326 dicit
192 1267 349 1330 Nestorius
365 1287 436 1328 cnm
451 1265 549 1326 multu
562 1264 709 1326 iactantis
732 1270 811 1348 “ego
834 1267 921 1329 iiinm
941 1267 995 1351 qui
1016 1268 1193 1330 bimenstris

117 1350 332 1414 ettrimenstris
347 1350 446 1411 factus
461 1357 515 1425 est,
536 1369 697 1431 uunquam
713 1347 805 1410 deum
821 1351 1057 1427 nominaverim,
1078 1360 1111 1414 et
1121 1351 1192 1414 ideo

116 1433 228 1496 nundus
243 1455 313 1496 snm
328 1454 345 1493 u
362 1431 509 1515 sauguine
523 1441 637 1510 vestro,
659 1441 691 1494 et
705 1452 739 1493 ex
753 1432 814 1494 boc
831 1431 938 1496 advos
952 1433 1125 1496 nuliatenus
1139 1457 1193 1497 ro-

116 1513 217 1596 pedubo
229 1521 256 1591 ;''
279 1526 312 1579 et
332 1516 378 1577 his
393 1514 482 1578 dictis
496 1535 568 1578 eom
579 1537 629 1578 sex
643 1514 805 1598 episeopis,
830 1517 886 1600 qui
898 1517 1075 1580 voluntarie
1094 1518 1193 1580 secuti

116 1608 173 1660 snut
194 1619 273 1672 enm,
298 1599 385 1660 abiit.
407 1599 429 1659 ii
451 1619 528 1662 vero
550 1600 605 1682 qui
625 1598 709 1660 circe
722 1599 978 1683 Cyriitomerunt
994 1609 1121 1683 postera
1142 1601 1193 1663 die

116 1683 332 1755 convenientes,
353 1683 465 1745 misere
485 1690 548 1744 tres
569 1681 735 1765 episcopos
749 1700 863 1746 vocure
880 1682 977 1761 illum,
999 1691 1032 1746 et
1047 1704 1111 1744 non
1131 1684 1193 1746 ob·

115 1767 224 1828 audivit.
236 1765 419 1850 parimodo
431 1763 566 1828 secundo
580 1776 612 1829 et
627 1766 722 1828 tertio
733 1775 766 1828 et
777 1774 892 1863 quarto
906 1766 1054 1852 usynodo
1070 1787 1192 1828 convo·

113 1857 182 1912 estus
201 1870 263 1913 non
288 1849 388 1912 venite
409 1849 463 1912 sed
486 1856 519 1912 et
547 1848 614 1911 ilios
632 1849 687 1933 qui
712 1849 796 1911 missi
818 1850 954 1927 fuerunt,
974 1850 1097 1912 iniuriis
1118 1853 1192 1912 feeit

113 1939 137 1990 et
153 1931 344 1995 contumeliis
366 1931 458 1995 affici.
503 1942 579 1994 tune
600 1932 735 2016 synodus
755 1931 877 1995 iniuriis
898 1942 931 1995 et
949 1933 1120 2016 ignominia
1140 1935 1188 1994 lo-

112 2015 205 2078 contis
224 2017 392 2100 episcopis,
415 2017 470 2100 qui
491 2014 573 2078 missi
587 2015 721 2096 fuerunt,
742 2017 887 2100 receptis,
906 2018 1089 2079 sententiam
1109 2037 1188 2099 pro-

110 2098 169 2193 tulit
187 2100 216 2162 io
240 2123 326 2182 oum,
341 2105 386 2220 et*
394 2098 529 2161 ebenum
549 2100 619 2196 fere
640 2099 679 2161 sb
701 2101 788 2161 omni
801 2121 889 2162 sacru
905 2100 1055 2184 dignitate
1075 2099 1187 2198 deere-

107 2184 468 2348 tttttttstt
487 2183 702 2329 tttttttt
715 2184 1122 2350 ¹i'iu'isiii'ffi’ssi'spi?
1136 2192 1187 2328 ὶῖἲ

109 2346 172 2425 giuti
190 2371 239 2413 sex
259 2371 368 2414 seeum
388 2349 539 2432 episeopis
561 2347 692 2424 bubitis3
716 2349 771 2434 qui
792 2372 865 2412 cum
879 2350 1055 2413 didicissent
1076 2351 1186 2413 Nesto·

108 2427 175 2493 tium
196 2433 257 2499 ism
282 2433 468 2516 depositum,
487 2431 572 2495 scissi
592 2456 609 2493 o
626 2439 729 2495 sanctu
750 2433 871 2515 synodo
894 2443 1017 2497 etcum
1039 2433 1184 2496 Nestorio

107 2516 284 2582 considentes
303 2517 484 2599 deposuere,
504 2526 541 2577 ut
564 2515 787 2599 opinabuntur,
814 2518 967 2600 Cyribum
988 2525 1021 2578 et
1039 2520 1184 2579 Memno-

105 2615 162 2659 nem
181 2600 386 2685 Ephesiorum.
428 2598 641 2663 Theodoritos
655 2620 728 2661 saue
750 2609 863 2683 puteus
877 2600 1027 2683 Cyn-ilium
1049 2605 1082 2661 in
1101 2598 1219 2688 dno-9.
1229 2616 1279 2677 140

104 2676 190 2744 decim
212 2685 352 2769 capitulo
377 2684 551 2762 offendisse,
573 2691 700 2765 prester
713 2683 878 2746 veritatem
898 2684 1113 2746 onerationem
1133 2684 1183 2745 se-

103 2762 181 2845 dens,
204 2768 325 2831 ibidem
345 2767 478 2831 Nestorii
499 2788 654 2829 venenum
677 2767 826 2829 evomuit.
869 2765 1003 2849 cyrillus
1023 2786 1100 2829 vero
1122 2786 1182 2848 po·

102 2854 191 2911 tenter
219 2872 388 2934 exsurgens
416 2872 479 2931 pro
501 2848 614 2913 eisdem
630 2850 774 2933 oupitolis
802 2850 957 2913 rationem
978 2848 1125 2927 reddidit,
1143 2870 1182 2912 es

102 2948 168 3011 quae
190 2934 221 2996 iu
244 2935 289 2997 eis
312 2934 470 2997 bebeutur
490 2931 716 3017 interpretans,
737 2943 770 2996 et
797 2933 1036 2999 oecteimicum
1055 2932 1181 2997 tbesou·

99 3031 160 3075 rum
178 3036 243 3080 esse
268 3017 492 3096 demonstraus,
515 3024 609 3100 utque
629 3017 714 3099 pium
740 3017 947 3082 intentionem
973 3039 1061 3081 suum
1082 3016 1181 3079 suuni.

99 3094 194 3163 bstaus
213 3100 373 3163 omnibus.
415 3100 523 3185 itaque
534 3100 744 3164 Antiochenus
765 3102 895 3165 loannes
917 3124 936 3163 e
960 3100 1092 3163 ennodio
1112 3111 1180 3160 ter.

96 3178 134 3239 tio
155 3194 310 3259 vocatus,
341 3194 374 3246 et
391 3204 455 3246 non
485 3182 657 3247 obaudiens
685 3194 722 3247 ut
750 3184 889 3261 veniret,
911 3183 1096 3247 sententiam
1118 3199 1179 3247 une

96 3280 154 3325 sou
172 3266 221 3329 bis
250 3268 308 3352 qui
334 3288 439 3331 secum
464 3277 557 3329 eraut
576 3266 712 3351 excepit,
734 3276 772 3329 ut
792 3266 884 3329 alieni
903 3268 1012 3331 forent
1034 3266 1073 3329 ub
1092 3263 1179 3330 omui

95 3348 293 3413 eudesiustiou
324 3350 564 3428 communione,
600 3372 698 3435 usque
727 3348 804 3411 dum
827 3372 891 3413 sese
921 3357 1178 3433 recognoscentes

94 3434 253 3513 proprium
275 3436 504 3497 eonfiteieotur
526 3454 691 3497 excessum.
745 3442 885 3517 tuncque
906 3434 1041 3517 synodus
1062 3430 1177 3497 diffini·

94 3512 138 3590 vit,
161 3536 245 3600 quae
267 3518 308 3579 ob
329 3516 541 3594 Orientalibus
573 3518 605 3579 iu
626 3516 773 3581 iniuriam
791 3517 1052 3579 sanctissimorum
1073 3515 1176 3581 eecle-

92 3596 144 3659 sine
161 3602 347 3681 praesulum
364 3600 473 3685 cyrilli
497 3611 529 3663 et
549 3600 720 3665 Memnonis
741 3600 865 3683 prolate
884 3611 967 3678 sont,
981 3608 1094 3682 utpote
1111 3598 1177 3664 sius

92 3675 149 3763 loge
169 3691 202 3745 et
223 3684 295 3746 siue
313 3704 432 3746 conone
453 3684 650 3767 depromptu,
673 3682 789 3745 nullum
811 3683 875 3745 vim
895 3704 1024 3766 prorsus
1044 3682 1174 3748 hahere.

90 3758 126 3822 bis
145 3766 247 3850 igitur
261 3767 404 3830 omnbius
426 3788 485 3848 per
497 3769 702 3852 suggestiones
714 3766 890 3829 'Ibeodosio
913 3765 1099 3850 imperatori
1121 3786 1176 3827 re·

91 3842 158 3924 letis,
182 3848 259 3913 iussi
290 3859 363 3912 suut
388 3850 528 3949 episcopi
560 3872 597 3913 ex
626 3859 761 3934 ubsque
782 3860 872 3932 porte
902 3849 1067 3913 oscendere
1088 3849 1176 3911 Cou-

88 3932 339 4016 stsntiuopotim3
361 3956 415 4019 qni
438 3955 510 3997 cum
524 3932 737 4010 ascendissent,
758 3933 984 4016 cooperutione
1002 3930 1052 3995 dei
1074 3930 1178 3995 vicere

88 4006 114 4070 bi
132 4018 187 4099 qui
205 4038 247 4079 ex
277 4026 370 4099 purte
395 4016 506 4103 synodi
525 4018 660 4095 fuerunt,
691 4018 880 4101 dimotaque
898 4016 1093 4099 depositione
1111 4018 1176 4081 Ne-

114 4144 136 4215 ‘)
153 4148 182 4199 in
202 4146 322 4271 faeiem}
337 4148 406 4201 nist.
422 4148 538 4217 Tripurt.
557 4144 575 4200 b
592 4144 638 4201 24:
655 4162 718 4199 usui
736 4148 783 4219 qui
797 4146 833 4199 de
850 4147 905 4200 suis
926 4146 1007 4199 dietis
1023 4144 1174 4208 confidunt,

319 4237 335 4270 ι

148 4218 231 4271 etism
254 4218 290 4271 od
337 4220 404 4271 ciem
426 4218 540 4290 probare
558 4232 615 4271 non
631 4219 751 4287 fugiunt.
787 4218 866 4271 Fun.
