3050 4900
629 293 779 358 NOTAE.
1172 295 1244 364 305

156 454 371 517 Diocletianus
382 451 525 513 obsessum
535 452 746 516 Alexandriae
753 453 920 518 Achilleon
935 471 1040 519 oataoo
1048 461 1125 539 fiere
1147 481 1246 522 ntense

154 538 321 623 strpemait,
343 557 471 620 eumque
490 537 646 614 interserit.
688 540 842 600 consentit
856 539 1007 603 Eusebius
1029 543 1060 602 iu
1081 543 1245 620 chronico,

157 625 211 704 qni
235 619 276 681 atl
297 641 414 680 annum
430 639 558 702 quoque
569 621 756 682 Diocletiani
770 623 923 684 decimum
936 624 1150 686 Alexandriam
1173 629 1246 688 sub-

156 715 258 764 aetam
281 703 396 766 referta
417 703 566 764 Busiridis
587 705 659 766 licet
678 714 711 766 et
723 705 817 788 Copti
839 707 1081 770 devastationem
1102 721 1173 774 ante
1193 731 1248 771 so-

157 790 203 852 los
226 797 290 848 tres
313 809 411 848 annos
433 785 578 848 collocet.

240 892 270 972 9,
289 892 320 954 4.
362 891 502 971 διωγμὸν
522 893 622 973 μέγαν
643 894 700 956 καὶ
728 893 996 979 φρικωδέστατον]
1017 898 1103 960 Petri
1125 907 1246 986 marty.

157 979 199 1040 ris
221 989 253 1040 et
276 978 474 1038 Alexandrini
494 979 641 1058 praesulis
655 999 738 1038 anno
752 978 899 1051 secundo,
922 990 1038 1042 motam
1053 983 1083 1044 in
1095 982 1246 1045 Christia.

158 1083 213 1122 nos
234 1063 485 1144 persecutionem
503 1082 678 1122 memorare
697 1063 801 1122 ioman
824 1066 1044 1144 compulerunt
1064 1065 1247 1130 haeoAtlsa-

158 1146 232 1206 nesii
257 1146 352 1205 verba
374 1144 501 1226 apolog.
524 1145 554 1204 9.
579 1145 704 1224 Πέτρος
725 1147 801 1224 παρ’
821 1141 898 1224 ἡμῖν
920 1143 979 1224 noi
1011 1147 1069 1224 pis·
1089 1149 1148 1210 τοῦ
1169 1151 1247 1211 διω-

156 1226 237 1309 γμοῦ
256 1227 380 1306 γέγονεν
412 1225 594 1303 ἐπίσκοπος,
622 1225 656 1287 ἐν
675 1224 710 1287 δὲ
729 1227 775 1311 τῷ
796 1225 923 1308 διωγμῷ
942 1225 997 1289 ani
1015 1229 1245 1314 ἐμαρτύρησεν.

159 1313 264 1374 Petrus
285 1310 374 1394 apud
391 1331 444 1371 nos
465 1325 533 1370 ante
550 1311 781 1394 persecutionem
810 1313 981 1391 episcopas,
1001 1327 1030 1374 et
1054 1315 1088 1376 in
1109 1337 1248 1398 perseca-

155 1397 237 1456 tione
256 1407 375 1472 martyr
390 1393 582 1455 declaratio:
607 1393 731 1454 Eusebii
755 1413 883 1476 quoque
899 1393 991 1456 lib..7
1014 1417 1081 1478 cop.
1104 1397 1161 1460 ult.
1185 1395 1246 1476 apti

155 1479 214 1538 τοῦ
236 1475 379 1555 διωγμοῦ
399 1477 504 1552 τρισὶν
526 1474 597 1536 οὐδ’
616 1469 702 1547 ὅλοις
728 1471 834 1557 ἔτῃσιν
854 1471 1047 1555 ἡγησάμενος
1061 1479 1116 1558 τῆς
1136 1479 1249 1561 ἔκκλη-

155 1556 239 1637 οίος.
280 1582 347 1620 mun
366 1561 528 1620 triennium
556 1580 653 1642 prope
682 1573 754 1620 ante
770 1563 987 1643 persecutionis
1005 1575 1123 1642 tempus
1143 1565 1175 1624 in
1196 1585 1247 1623 aa.

155 1645 247 1704 οΙιεὶο
277 1642 477 1722 grtbernanda
504 1643 740 1726 consumpsisset.
791 1641 826 1700 iis
858 1650 960 1703 tamen
989 1654 1152 1706 auctorem
1183 1669 1246 1706 uon

155 1728 260 1809 probe
282 1747 370 1787 usum
383 1724 562 1787 Athanasius
587 1735 619 1786 ct
638 1724 788 1788 Eusebius
810 1725 868 1806 ipsi
889 1736 1171 1810 santargumento,
1215 1729 1247 1788 ui
1349 1797 1355 1811 ,

157 1811 197 1873 de
215 1811 356 1872 saeviore
381 1809 477 1870 altera
511 1809 748 1870 aDiocletiano
779 1810 924 1869 suscitata
953 1813 1171 1890 persecutione
1192 1751 1248 1874 lo·

157 1906 315 1978 quantur:
339 1893 378 1953 dc
400 1913 461 1976 qua
483 1900 595 1953 auctor
618 1893 683 1975 ipse
701 1891 741 1951 ad
759 1891 948 1953 Diocletiani
967 1915 1082 1954 annam
1104 1893 1152 1957 19.

238 2001 319 2062 Ibat
340 1999 370 2060 7.
413 1997 470 2079 τὴν
490 1995 688 2079 irritatior]
718 1999 758 2060 de
783 2007 957 2084 martyrum
981 2002 1105 2084 praeliis
1127 2013 1158 2064 et
1179 2001 1248 2065 lau.

158 2081 246 2146 dibus
268 2083 308 2145 ad
328 2083 531 2144 ecclesiastica
551 2083 682 2144 historia
703 2104 782 2166 opus
801 2081 965 2144 diversum.

241 2191 320 2252 thid.
336 2190 384 2258 10.
427 2189 641 2267 νεωτερισμοῦ
659 2185 831 2272 γεγονότος]
856 2191 913 2250 iam
927 2201 998 2251 ante
1012 2212 1108 2254 annos
1130 2194 1248 2272 decem,

160 2271 200 2333 cle
222 2295 285 2356 qno
296 2275 325 2334 S.
341 2273 483 2335 Aurelios
503 2273 626 2349 Victor,
648 2275 818 2356 Eutropius
841 2272 892 2335 lib.
909 2271 945 2349 9,
972 2275 1248 2357 PomponiusLae-

161 2364 219 2433 tus,
242 2365 273 2417 et
291 2357 457 2440 Egnatius:
488 2364 520 2418 et
549 2377 604 2416 nos
630 2357 744 2418 axillis
773 2377 824 2416 no.
848 2353 868 2416 6
888 2358 1067 2438 superiore:
1087 2359 1140 2420 sed
1162 2363 1249 2442 qaod
1318 2401 1320 2406 ·

158 2462 206 2503 res
229 2452 304 2502 tunc
321 2440 470 2523 temporis
495 2441 668 2515 innovatae,
690 2439 721 2500 iu
745 2439 912 2521 pristinum
940 2447 1067 2519 statum,
1088 2443 1144 2503 sub
1168 2445 1249 2504 Dio·

157 2526 281 2586 cletiani
296 2526 440 2587 videlicet
453 2532 635 2605 potestatem
652 2524 713 2583 hoc
728 2534 870 2604 ternpore
888 2524 949 2583 sint
961 2522 1116 2603 reductae,
1138 2524 1177 2589 <lc
1190 2527 1248 2587 illis

161 2620 276 2671 auctor
298 2611 488 2671 mentionem
509 2606 612 2668 habet.

239 2716 327 2777 trid.
353 2716 401 2779 19.
443 2709 523 2775 atta
546 2712 602 2773 nai
624 2712 789 2791 Κρᾶσσον]
821 2714 1003 2774 Caransium
1020 2724 1164 2776 auctores
1186 2716 1249 2777 La-

156 2796 215 2858 tini
238 2806 438 2881 nuncupant,
467 2798 553 2858 cuius
583 2796 667 2879 apud
689 2816 756 2869 eos,
779 2798 968 2878 Eutropium
989 2798 1120 2859 maxime
1141 2799 1192 2860 lib.
1216 2798 1247 2877 9,

156 2882 286 2943 historia
307 2882 425 2943 fidelius
447 2881 554 2943 refert.
595 2904 615 2941 a
627 2880 826 2942 Maeinriano
849 2882 944 2940 irtsrzts
964 2880 1062 2941 occidi
1077 2902 1248 2966 purpuram

155 2969 290 3049 sumpsit,
306 2980 337 3027 et
348 2966 526 3026 Britannias
541 2965 707 3048 occupavit
718 2972 775 3023 etc.
797 2962 842 3023 ad
852 2976 1030 3044 postremum
1048 2984 1122 3048 pax
1133 2984 1247 3026 conoe-

154 3052 211 3114 nit.
251 3070 320 3109 eum
340 3063 409 3131 post
427 3049 613 3130 septemium
632 3047 767 3108 Allectus
798 3050 895 3107 socius
925 3050 987 3107 eins
1009 3048 1136 3124 occzilit,
1155 3060 1245 3132 atque

154 3134 221 3214 ipse
231 3146 301 3216 post
321 3155 387 3192 erem
415 3132 594 3192 Britannias
623 3131 753 3191 triennio
775 3130 885 3189 tenuit.-
907 3134 958 3213 qui
978 3130 1066 3189 ditatu
1087 3130 1244 3212 Asclepio.

153 3216 220 3276 doti
233 3216 546 3299 praefectipraetorio
577 3227 619 3273 est
647 3234 808 3297 oppressum
861 3214 903 3272 ita
938 3214 1098 3273 Britannia
1126 3212 1243 3275 decimo

153 3320 234 3359 anno
256 3312 375 3383 recepta
402 3311 453 3361 est.
503 3318 600 3381 quare
629 3294 706 3356 mihi
735 3294 908 3356 correctius
936 3294 987 3355 hic
1008 3294 1139 3376 legitnrs
1162 3291 1242 3356 atti

155 3372 387 3442 νοίἈλλεντον
410 3375 565 3461 Κροίοοοο
586 3376 774 3463 τυραννίδος
797 3372 946 3455 διάδοχον
968 3376 1023 3437 a’ai
1039 3376 1143 3458 τρισίν
1165 3385 1223 3439 etc.

236 3488 318 3549 trid.
341 3488 388 3552 15.
430 3486 463 3548 ἒν
493 3484 529 3547 δὲ
548 3489 619 3557 τοῖς
639 3484 671 3547 Γ
669 3484 805 3566 atltae]
839 3484 1013 3545 Galliarum
1033 3482 1147 3561 locam,
1167 3483 1242 3544 Lin-

155 3592 265 3655 gonas3
288 3573 371 3633 inter
397 3569 515 3652 praelia
538 3570 600 3630 duo
622 3568 754 3649 spatium
779 3568 863 3628 horis
886 3568 1022 3650 quinque
1045 3568 1159 3629 minus:
1181 3566 1242 3627 lio.

154 3662 212 3716 stes
235 3677 298 3716 non
313 3654 443 3730 Alanos,
465 3652 517 3715 sed
539 3654 734 3727 Alamannos,
752 3672 869 3733 eosque
890 3672 960 3712 eum
977 3650 1110 3713 Eusebio
1134 3650 1172 3711 ad
1189 3650 1241 3727 60,

158 3760 221 3799 non
243 3736 264 3799 6
287 3738 381 3799 millia
417 3738 524 3798 scribit
551 3735 722 3818 Eutropius
750 3736 870 3813 citatus,
895 3734 949 3817 qui
973 3734 1082 3796 Allecti
1105 3736 1240 3807 caedem,

153 3831 187 3883 et
196 3822 369 3883 Constantii
389 3820 555 3881 uictoriam
571 3820 602 3879 in
618 3817 750 3880 eundem
765 3840 879 3879 annum
895 3826 1041 3879 recenset.
1082 3838 1141 3901 per
1159 3820 1242 3880 idem

153 3918 267 3988 &napus
295 3925 319 3968 a
340 3905 516 3965 Constantio
548 3902 672 3963 Caesare
701 3902 735 3962 in
769 3902 874 3961 Gallia
901 3912 1071 3985 pergratum
1096 3914 1139 3961 est
1157 3906 1241 3964 eirca

156 3987 319 4069 Lingones.-
339 3988 390 4048 die
408 4008 467 4047 una
493 3986 651 4047 adver-sam
678 3999 710 4046 et
735 3984 894 4045 secundam
911 3987 1076 4061 fortunam
1097 4000 1241 4065 esperare

152 4084 205 4131 est.
247 4093 321 4132 nam
340 4092 405 4132 aens
432 4083 550 4153 repente
577 4070 715 4128 barbaris
743 4068 951 4147 ingruentibus
983 4066 1063 4126 iutra
1092 4070 1241 4127 civitatem

151 4166 227 4228 esset
243 4168 371 4230 coactus,
390 4168 453 4215 tarn
472 4155 637 4236 praecipiti
662 4154 852 4226 necessitate,
884 4162 917 4211 ut
940 4150 1048 4210 clarrsis
1067 4154 1164 4227 portis
1181 4170 1242 4234 per

255 4276 433 4350 lincopiensi
451 4278 489 4331 tr.
1006 4269 1040 4323 20
