3050 4900
286 348 360 424 [166
656 360 698 421 ΙΝ
729 356 1006 421 ΤΗΕΟΡΗΔΝΕΜ

284 530 318 591 ἐν
341 528 504 613 προκίσσῳ
527 527 585 589 τοῦ
603 518 751 606 ἑβδόμου,
775 530 808 589 s‘n
825 547 965 608 processu
981 524 1028 586 ad
1045 524 1237 587 Hebdomon
1257 524 1379 589 bsbito.

284 614 464 691 simocatta,
487 606 630 693 φοράδην
651 610 767 690 ἀχθείς
787 604 805 670 si
821 604 971 684 lonsicin
986 609 1129 687 Τιβέριος
1141 608 1197 671 tae·
1205 604 1263 689 τήν
1285 605 1381 671 dnus·

284 698 366 775 θρον
384 692 447 757 τοῖν
466 692 636 771 βασιλείων
658 688 768 773 assis,
802 690 871 772 ἥτις
899 686 1082 772 πσρὴνωτοι
1110 692 1150 776 τῇ
1170 693 1380 768 πολυστιβιίδι

283 778 347 841 τῶν
367 771 549 855 ἀνακτόρων
569 774 667 861 οίκίρ,
694 775 748 838 καί
766 776 929 859 προαυλίιρ
951 780 1129 855 περιφανεῖ,
1151 772 1207 835 καί
1225 774 1380 860 περιίόξφ

284 860 329 948 τῷ
347 858 532 943 προσκηνίρι.
582 861 746 943 imperator
783 862 918 921 liberius
937 859 1010 919 lecto
1037 872 1166 933 gestatus
1198 858 1247 919 ud
1274 862 1380 939 regine

282 948 392 1005 utrium
411 944 463 1002 snb
483 943 536 1003 dio
560 945 706 1026 positum,
741 945 822 1027 quod
841 943 961 1001 aedisun
985 942 1144 1025 multiplici
1162 944 1380 1021 contignatione

269 1029 511 1109 fastigiatasaun
533 1026 687 1087 domicilio
717 1027 907 1108 nclissngitur,
928 1039 958 1085 et
976 1025 1085 1083 illustri
1104 1025 1255 1099 vestibulo,
1276 1028 1379 1087 uisen-

282 1110 378 1195 doque
394 1110 549 1193 proscenio
568 1110 700 1170 vicinum
722 1124 771 1169 est.
823 1106 1026 1170 tribunalium
1061 1107 1167 1189 itaque
1196 1129 1298 1168 ascesa
1317 1130 1380 1191 pa·-

283 1200 402 1253 tentem
424 1192 572 1271 existimo,
596 1190 635 1251 ad
657 1214 749 1275 quam
774 1192 948 1275 imperator
970 1190 1009 1251 ud
1030 1190 1252 1252 allocutionem
1270 1214 1379 1277 proce-

283 1274 356 1338 dens
375 1296 599 1358 nonnunquam
620 1274 745 1336 soleret.

365 1397 451 1480 388,
478 1396 526 1459 16.
570 1394 691 1479 ἡμέρας
712 1395 811 1473 ὀκτώ]
841 1396 918 1459 aluos
941 1398 1016 1457 ulios
1037 1395 1125 1461 addis
1145 1397 1321 1459 cedrenus:
1342 1418 1380 1459 ac

285 1484 408 1546 merite.
454 1482 565 1564 quinto
598 1504 731 1565 namque
760 1480 908 1542 Octobris
932 1481 1106 1562 imperator
1125 1482 1285 1556 salutatus,
1306 1490 1381 1563 post

281 1588 378 1628 anuos
407 1564 532 1649 imperii
570 1575 648 1643 tres,
680 1588 715 1625 ac
738 1585 853 1624 incuses
885 1562 1008 1642 decem,
1042 1564 1066 1623 si
1095 1565 1221 1647 Augusti
1256 1566 1377 1625 decimo

283 1659 412 1734 quarto,
435 1658 471 1709 ut
489 1648 586 1709 babet
606 1648 715 1710 ebron.
741 1644 997 1726 Alexandrinum,
1019 1655 1051 1708 et
1073 1658 1186 1707 auctor
1206 1645 1378 1730 adstipula.

282 1743 353 1812 tur,
373 1732 517 1795 Tiberius
541 1733 673 1792 animam
707 1730 863 1803 reddidit,
885 1728 924 1789 sd
960 1729 1152 1813 praedictam
1172 1752 1327 1793 annorum
1346 1742 1379 1794 ct

283 1816 433 1879 meusium
455 1836 606 1877 summum
626 1812 689 1875 dies
711 1814 813 1875 adbuc
835 1811 941 1875 decem
962 1811 1083 1875 adiecit.

365 1923 448 1987 Ibid.
475 1919 522 1985 19.
565 1921 632 2000 μετ’
653 1920 757 2001 ὀλίγον
775 1914 875 2001 γάμον
896 1921 1075 2001 πεποίηκεν]
1096 1921 1236 1983 Mauritii
1254 1920 1377 2004 nuptias

286 2006 427 2067 nonnihil
451 2016 521 2087 post
544 2015 707 2086 arreptum
729 2004 767 2064 sb
789 2026 826 2065 eo
850 2005 1017 2083 impes-ium
1037 2003 1185 2068 describit
1207 2004 1378 2067 Simoentis

287 2088 340 2149 lib.
363 2090 378 2149 1
402 2110 469 2171 cap.
497 2087 545 2166 10,
565 2088 718 2170 Euagrius
742 2088 795 2148 lib.
820 2084 841 2148 6
862 2108 933 2169 cap.
963 2088 989 2149 1.

367 2210 446 2273 thid.
468 2208 518 2275 90.
559 2195 824 2292 nupsndupsvcsb
847 2210 1012 2292 Μαρίτης]
1032 2210 1245 2292 Μαργαρίτης
1268 2233 1376 2274 corre-

285 2296 363 2357 ctius
387 2295 516 2355 effertur
548 2294 630 2375 apud
656 2294 871 2354 Simocuttum.
915 2294 1146 2378 paranymphus
1170 2296 1263 2356 etiam
1283 2295 1379 2357 bodie

287 2378 371 2462 apud
393 2379 529 2438 Graecos
550 2396 695 2459 sponsam
718 2378 866 2454 deducit,
897 2386 991 2460 utque
1023 2376 1141 2438 idcirco
1170 2372 1379 2461 νυμφαγωγὸς

287 2462 390 2525 auditi
413 2471 445 2523 et
464 2469 649 2543 sponsorum
672 2481 805 2522 coronas
828 2459 998 2536 (redimitos
1021 2463 1139 2544 quippe
1162 2467 1300 2524 Graecos
1319 2484 1380 2524 nu.

286 2548 374 2622 bere,
396 2556 427 2606 et
450 2547 570 2625 nuptias
593 2538 784 2627 circuiverunt
803 2565 918 2606 vocare
939 2546 1114 2627 scripsimus
1136 2548 1175 2607 sd
1198 2545 1384 2628 euchologi-

289 2637 340 2706 ca)
363 2639 449 2690 retro
472 2636 629 2688 sustentet.
681 2649 730 2690 ens
756 2637 859 2689 tamen
895 2649 1045 2710 nusquam
1075 2629 1179 2714 attigit
1198 2631 1383 2712 Margarita

290 2735 326 2774 ex
346 2713 536 2774 Simocattse
557 2711 784 2788 observatione,
807 2711 892 2794 quod
906 2713 1021 2792 spousi,
1044 2733 1105 2772 non
1127 2722 1164 2772 ut
1181 2713 1308 2794 plebeii,
1328 2713 1383 2774 scd

292 2797 352 2856 iam
374 2797 578 2875 imperatores
611 2795 754 2854 coronati
791 2795 828 2854 ud
861 2795 1041 2877 coniugium
1069 2797 1263 2858 accederent.
1306 2789 1384 2856 idi

261 2947 263 2954 Ι
292 2871 505 2960 νυμφαγωγὸς
527 2871 628 2936 κύλικι
647 2871 722 2948 τούς
752 2877 911 2959 νυμφίους
940 2872 1222 2961 ἐφιλοφρονήσατο.
1266 2874 1306 2938 od
1326 2879 1387 2940 θέ-

289 2981 345 3038 μις
369 2955 429 3038 γὰρ
457 2950 494 3038 ἦν
515 2958 686 3020 ἐπιθέσθαι
710 2954 894 3040 στεφάνους.
923 2961 963 3020 ου’
981 2961 1043 3040 γὰρ
1064 2961 1191 3022 ἰδιῶται
1214 2961 1386 3040 ἐτύγχανον

295 3039 323 3103 oi
345 3035 593 3122 νυμφεοόμενοι·
624 3033 683 3122 ἤδη
703 3037 765 3120 γὰρ
788 3042 878 3104 τοῦτο
897 3041 939 3125 τῷ
958 3045 1111 3127 βασιλικῷ
1135 3041 1290 3120 ἀξιώματι
1307 3063 1387 3122 προ·

294 3127 504 3206 κατειληπτο·
556 3127 604 3186 lu‘c
634 3127 862 3208 nynsplsngogus
883 3127 936 3185 ille
961 3127 1075 3209 palam
1105 3130 1223 3211 sponsis
1240 3140 1388 3210 pateram

293 3213 372 3270 meri
381 3210 506 3292 plenum
518 3206 644 3268 incussdo
659 3210 744 3269 cultu
756 3211 909 3290 porrigit:
928 3231 999 3270 num
1017 3225 1101 3272 serta
1121 3214 1228 3271 s's'sdens
1249 3213 1387 3295 impone-

294 3315 328 3353 re
358 3291 573 3374 nondicebat:
602 3291 683 3374 quod
707 3293 828 3374 privati
847 3313 907 3352 non
926 3305 1035 3354 essent:
1065 3305 1096 3355 et
1113 3297 1186 3355 s'stuc
1205 3297 1304 3379 ipsum
1323 3295 1388 3354 ιἀιπ

288 3377 504 3460 imperatoriae
523 3395 648 3435 somnae
666 3387 895 3436 antevensrant.

379 3497 451 3576 389,
478 3497 504 3558 1.
547 3497 590 3582 τῷ
612 3497 647 3560 δὲ
662 3489 836 3585 Ἀπριλλίῳ
859 3499 951 3582 μηνί]
973 3501 1226 3585 Simooettacsp.
1243 3499 1292 3563 11.
1313 3489 1390 3582 ἦρος

297 3579 489 3663 α’ρχομὲνον,
511 3603 580 3641 cere
601 3605 631 3642 se
651 3586 812 3665 aperiente.

381 3705 464 3768 thid.
476 3705 505 3768 5.
546 3701 580 3766 τὸ
603 3706 764 3786 γενέθλιον
784 3699 924 3784 ἱππικόν]
945 3718 1174 3770 terraemotus
1196 3707 1247 3769 die
1268 3699 1391 3768 decimo

300 3791 418 3865 iactus,
442 3789 599 3850 Circenses
633 3789 720 3852 ludos
751 3789 917 3851 undecimo
950 3793 1150 3854 celebrandos
1180 3788 1391 3874 praepedivit.

300 3878 462 3935 Menaeum
486 3871 536 3934 die
556 3874 627 3933 Maii
653 3873 701 3933 11.
756 3869 814 3951 τὴν
842 3871 1018 3955 ἀνάμνησιν
1047 3873 1267 3951 πνευματικῶς
1286 3867 1395 3934 ἐπιτε-

301 3957 418 4030 λοῦμεν
440 3957 494 4017 τοίΙ
515 3954 676 4035 γενεθλίου
698 3951 814 4034 ταύτης
833 3959 889 4035 τῆς
906 3954 1135 4040 θεσφυλοίκτου,
1156 3953 1211 4018 καί
1228 3953 1394 4035 βασιλίδος

301 4039 362 4100 τῶν
377 4033 504 4100 πόλεων.
551 4038 764 4100 ιισισίίιίσηισι,
779 4062 800 4100 a
819 4041 875 4104 deo
892 4041 1056 4103 untoditue
1074 4042 1191 4103 sudium
1211 4043 1328 4102 ίιαίανοε
1346 4059 1395 4098 re·

302 4124 394 4202 gisiae
426 4126 605 4184 mensorium
636 4124 843 4204 spiritualiter
874 4128 1054 4208 peragimus.
1113 4124 1257 4209 Hesycbii
1285 4121 1396 4185 Milesii

306 4227 353 4268 res
374 4205 494 4287 patrias
510 4205 724 4269 consulendae.
