3050 4900
296 339 345 412 6⁰
443 343 653 414 Atlasrtsn
682 345 877 414 noronte
904 343 1217 414 ncctrsttsrtcn

294 507 428 583 saperet,
447 500 570 584 plausus
590 509 622 564 et
641 499 755 566 choros
777 511 811 565 et
831 499 1009 566 saturione
1030 501 1188 566 celebrans
1211 499 1382 564 tumultus-

297 605 359 666 que
391 584 505 646 iaciens
533 582 737 648 contristabat
765 586 967 668 pontificem,
1000 607 1062 648 nou
1099 585 1282 668 permittens
1308 607 1381 648 eum

297 667 525 750 quatentium
545 666 645 732 officia
667 668 845 732 celebrares
866 689 957 751 saepe
978 690 1111 752 namque
1130 668 1279 732 turbabat
1299 669 1381 752 psal-

296 747 403 812 lentes.
436 755 553 812 'verum
573 755 703 814 loannes
724 753 808 816 bunc
826 753 928 816 verbis
947 751 1118 836 mitigabat,
1140 751 1191 817 ille
1215 773 1292 816 vero
1313 752 1381 814 En.

297 831 419 896 duriam
442 841 553 896 contn
577 835 723 898 loannem
737 835 892 912 excitavit,
909 835 998 920 quasi
1017 847 1129 898 contra
1143 835 1299 897 honorem
1317 844 1382 896 sta·

298 923 370 979 tuae
391 916 456 980 eius
476 926 609 1002 gereret.
653 939 729 1004 ergo
749 927 863 981 contra
876 920 1023 1001 loannem
1040 919 1154 982 iterum
1175 917 1295 996 odium,
1319 917 1383 980 ite·

298 1022 369 1062 rum
393 999 450 1062 ira.
501 1000 567 1082 ipse
593 1011 697 1064 autem
726 1023 902 1065 sermonem
933 1001 1049 1078 edidit,
1082 1002 1169 1066 cuins
1191 1001 1314 1063 initium
1334 1009 1383 1064 est

297 1083 434 1145 “iterum
453 1082 605 1146 Herodias
632 1085 754 1148 saevit.”
809 1093 883 1147 tunc
910 1085 1071 1148 inimicitia
1091 1095 1302 1146 consummata
1322 1085 1383 1146 im.

297 1165 458 1248 perstricis
479 1165 624 1229 adversus
645 1190 715 1230 eum
738 1179 895 1231 commotu
915 1176 970 1247 est,
990 1177 1023 1230 ot
1041 1171 1154 1232 iterum
1174 1165 1327 1248 depositio
1350 1174 1384 1230 et

268 1319 272 1328 ,
298 1251 431 1312 exilium·
481 1251 615 1332 populus
646 1261 749 1316 autem
777 1251 935 1314 ecclesiam
964 1251 1118 1329 incendit,
1148 1252 1301 1335 multique
1319 1271 1381 1332 pro

299 1333 413 1394 loanne
432 1332 598 1414 periclitati
617 1345 706 1408 sunt;
729 1334 785 1419 qui
805 1335 909 1418 pulsus
929 1337 969 1398 ah
986 1336 1066 1398 urbe
1087 1335 1118 1394 in
1139 1333 1263 1396 erilium
1278 1332 1383 1394 missus

200 1435 227 1492 p.
238 1419 290 1474 tal
299 1427 352 1494 est,
374 1414 429 1478 ubi
451 1427 483 1478 et
506 1416 537 1478 in
560 1415 687 1480 domino
707 1417 796 1480 obiit.
839 1417 893 1502 q'ni
914 1439 985 1480 curn
1006 1429 1084 1482 esset
1103 1417 1134 1479 iu
1154 1416 1254 1491 exilio,
1275 1438 1383 1478 conse·

298 1507 401 1562 cratus
425 1507 470 1560 est
490 1499 631 1564 Arsacias
660 1501 759 1564 frater
779 1501 934 1578 Nectarii,
959 1503 1104 1585 quiante
1128 1499 1384 1583 chrysostomum

297 1582 459 1666 episcopus
482 1583 568 1644 urhis
589 1584 691 1667 regiae
711 1583 822 1647 fuerat.
874 1584 1069 1646 lnnocentius
1103 1592 1207 1645 autem
1227 1585 1382 1646 Romanus

298 1687 361 1728 non
385 1665 627 1729 communicavit
649 1665 794 1730 electioni
818 1665 950 1746 loannis,
971 1665 1025 1730 sed
1046 1669 1105 1750 pe'r
1125 1664 1243 1728 litteras
1263 1668 1383 1728 clerum

297 1749 472 1812 consolatus
500 1756 545 1810 est
573 1748 722 1830 civitatis,
752 1758 787 1813 et
818 1770 914 1834 super
943 1749 1170 1813 temeritatibus
1198 1747 1383 1833 indignaba-

298 1839 362 1894 tur.
415 1829 607 1916 Epiphanius
628 1853 705 1896 vero
735 1833 776 1898 ad
797 1834 936 1919 Cyprum
965 1835 1130 1918 navigavit,
1153 1830 1212 1895 deo
1235 1832 1388 1898 nimirum

298 1915 516 1998 migrationem
546 1915 609 1978 eius
638 1916 888 1998 praenuntiante.
941 1917 1031 1980 aiunt
1047 1925 1152 1980 nutem
1172 1915 1258 2000 quod
1279 1924 1311 1979 et
1331 1917 1384 1978 lo-

298 1999 372 2060 anni
393 1999 486 2061 smem
507 1998 538 2060 in
561 1999 651 2060 exilio
685 1999 954 2082 praenuntiaverit
980 2001 1169 2076 affuturum,
1192 1996 1333 2061 similiter
1352 2005 1385 2060 et

299 2079 426 2144 loannes
446 2079 622 2164 Epiphanio
650 2082 841 2166 praedixerit
870 2105 963 2168 qnam
985 2082 1017 2145 in
1040 2083 1111 2146 nari
1133 2082 1265 2166 pertulit
1293 2103 1384 2144 mor.

201 2191 229 2245 p.
241 2173 290 2228 trs
300 2173 372 2228 tem.
414 2165 525 2228 eodem
547 2188 629 2228 anuo
652 2177 778 2229 mortua
799 2175 845 2230 est
866 2176 898 2230 et
920 2165 1069 2241 Eudoxiu.
1111 2163 1260 2227 Arcadius
1282 2173 1385 2226 autern

299 2271 370 2312 cum
389 2267 422 2312 se
443 2250 600 2331 completo
621 2249 742 2312 decimo
765 2258 878 2333 quartu
895 2250 1018 2334 imperii
1038 2247 1087 2312 sui
1107 2269 1189 2310 auno
1209 2249 1292 2310 mori
1313 2269 1385 2308 cer..

299 2341 398 2410 neret,
420 2331 526 2396 videns
546 2333 755 2395 Theodosium
778 2333 933 2397 iuniorem
948 2334 1114 2417 parvulum
1135 2353 1206 2409 esse,
1229 2331 1385 2392 et-consi.

299 2413 409 2479 dernns
428 2435 467 2478 ne
482 2438 670 2503 aquoqnam
684 2417 800 2481 insidiis
818 2427 1037 2501 appeteretur,
1058 2415 1142 2481 hunc
1162 2415 1386 2498 imperatorem

299 2500 475 2597 appellavit,
494 2510 525 2562 et
547 2502 575 2564 ei
597 2510 779 2567 curatorem
800 2522 861 2585 per
873 2509 1090 2564 testamentum
1110 2501 1180 2562 fore
1194 2498 1302 2560 statuit
1315 2498 1386 2560 llis·

299 2582 458 2667 dsgcrdem
477 2585 645 2647 Persarum
676 2607 790 2669 regem.
840 2584 1034 2667 llisdigerdes
1063 2592 1166 2645 autem
1191 2582 1315 2644 Arcadii
1337 2590 1387 2643 tc-

298 2676 453 2729 stumento
474 2676 625 2750 suscepto,
647 2688 788 2752 paceque
808 2668 874 2730 sine
897 2666 1012 2729 invidia
1032 2690 1106 2749 erga
1126 2667 1281 2727 Romanos
1305 2685 1386 2743 usus,

298 2748 477 2812 Theodosio
501 2750 666 2832 imperium
681 2751 885 2827 conservavit,
907 2760 939 2813 et
951 2750 1138 2813 Antiochum
1154 2748 1308 2832 quendam
1328 2747 1388 2808 mi.

300 2832 432 2897 rabilem
453 2839 548 2915 atque
564 2832 783 2895 rationabilem
801 2832 903 2895 virum
922 2832 950 2895 ei
970 2840 1108 2897 tutorem
1122 2840 1154 2897 et
1174 2833 1388 2914 paedagogum

300 2916 441 2993 mittens,
464 2912 541 2977 haec
560 2916 701 2979 Romano
734 2916 853 2980 senatui
878 2915 997 2983 scribit.
1040 2914 1194 2980 “Arcadio
1211 2916 1388 2977 dormiente

300 3020 412 3082 meque
431 3009 613 3061 curatorem
634 3000 688 3061 lilii
710 2999 774 3063 eius
797 3001 1022 3078 constituente,
1045 3002 1098 3085 qui
1119 2997 1268 3081 suppleat,
1282 2998 1398 3059 locum·

300 3105 403 3145 meum
424 3081 531 3145 direxi.
574 3104 613 3144 ne
635 3083 703 3167 quis
718 3104 795 3163 ergo
810 3082 932 3146 lusidius
952 3104 1053 3165 puero
1066 3093 1207 3159 conetur,
1231 3104 1270 3144 nc
1291 3103 1387 3163 prac-

299 3166 377 3230 lium
401 3164 596 3228 intolerabile
619 3177 729 3229 contra
756 3168 912 3228 Romanos
941 3169 1166 3229 commoveat'’
1216 3164 1387 3227 Antiochus

300 3271 376 3315 vero
401 3272 472 3312 cum
505 3248 698 3331 imperatore
729 3259 864 3313 venerat.
916 3250 955 3310 ab
979 3252 1121 3312 Honorio
1148 3259 1251 3310 autem
1271 3256 1387 3331 patruo

300 3356 356 3395 suo
378 3343 408 3395 et
429 3332 593 3395 Pulcheria
623 3353 733 3397 sorore
761 3356 816 3395 sua
837 3332 1029 3395 Theodosius
1060 3336 1162 3417 perite
1184 3334 1214 3392 in
1239 3332 1284 3391 his
1306 3354 1387 3413 quae

301 3416 550 3481 Christianorum
571 3425 644 3479 sunt
662 3414 875 3495 erudiebatur,
899 3426 931 3478 et
952 3426 1021 3478 erat
1048 3440 1106 3496 par
1128 3417 1210 3477 inter
1231 3418 1387 3476 Romanos

302 3509 334 3564 et
354 3502 472 3577 Persas,
493 3500 647 3563 Antiocho
671 3502 802 3563 maxime
817 3522 877 3583 pro
900 3500 1077 3563 Christianis
1099 3502 1193 3562 multa
1212 3499 1386 3574 scribente3

303 3584 409 3669 sicque
424 3584 549 3647 dilatato
561 3594 605 3647 est
619 3585 650 3645 in
665 3584 793 3649 Perside
811 3582 1017 3647 christianitas
1032 3580 1387 3665 *),ltlarutlsntepiscopo

303 3670 545 3755 Mesopotamiae
563 3667 730 3731 mediante·

203 3800 222 3852 p
246 3778 296 3835 126
385 3776 494 3839 Mundi
515 3774 701 3853 snn05901,
722 3776 846 3839 divinae
859 3776 1173 3839 incarnationisanno
1186 3771 1259 3852 401,
1279 3772 1389 3833 'l'beo-

200 3886 229 3943 p.
244 3868 295 3923 12⁷
305 3858 406 3925 dusius
427 3860 535 3925 iunior
563 3861 712 3944 imperat,
741 3859 829 3923 cuius
862 3859 986 3942 imperii
1008 3880 1091 3921 anno
1113 3856 1249 3923 secundo
1268 3856 1388 3919 Atticus

256 4120 260 4132 1
340 4058 365 4130 ¹¹)
383 4056 572 4141 christianitup}
599 4056 684 4109 Vetus
709 4057 842 4141 interpres
862 4056 940 4140 epist.
958 4054 1000 4139 ‘ad
1020 4054 1150 4139 magnas..
1173 4069 1243 4123 quae
1261 4052 1289 4103 S.
1308 4053 1388 4134 lpna-

375 4125 1053 4253 ttttttttlttltttttitltt‘tttt.¹¹¹
1074 4124 1239 4179 ¹⁰⁶²¹⁸¹¹¹w
1262 4120 1389 4185 ,aaut
