3050 4900
262 311 348 384 oeo
636 320 680 386 ns
706 299 986 386 muornsnmr

269 505 319 565 tu's
350 500 504 584 interpres
533 499 676 582 Sigriani
700 497 882 562 mercantes-ii
911 498 976 560 rivo
1007 497 1143 581 Agriani
1175 499 1359 562 conditorem

269 583 383 647 reddit.
427 581 638 646 difficultatem
667 583 783 645 tollunt
813 581 982 664 menologil
1013 581 1108 644 ve'rba
1130 581 1169 642 ad
1191 583 1254 646 eius
1277 586 1359 648 vitae

269 668 488 750 compendium
495 668 687 769 praemissas
707 661 814 746 μνη’μη
835 665 894 727 rosi
914 661 1004 726 darbo
1026 659 1148 742 auspic
1167 662 1257 746 ἡμῶν
1280 665 1358 729 Oso-

267 749 391 834 φάνοος
412 750 470 811 τοῦ
489 749 693 831 ομολογητοῦ’
708 751 766 809 rosi
787 748 843 830 τῆς
864 748 1050 829 hypostasin,
1073 745 1279 832 (ἡγουμένου)
1301 751 1358 812 τοῦ

267 836 302 895 ἐν
321 834 367 916 τῷ
385 826 511 918 μεγάλῳ
529 829 633 916 ’Aypp'i
651 830 805 906 κειμένου.
848 833 949 893 sancti
965 831 1071 913 patris
1088 835 1181 892 nostri
1195 833 1359 916 Theopha-

266 919 315 976 nis
335 918 524 996 confessoris,
539 917 720 977 monasterii
728 914 885 996 Sigrianes
900 917 1078 998 praepositi,
1100 914 1134 974 in
1145 937 1259 994 magno
1270 915 1356 999 Agre

265 1001 408 1076 maenas,
425 1002 487 1061 rive
517 999 693 1082 amarantis
716 999 875 1060 mensoria.
926 997 999 1058 hinc
1028 999 1059 1058 in
1070 997 1357 1140 pseudophotianis

265 1083 413 1144 analectis
433 1103 528 1164 penes
550 1081 706 1158 Allatium,
725 1074 770 1152 nic
792 1101 869 1162 φησι
892 1075 1058 1162 Θεοφάνης
1118 1076 1316 1166 ὅμολογητὴς,
1338 1079 1356 1144 d

263 1161 534 1245 Meyaioypsrq'c·
575 1177 610 1226 ut
632 1165 828 1262 Theophanes
847 1165 1000 1244 consessor
1012 1165 1236 1246 Megalagn'tes,
1258 1160 1356 1246 μεηά·

263 1248 323 1308 λου
342 1246 458 1328 Ἀγροῦ
479 1248 693 1330 praepositum
708 1247 853 1328 intellige,
874 1261 1005 1308 terassa.
1050 1249 1158 1308 loanni
1182 1249 1203 1308 ii
1227 1269 1354 1332 qnoque

263 1330 346 1391 vitae
367 1330 506 1411 scriptor
524 1329 608 1413 apud
628 1331 755 1392 Surium
778 1331 959 1392 Novembris
989 1327 1040 1392 die
1063 1339 1188 1414 quarto.
1229 1333 1355 1414 nauiga-

261 1413 311 1474 vit
330 1411 511 1475 adoraturus
536 1415 632 1476 macti
654 1414 847 1497 Theophanis
873 1414 1111 1491 tabernaculam,
1139 1411 1225 1498 qaod
1252 1429 1295 1474 est
1321 1418 1355 1476 in

261 1497 424 1578 Sigriane.
473 1494 586 1577 Ἀγρὸς
605 1518 699 1579 ergo,
730 1498 794 1558 sive
822 1495 921 1575 μέγας
942 1493 1051 1574 Ἀγρὸς
1071 1499 1226 1580 Sigrianes
1255 1497 1357 1559 extitit

219 1600 229 1618 ν
261 1580 348 1641 locus
370 1578 552 1663 designatus,
573 1602 638 1662 qno
651 1579 874 1641 monasterium
897 1580 1047 1657 condidit,
1069 1591 1101 1642 et
1122 1581 1161 1642 ad
1180 1579 1265 1663 quod
1282 1592 1355 1662 post

261 1663 326 1724 eius
346 1672 482 1724 mortem
500 1683 615 1745 corpus
641 1663 706 1725 eius
727 1664 879 1724 relatum:
912 1663 971 1722 alia
992 1667 1094 1725 tamen
1115 1667 1301 1726 monasteria
1322 1663 1353 1724 iu

262 1746 369 1808 eadem
390 1747 545 1829 Signinum
566 1747 695 1828 regione
720 1769 738 1806 a
761 1746 917 1828 Gregorio
940 1745 1137 1828 Theophanis
1159 1747 1271 1809 abbate
1294 1769 1353 1830 gn.

260 1827 402 1906 berneto,
425 1849 460 1890 ex
481 1831 545 1890 eius
567 1829 650 1890 vitae
668 1829 748 1890 serie
761 1829 948 1890 observabis.
972 1829 1111 1891 advertes
1127 1829 1356 1892 iterumeeo.

258 1911 394 1994 phanem
414 1907 588 1992 ἡγούμενον
607 1911 667 1972 τοῦ
684 1909 799 1992 Ἀγροῦ
820 1915 903 1992 Agri
923 1913 1039 1991 dacem,
1062 1922 1093 1976 et
1108 1914 1217 1976 Vossio
1240 1922 1272 1974 et
1294 1914 1352 1975 Ce-

260 1995 352 2056 dreni
366 1995 449 2057 inter
474 2006 550 2072 rete,
564 2005 709 2058 vocatum
731 1996 936 2076 ineptissime:
956 1997 1012 2056 nisi
1027 1997 1133 2059 forsan
1145 1997 1351 2058 Alexandrum

258 2079 406 2140 examina
469 2079 565 2139 batem
584 2078 877 2164 volueriutpnriter
898 2080 1149 2162 nuncupandum.
1194 2081 1237 2142 sic
1250 2078 1349 2142 labri.

257 2159 299 2223 lia
319 2169 441 2224 sutores
462 2169 611 2223 tractant.
840 2169 842 2176 “

340 2259 372 2342 3,
390 2257 420 2322 4.
467 2257 700 2343 χρονογραφίαις]
729 2259 880 2322 historica
904 2262 1045 2324 narratio
1074 2260 1160 2322 cuins
1184 2283 1346 2344 personae,

254 2354 402 2430 gestaque
423 2343 543 2427 singula
562 2346 751 2425 percensita,
775 2343 815 2405 ad
837 2352 957 2428 tempus
979 2347 1168 2429 proprium,
1190 2354 1222 2406 et
1241 2367 1346 2422 annos,

254 2429 335 2491 adde
360 2430 550 2513 plerumque
569 2449 686 2491 menses
706 2438 739 2493 et
760 2427 838 2508 dies,
860 2425 939 2492 κατά
968 2427 1082 2501 πλάτος
1106 2439 1297 2493 revocantur
1316 2441 1348 2493 et

253 2510 464 2657 pepppuupnr.
509 2510 605 2655 hsnnp³
623 2533 697 2658 cppp
715 2510 807 2595 vulgo
831 2512 1074 2657 ‘biitahfflmzlff
1095 2514 1347 2658 Barouiusaepon.

267 2620 308 2658 un
333 2619 341 2655 ι
375 2617 393 2657 a
435 2616 550 2655 annum
604 2639 613 2656 .
726 2618 812 2657 num·
931 2618 952 2655 ss
983 2617 1038 2656 ver
1062 2618 1101 2657 rs:
1125 2612 1231 2661 auctor
1287 2618 1363 2667 κο·4

250 2682 386 2763 phanes,
406 2679 460 2763 qai
492 2678 612 2741 Graece
640 2678 745 2740 scribit
764 2679 923 2741 historiam
950 2678 1056 2755 illane,
1077 2700 1158 2763 quae
1179 2683 1359 2743 inscribitur.

253 2761 414 2836 miscella,
438 2774 467 2821 et
491 2762 546 2821 suh
566 2762 651 2823 titulo
672 2762 769 2823 Pauli
785 2760 911 2823 diaconi
941 2782 1046 2823 errore
1066 2766 1292 2843 circumsonor.-
1315 2774 1348 2825 et

256 2844 297 2905 ad
318 2864 434 2904 annum
447 2842 509 2904 796
529 2844 568 2906 ad
584 2844 730 2929 Gregorii
752 2864 853 2927 papae
872 2843 1032 2927 epistolem
1054 2855 1128 2907 uota
1150 2848 1253 2929 prima
1274 2867 1346 2929 pag.

254 2926 333 2990 mibi
355 2924 405 2990 79.
449 2925 643 3012 Theophanes
661 2928 838 3003 (miscellam
855 2926 1008 3011 intelligit)
1031 2930 1186 3013 quiscilso
1205 2932 1346 2995 inscribi·

255 3025 307 3072 tur
325 3006 441 3071 Paulus
459 3012 623 3074 άίαοοαιιο.
666 3020 827 3073 auctorem
849 3010 997 3074 historiae
1016 3012 1168 3075 macellae
1192 3014 1299 3075 titulus
1319 3012 1348 3073 ei

255 3095 452 3175 praepositus
474 3095 612 3178 agnoseit
630 3093 849 3177 Landulphum
870 3095 1034 3177 sagacem,
1059 3096 1114 3179 qui
1134 3116 1202 3156 enm
1227 3117 1264 3157 ex
1281 3096 1348 3157 Eu-

257 3178 377 3258 tropio,
396 3176 495 3239 Paulo
507 3176 713 3260 Aquilegieusi
734 3176 878 3255 diacono,
897 3187 929 3239 et
949 3176 1096 3240 Anastasii
1118 3178 1347 3241 bibliothecarii

256 3260 489 3321 narrationibus
520 3260 656 3343 collegit.
706 3270 865 3342 postrema
894 3282 971 3323 vero
995 3282 1066 3345 pars
1096 3264 1291 3360 quantumvis
1312 3284 1348 3323 ex

202 3357 206 3364 ⁴
256 3343 458 3425 Theophane,
478 3344 630 3427 pleraque
651 3345 762 3405 Latine
783 3345 821 3407 ab
844 3345 1001 3407 Anastasio
1024 3346 1147 3407 reddita
1169 3346 1344 3419 contineat;

256 3427 422 3489 miscellam
435 3436 538 3487 tannen
561 3428 725 3510 integram,
739 3427 925 3510 Theophani
946 3428 1030 3491 velut
1050 3430 1172 3491 auctori
1186 3448 1346 3514 germano,

232 3572 236 3581 ,
257 3531 293 3572 ex
317 3510 529 3571 litteratorum
549 3530 638 3571 sensu
658 3532 809 3593 nusquam
832 3510 1017 3595 ascripserit.

338 3634 421 3695 Ibid.
450 3632 482 3694 5.
511 3622 700 3716 ’ἀρχομένη
721 3628 784 3695 sind
822 3628 949 3711 πρώτου
981 3630 1072 3705 ἔτους
1102 3604 1345 3715 ΙΔιοοληνιονοά]

256 3717 344 3779 cuins
363 3738 485 3782 cansam
509 3717 640 3801 assignat
660 3718 797 3780 auctoris
815 3717 908 3803 ipsius
929 3719 1127 3803 prooemium
1149 3740 1220 3783 mox
1239 3718 1345 3786 subse-

257 3811 418 3863 cutorum.
501 3838 506 3845 ·

341 3908 420 3969 Ian.
462 3902 522 3979 ἕως
550 3906 701 3987 δευτέρου
720 3900 810 3981 ἔτοος
836 3903 994 3991 Μιχοὴλ]
1018 3908 1150 3972 Cedreni
1171 3910 1345 3993 synopseos

256 3991 423 4054 historicae
443 3989 609 4073 prooemio
628 3992 805 4070 scribentis,
830 3989 846 4051 d
868 3984 1058 4072 ὅμολογητῆς
1080 3988 1246 4075 Θεοφάνης
1266 3986 1346 4071 cippo

257 4074 368 4145 τέλους
404 4070 590 4156 Νικηφόρον
625 4075 682 4137 soii
712 4070 775 4137 sini
811 4074 842 4138 Γ
840 4072 946 4136 sessori
979 4071 1160 4156 κατήντησε,
1191 4077 1346 4153 oosffessor

263 4158 459 4244 Theophanes
476 4157 524 4220 ad
542 4160 710 4245 Nicephosi
736 4160 930 4243 exgeneralis
940 4156 1044 4245 finem
1069 4160 1227 4223 Ηνωνὶανα
1248 4159 1345 4221 dedu-
