3050 4900
292 331 363 402 128
440 338 650 404 tutatast!
687 337 883 401 sustenta
917 335 1224 404 ECCLESlASTle
1293 393 1298 408 .

287 527 424 590 gnanrae
456 506 646 584 rotundum,
677 515 709 568 et
730 509 760 566 in
785 507 883 570 medic
919 508 1001 568 atrio
1024 507 1090 570 eius
1116 509 1227 574 statuit
1247 515 1380 570 statuam

286 613 389 674 suam,
410 601 442 654 et
463 591 525 653 illic
547 593 652 674 posuit
673 601 910 652 armamentum.

368 700 489 776 Quinto
512 699 634 760 decimo
657 697 781 780 imperii
793 695 939 758 Mauricii
959 717 1041 758 anno
1062 697 1159 759 Petro
1180 698 1379 761 renationem

286 783 442 846 exercenti
464 803 513 843 sus
538 783 663 864 agrestis
691 781 816 844 obviam
846 782 1000 858 occurrit,
1024 781 1198 864 pedemque
1220 783 1313 863 ipsius
1337 783 1377 844 ad

285 867 434 928 arborem
462 867 691 949 conquassavit,
714 875 745 926 et
774 863 1024 946 importabilibus
1045 867 1069 942 *l
1098 864 1258 927 doloribus
1277 867 1377 926 multe

285 957 429 1033 tempore
451 949 579 1032 languit.
623 957 669 1010 ast
690 947 987 1030 imperator'litteris
1007 947 1145 1030 pessimis
1160 957 1192 1010 et
1212 949 1376 1031 imprope-

285 1035 339 1096 riis
360 1033 505 1118 gravibus
536 1033 565 1095 ei
590 1031 738 1108 detraxit,
767 1031 875 1092 audito
903 1030 991 1114 qaod
1019 1033 1135 1094 multae
1157 1033 1377 1094 Sclavinorum

284 1129 389 1198 gentes
410 1118 528 1180 fuerint
549 1125 661 1178 contra
679 1115 861 1199 Byzantium
882 1123 999 1176 motae.
1042 1114 1153 1177 Petrus
1175 1125 1279 1178 autem
1301 1137 1378 1176 coa..

284 1211 351 1262 ctus
373 1202 472 1262 Novas
491 1200 647 1283 pervenit.
671 1197 703 1260 bi
723 1217 799 1260 vero
819 1198 874 1281 qui
893 1207 983 1260 crant
1004 1199 1043 1261 de
1064 1197 1199 1275 civitate,
1223 1221 1284 1260 nna
1305 1221 1376 1260 cum

184 1285 469 1368 precipitantibus
496 1283 644 1345 militibus
668 1293 700 1346 et
731 1283 880 1364 episcopo
911 1281 1053 1364 praetori
1083 1282 1207 1344 obviam
1227 1285 1377 1362 veniunt;

283 1390 360 1452 quos
381 1377 511 1451 praetor
535 1368 682 1444 intuitus,
716 1373 749 1428 et
779 1386 866 1425 arma
888 1385 999 1428 eorum
1020 1387 1058 1426 ac
1080 1365 1299 1429 fortitudinem
1321 1365 1378 1427 ad·

281 1453 420 1528 miratus,
444 1451 532 1514 iubet
553 1451 632 1512 urhe
656 1449 777 1513 dimissa
790 1449 950 1510 Romanae
972 1449 1094 1511 misceri
1116 1457 1270 1512 catervae.
1311 1451 1376 1512 mi·

280 1535 348 1598 lites
369 1544 473 1598 autem
494 1533 534 1597 ad
546 1533 679 1596 civitatis
702 1532 875 1594 custodiam
899 1531 1037 1594 ordinati
1060 1531 1123 1594 boe
1146 1553 1240 1616 agere
1262 1553 1376 1596 renue-

280 1628 367 1680 runt.
411 1629 478 1680 tum
500 1627 631 1701 praetor
652 1617 684 1678 in
709 1617 852 1678 furorem
881 1637 987 1678 versus
1008 1609 1173 1679 destinauit
1194 1618 1377 1679 Genaunem

281 1724 342 1764 una
364 1725 435 1764 cum
457 1699 658 1763 multitudine
678 1701 822 1766 militum,
869 1700 924 1784 qui
946 1699 1009 1762 hoe
1041 1707 1238 1784 agnoscentes
1260 1701 1378 1766 confu-

279 1797 394 1870 gerant
416 1787 445 1847 in
469 1784 650 1862 ecclesiam,
682 1793 714 1845 et
735 1781 840 1845 clauso
875 1785 955 1845 ostio
985 1783 1094 1866 tempti
1121 1785 1374 1865 perseverabant.

280 1875 386 1934 Genzo
409 1890 485 1931 vcro
508 1887 568 1953 pro
599 1868 774 1930 reverentia
802 1867 911 1949 templi
944 1867 1082 1930 inefficax
1104 1865 1208 1929 rediit.
1259 1867 1375 1930 Petrus

280 1964 385 2015 autern
409 1953 507 2014 iratus
530 1953 709 2014 Genzonem
737 1973 755 2012 a
782 1958 932 2033 praetura
956 1951 1096 2032 deponit,
1121 1960 1153 2012 et
1174 1951 1266 2012 misso
1285 1953 1376 2014 Scri-

278 2035 361 2098 bone
381 2035 585 2118 ignominiose
608 2033 699 2098 adse
723 2035 906 2116 episcopum
929 2035 1015 2095 iubet
1036 2033 1160 2095 adduci.
1202 2053 1303 2116 porro
1326 2037 1375 2097 ci.

278 2142 329 2182 ves
352 2118 474 2184 collecti
497 2119 682 2181 Scribonern
714 2139 785 2178 cum
805 2117 961 2179 dedecore
991 2117 1071 2179 urbe
1094 2115 1263 2200 depellunt,
1287 2118 1375 2182 cuius

279 2203 429 2266 obseratis
450 2205 550 2285 po'rtis
564 2201 751 2264 Mauricium
772 2202 899 2285 quidem
915 2201 1140 2284 imperatorem
1161 2199 1303 2263 laudibus
1326 2205 1375 2262 ef.

279 2287 396 2362 lerunt,
418 2297 600 2370 praetorem
614 2293 717 2349 autent
731 2285 878 2346 conviciis
892 2283 1069 2358 cumulant;
1090 2286 1198 2368 sieque
1219 2305 1289 2346 cum
1312 2307 1376 2368 op.

184 2379 191 2390 ’
277 2370 414 2454 probriu
434 2373 546 2433 Petrus
570 2369 643 2432 inde
666 2369 803 2431 recessit.
849 2369 1025 2451 praemittit
1044 2379 1210 2451 praeterea
1232 2369 1317 2431 mille
1334 2367 1377 2430 ad

277 2454 512 2538 explorandum,
535 2456 589 2539 qui
612 2455 762 2537 vulgares
790 2464 1027 2536 consequuntur
1051 2474 1183 2515 numero
1206 2452 1299 2515 mille.
1321 2476 1377 2517 ve·

278 2562 349 2601 rum
371 2540 521 2622 vulgares
542 2540 590 2599 lisi
611 2558 705 2621 super
727 2558 805 2620 pace
826 2536 957 2619 chagani
977 2536 1080 2598 securi
1101 2536 1286 2619 pergebant.
1304 2538 1375 2599 tto.

278 2624 363 2686 mani
385 2633 488 2685 autem
509 2624 542 2683 in
563 2622 715 2705 Vulgares
738 2622 891 2702 impetum
910 2620 1084 2693 faciehant3
1105 2621 1161 2763 apsi
1175 2620 1305 2681 mittunt
1326 2621 1377 2683 vi.

280 2727 331 2768 ros
355 2716 473 2789 septem
494 2716 728 2767 commonentes
754 2724 865 2785 pacem
895 2703 1023 2765 minime
1042 2701 1276 2765 disserendam.
1316 2702 1376 2765 hoa

183 2790 438 2868 p.425audicotca
469 2789 502 2850 bi
532 2788 587 2873 qni
620 2795 890 2869 praecurrerunt,
910 2787 1084 2869 significant
1113 2786 1191 2849 haec
1211 2788 1376 2869 praetori;

281 2875 335 2955 qui
356 2872 432 2935 dirit
455 2876 535 2933 “nec
552 2872 577 2933 si
600 2870 776 2953 imperator
786 2871 917 2949 venerit,
936 2870 1010 2931 huic
1028 2874 1185 2952 parcam.''
1228 2890 1377 2953 congres-

279 2958 366 3017 sione
383 2976 460 3017 sero
482 2954 556 3017 belli
579 2956 687 3017 effecta
707 2953 841 3015 Romani
863 2960 1041 3015 vertuntur.
1082 2956 1137 3017 sed
1158 2954 1287 3017 barbari
1308 2977 1374 3017 uon

281 3040 437 3121 persecuti
459 3050 531 3101 sunt
543 3058 605 3117 eos,
627 3058 668 3100 ne
681 3038 840 3099 vincentes
860 3034 1024 3099 discrimen
1040 3036 1249 3101 incurrerent.
1271 3060 1375 3120 porro

280 3132 412 3205 praetor
431 3122 626 3186 taxiarchum
635 3120 911 3204 praecurrentium
931 3120 1107 3203 flagellavit.
1148 3130 1182 3183 et
1200 3120 1263 3183 hoc
1283 3142 1374 3185 com-

280 3216 375 3289 perto
400 3206 553 3290 chaganus
574 3206 690 3289 legatos
712 3204 751 3267 ad
769 3205 901 3267 Petrum
923 3202 1064 3282 destinat,
1085 3205 1298 3289 inceptionem
1318 3225 1376 3267 ac·

281 3312 399 3364 cusam,
420 3300 452 3352 et
472 3288 560 3375 quod
581 3288 715 3351 Romani
736 3289 802 3351 siue
822 3288 902 3349 iusta
922 3308 1013 3350 eausa
1026 3310 1135 3371 pacem
1156 3287 1373 3353 dissolverent.

281 3384 314 3435 ot
335 3395 412 3436 sero
432 3375 544 3436 Petrus
568 3372 671 3435 verbis
699 3371 884 3435 seductoriis
913 3392 983 3434 usus
1005 3391 1070 3435 nou
1090 3394 1123 3434 re
1143 3372 1232 3435 scisse
1254 3370 1375 3433 mo'tio.

281 3478 352 3519 nem
375 3455 516 3535 affirmat,
540 3456 800 3539 dupliciatamen
821 3456 899 3517 dare
917 3449 1017 3538 spolia
1036 3455 1178 3517 universa
1196 3466 1374 3537 procurat3

280 3541 388 3625 sieque
407 3539 536 3603 barbari
559 3540 672 3602 amissis
693 3540 799 3621 spoliis
822 3537 918 3621 dupla
937 3549 1025 3602 sorte
1046 3538 1179 3622 receptis
1199 3542 1268 3622 paci
1292 3560 1375 3602 con-

281 3626 394 3685 sulunt.
448 3625 558 3686 Petrus
591 3632 703 3685 contra
737 3624 937 3704 Peregastum
967 3624 1185 3685 Sclavinorum
1204 3623 1375 3685 exarchum

282 3714 452 3849 properat;
482 3718 515 3769 et
543 3707 672 3769 barbari
705 3706 790 3767 cirea
819 3706 922 3789 ripam
941 3704 1076 3767 fluminis
1094 3705 1169 3767 huie
1191 3706 1276 3768 obvii
1298 3707 1375 3768 facti

281 3810 341 3873 pro
355 3790 492 3852 ribehant
516 3792 659 3852 transire.
713 3786 846 3851 Romani
867 3809 944 3851 vero
967 3810 985 3851 a
1007 3790 1095 3853 tretis
1115 3790 1293 3872 sagittantes
1315 3789 1375 3852 hos

282 3881 485 3951 averterunt3
513 3874 624 3957 quihus
651 3872 682 3933 in
705 3872 807 3954 largam
834 3874 929 3936 versis
952 3876 1132 3957 percutitur
1161 3872 1216 3936 ilio
1237 3873 1375 3956 Perega-

281 3967 353 4038 stas,
377 3964 410 4020 et
429 3958 574 4019 moritur.
617 3964 810 4019 transeuntes
839 3968 944 4019 autem
964 3958 1097 4021 Romani
1116 3956 1267 4041 praedam
1289 3956 1376 4019 mal.

318 4148 590 4226 Qimporhhilibusl
618 4152 675 4222 ipss
701 4154 729 4203 in
747 4148 881 4224 llyporou.
903 4154 937 4206 de
966 4154 1058 4207 Anast-
1084 4168 1191 4277 apoer.s
1208 4166 1269 4205 eum
1287 4153 1374 4207 illatis

355 4238 464 4295 quoque
483 4224 538 4276 illia
559 4223 778 4295 importabilibus
799 4222 1024 4279 tribulationibus
1041 4232 1100 4279 retu
1113 4225 1143 4279 lt.
1181 4219 1263 4279 Fara.
