3050 4900
630 349 768 417 rursu
1170 333 1244 411 tur

156 524 197 585 tis
216 518 333 600 dicbus,
354 519 399 584 do
415 520 528 618 quibus
547 521 663 585 iterum
688 543 801 585 sermo.
844 519 986 606 requitur
1008 519 1163 584 dominica
1185 545 1245 585 no-

156 607 204 668 lsis
218 605 516 704 quinquagesimae,
546 606 672 667 Graccis
695 599 829 686 ιυρινῆ,
850 607 914 667 sive
933 602 1112 687 τιροφάγος
1137 609 1166 668 in
1192 627 1247 668 ec·

155 688 329 750 cleaiasticis
359 686 468 748 officiis
500 697 629 764 vocata,
658 688 757 772 quod
774 709 833 769 per
862 711 930 750 eam
950 697 1049 751 totam
1071 711 1191 750 caseum
1214 698 1246 750 ct

155 795 217 834 ova
235 771 400 854 permittat
411 773 548 869 ecclesie,
570 772 719 854 illisque
711 793 741 832 ιιι
762 793 798 832 ea
812 771 962 852 comestis,
983 783 1151 855 sequutura
1176 793 1245 834 ιιιοι

155 855 389 952 quadragesima
410 854 468 916 illie
490 856 619 917 omuino
645 865 831 953 perpetuum
866 855 936 917 vole
954 821 1123 917 dicendum
1145 858 1246 918 instet

156 939 234 1001 teria
254 937 389 999 secunda
415 958 544 1036 sequens
572 939 721 1000 ieiunium
750 937 1014 1034 quadragesimale
1043 935 1204 1018 όγκαινιόζ
1204 959 1245 1012 ιι,

157 1030 190 1085 et
209 1022 250 1082 eb
268 1042 305 1082 en
338 1041 402 1080 non
434 1023 515 1084 cnaei
542 1023 635 1084 modo
657 1031 690 1081 et
712 1042 867 1100 ovorum,
889 1022 942 1082 sed
964 1021 1094 1102 piscium
1120 1043 1249 1105 quoquc

158 1115 191 1167 ct
214 1104 275 1167 olei
294 1102 495 1166 interdicitur
514 1126 581 1170 usu.
634 1103 797 1166 sabbatum
823 1069 926 1166 tainreu
956 1115 987 1166 et
1014 1103 1187 1166 dominicae
1212 1127 1247 1166 ca

157 1209 265 1250 serere
293 1188 473 1250 eximuntur
501 1187 588 1286 lege,
609 1197 640 1249 et
668 1188 808 1249 oleum'
800 1209 830 1248 ιιι
853 1189 894 1249 cis
924 1186 1102 1270 indulgetur
1122 1189 1245 1250 ιοΙιιιιιι

156 1271 209 1332 die
227 1291 303 1332 vero
325 1269 499 1332 dominicae
520 1271 755 1348 incarnationis,
781 1291 862 1353 quae
882 1271 953 1332 alias
976 1273 1172 1332 ιιιυιισιοιὶιιίο
1192 1269 1247 1330 εό-

157 1348 372 1434 αγγειλισμός,
394 1362 426 1416 et
441 1352 541 1432 βαιωι
563 1356 737 1438 palmarum
765 1354 859 1432 festo,
880 1354 978 1436 pisces
998 1353 1188 1451 quicumque
1212 1361 1248 1416 ut

155 1448 189 1500 et
212 1438 316 1498 oleum
335 1459 486 1520 nusqnum
508 1437 709 1521 denegantur
740 1457 839 1520 quere
861 1437 969 1499 relicta
990 1437 1246 1516 annunciationis,

158 1541 238 1603 quea
259 1518 356 1581 ruodo
376 1520 641 1603 quadragesimam
655 1520 747 1600 subit,
764 1520 860 1582 modo
881 1521 920 1581 ab
935 1541 970 1582 cu
986 1529 1106 1582 remote
1120 1528 1173 1596 est,
1195 1540 1246 1580 ue-

158 1604 311 1679 lelsritate,
333 1612 439 1664 mente
451 1623 579 1688 quoque
592 1605 720 1666 remotis
742 1604 862 1665 sabbati
884 1603 1110 1686 dominicisque
1126 1601 1244 1681 diebus,

158 1687 273 1784 quibus
297 1685 356 1746 olei
377 1685 472 1748 datur
492 1689 641 1765 facultas,
659 1687 685 1748 si
704 1697 805 1747 tamen
834 1687 996 1750 sabbatum
1016 1707 1163 1783 magnum
1184 1707 1245 1767 pa-

156 1770 267 1832 schatis
288 1770 485 1852 pervigilium
506 1776 562 1848 (est
582 1773 665 1832 enim
685 1770 750 1831 dies
777 1769 828 1832 ille
849 1789 974 1853 magnus
995 1769 1115 1832 sabbati
1138 1789 1173 1830 ex
1195 1791 1245 1830 se-

158 1855 219 1915 cris
240 1853 419 1929 canonibus)
442 1854 629 1936 dempseris,
664 1853 759 1934 rigidi
786 1854 1015 1936 strictiorisque
1037 1853 1142 1914 ieiunii
1166 1875 1248 1950 que·

160 1936 436 2018 dragesimulisaex
463 1946 495 1998 et
517 1939 646 2019 triginta
675 1938 738 1998 dies
762 1935 973 2018 colliguntur:
964 1938 1132 2020 .quinquc
1155 1936 1248 1995 nimi-

157 2042 239 2095 rum,
261 2017 489 2081 hebdomadum
510 2030 630 2102 septem
656 2037 859 2118 unaquaque,
883 2022 936 2104 qui
956 2021 1085 2102 triginta
1107 2019 1249 2160 quinoque

155 2065 343 2178 conticium,
362 2104 441 2165 ulter
466 2105 586 2165 rabbuti
608 2105 727 2186 magni,
749 2105 803 2185 qui
824 2111 941 2165 sextum
963 2102 1059 2181 addit,
1081 2101 1191 2200 pascha
1207 2123 1229 2161 ιι

159 2209 221 2270 quc
243 2186 342 2247 noctis
369 2207 406 2246 ca
428 2206 500 2268 pare
525 2185 636 2263 media,
657 2207 736 2270 quae
765 2209 934 2268 auroram,
957 2197 1029 2248 nute
1053 2207 1146 2268 quum
1169 2185 1247 2246 ieiu-

161 2271 247 2331 nium
268 2269 456 2350 abrumpere
477 2289 540 2330 non
563 2233 646 2347 licei,
670 2270 811 2350 respicit.
833 2237 998 2366 exquibus
1021 2270 1141 2330 cunctis
1163 2269 1248 2350 apud

160 2353 332 2413 Graecos
324 2353 474 2413 ieiunium
504 2352 766 2449 quadragesimale
792 2355 941 2413 austerius
970 2371 1033 2412 non
1063 2353 1119 2413 nisi
1141 2371 1191 2412 sex
1214 2360 1247 2412 et

158 2435 288 2520 triginta
310 2435 418 2497 diebus
446 2458 516 2497 cum
548 2436 686 2520 aliquota
708 2435 829 2517 septimi
860 2445 950 2532 parte
978 2436 1161 2496 censendum
1191 2442 1246 2495 cst.

158 2542 196 2581 ac
216 2542 256 2580 ne
275 2522 421 2603 figmento
450 2520 525 2580 milri
544 2521 722 2601 praemissu
753 2518 895 2598 expositis
924 2525 1076 2593 vertatur,
1098 2516 1245 2579 Matthaei

158 2604 298 2665 Blestetis
319 2604 498 2665 canonistas
519 2606 655 2664 Graecos
681 2605 762 2662 inter
782 2601 1011 2663 celebratissimi
1032 2620 1101 2682 cap.
1124 2600 1143 2659 5
1173 2600 1245 2659 Ele·

158 2686 256 2748 menti
274 2688 314 2747 Τ.
335 2706 477 2787 superea
494 2708 528 2747 re
535 2688 694 2789 scriptum
716 2686 845 2784 profero
859 2684 1053 2745 sententiam.
1070 2682 1248 2781 σημειωσαο

159 2770 276 2863 ταῦτα,
297 2770 422 2866 inquit‚
426 2763 545 2840 άιιαςό
565 2763 698 2840 παλαιός
711 2762 807 2845 νόμος
819 2771 882 2839 τοῖς
902 2762 1025 2847 ὁρατοῖς
1048 2764 1248 2828 sanatorem

160 2847 269 2913 σίιόθει
288 2847 348 2932 τήν
376 2851 439 2912 τῶν
470 2848 615 2931 αἀράτων
642 2851 855 2946 κατάστασιν,
887 2851 942 2911 κατ’
965 2856 1030 2923 τοῖς
1055 2854 1249 2946 σωματικοῖς

159 2934 224 2997 sair
243 2936 464 3033 πνευματικόν
476 2928 773 3037 πραγματεύεσθαι
801 2899 857 3011 τήν
877 2930 1063 3029 διόρθωσιν.
1106 2926 1185 3012 πρός
1206 2924 1245 3011 δὴ

160 3024 226 3089 τοῖς
246 3008 353 3089 αλλιις
372 3014 428 3077 καό
449 3015 506 3089 τάς
525 3019 590 3079 τῶν
608 3013 817 3094 ὑπαρχόντων
838 3012 971 3088 δεκάτας
990 3038 1031 3117 τιρ
1019 3014 1138 3113 θεῷ
1136 3015 1247 3075 καθιε-

159 3101 238 3179 ροιῖν
257 3107 323 3171 τοῖς
342 3101 527 3171 παλαιοις’
510 3096 648 3195 seposito<
662 3098 885 3202 προστέτακται
907 3094 946 3159 τά
970 3098 1005 3159 δὲ
1019 3096 1154 3168 ιυπικιδς
1172 3096 1247 3175 παρ’

159 3182 289 3254 ἐκείνοις
305 3178 485 3260 τελούμενα,
505 3180 665 3259 μυστικαῖς
684 3180 761 3277 ἧμιν
781 3180 1018 3257 ἐκλαμβάνεται.
1040 3177 1059 3260 ἤ
1078 3180 1156 3258 γοῦν
1173 3178 1248 3278 θιόρ

158 3267 222 3327 raia
243 3261 428 3327 α’ποσιόιιον
450 3260 544 3363 λαγός
571 3262 616 3343 μὴ
641 3257 824 3339 καταλύειν,
853 3261 920 3325 ἀλλ’
952 3260 1169 3343 α’ναιιλιγρσυν,
1188 3240 1247 3359 regii

158 3345 275 3450 τοότιρ
279 3342 383 3409 ἔνδιον
404 3344 568 3427 ἐγνωκότες
593 3344 647 3407 τόν
668 3341 781 3425 νόμον,
802 3343 861 3405 ουίι
872 3346 1057 3443 ἐτιικαόρων
1077 3322 1247 3423 παραγμά-

159 3451 232 3513 των,
254 3426 336 3491 diti
357 3431 420 3491 τόν
443 3429 568 3529 ἡμερῶν
586 3432 642 3511 τῆς
664 3426 782 3508 ζωῆς“
764 3428 854 3506 ημῶν
868 3422 1000 3509 ἑκάστης
1021 3427 1078 3489 rori
1098 3424 1249 3486 ἐνιαυτοῦ

160 3480 348 3616 urelsonner
377 3508 436 3585 τάς
469 3509 602 3585 δεκάτας
629 3512 801 3589 καθιεροῦν
830 3512 875 3615 τῷ
911 3512 976 3595 θειρ
1008 3510 1247 3571 τεθιοπόκασιν·

160 3590 249 3659 ωσάν
270 3593 323 3657 διά
343 3596 401 3699 τῆς
420 3596 454 3659 ἐκ
472 3596 586 3693 αόιαζς
605 3594 760 3675 σπουδῆς,
786 3614 838 3653 και
833 3589 1053 3697 θερμοτέρας
1068 3586 1247 3688 μετανοίας,

159 3677 200 3741 τά
232 3678 309 3759 παρ’
339 3673 412 3739 διον
447 3672 589 3741 ι’νιαυιόν
617 3680 673 3758 τῆς
700 3676 813 3773 ψυχῆς
840 3672 1074 3775 ἀρρωστήματα
1104 3668 1163 3735 οὐν
1183 3674 1251 3756 θεῷ

159 3762 270 3860 βοηθῷι
287 3757 497 3843 δυνηθείημεν
524 3758 733 3837 ἐξιάοσισθαι·
781 3778 816 3819 το
850 3754 979 3821 δικαιόν
1010 3759 1045 3821 δὲ
1063 3776 1118 3820 του
1141 3755 1249 3818 ἐνιαυ-

158 3846 218 3906 τοῦ
237 3840 294 3915 τὰς
313 3850 376 3907 ταῖν
394 3843 546 3941 νηστειῶν
568 3844 685 3915 ταότας
706 3839 828 3923 ἡμέρας
848 3836 928 3905 εἶναι
957 3842 1083 3942 φαμέν·
1132 3832 1167 3898 ni
1187 3833 1247 3918 γάρ

159 3920 236 3987 ἑπτά
257 3924 376 3989 τούτων
406 3922 580 4005 εβδομάδις
608 3920 708 4003 χωρὶς
729 3924 793 3986 ruis
799 3920 996 4069 λραβγθάτωυ,
1018 3922 1072 3987 aare*
1090 3919 1250 4023 κυριακιδν

159 4007 277 4089 ἡμέραι
307 4010 443 4109 γίνονται
473 4010 565 4070 πέντε
588 4006 668 4085 πρός
700 4013 817 4079 rutel
835 4004 1116 4091 ,προστιθεμένου
1139 4004 1175 4065 δὲ
1193 3997 1250 4063 καὶ

159 4113 214 4153 ιον
235 4092 376 4171 μεγάλου
401 4090 584 4196 σαββάτου,
616 4112 668 4151 και
701 4110 757 4151 του
789 4058 917 4189 ἡμόριος
932 4092 997 4188 τῆς
1026 4086 1173 4183 λαμπράς
1192 4084 1247 4145 καὶ

159 4175 351 4259 φωιοιιόοός
367 4172 483 4259 κνκιός,
506 4172 624 4259 ἡμέραι
644 4173 780 4255 γινοιται
807 4168 861 4257 λς’,
885 4168 947 4235 κατ’
959 4170 1110 4255 ἡμίσεια,
1138 4164 1173 4233 τό
1195 4166 1248 4230 δι·
