3050 4900
546 312 600 375 EX
628 309 850 377 SYNCEILO.
1189 307 1239 378 27

162 461 237 524 urbis
256 461 451 536 ceciderunt;
474 485 554 548 quae
575 465 680 526 omnia
700 465 872 528 concinunt
890 463 938 528 bis
959 485 1041 550 quae
1060 463 1146 526 circa
1169 483 1241 546 pas.

158 547 265 608 sionem
283 546 445 610 salvatoris
466 547 565 610 nostri
585 560 767 612 evenerunt.
787 551 929 613 ‘scribens
945 560 1049 611 autem
1070 547 1240 630 etPhlego,

158 630 206 712 qui
226 629 421 714 Olympiadas
450 653 546 713 super
579 632 650 715 ipsis
670 642 852 716 enumerat,
875 634 908 696 iu
931 631 1149 696 decimotertio
1170 654 1240 693 ser.

154 733 239 776 mone
259 713 372 778 eudem
394 715 498 776 verbis
519 718 626 779 asserit
646 717 732 780 haec.
785 717 907 798 “porro
937 725 1051 800 quarto
1073 737 1156 778 anno
1178 715 1239 776 du-

156 798 331 860 centesimae
349 797 503 862 secundae
523 800 715 883 Olympiadis
749 801 833 863 facta
853 812 901 864 est
921 799 1056 864 defectio
1076 799 1149 860 solis
1171 821 1239 859 ma-

154 881 234 960 xima,
258 890 291 943 et
316 903 378 942 nox
402 883 481 945 hora
509 892 593 946 serta
624 884 686 948 diei
707 885 788 946 lacta
822 893 878 967 est,
898 885 943 947 ita
963 893 1000 944 ut
1021 881 1115 946 etiam
1133 883 1239 944 stellae

152 963 180 1024 iu
201 965 284 1028 caelo
306 977 464 1048 parerent.
516 975 621 1031 terrae
649 979 754 1031 motus
778 969 873 1033 etiam
890 990 1018 1053 maguus
1039 966 1071 1028 iu
1092 966 1239 1051 Bithynia

152 1047 242 1122 ¹factm
262 1049 399 1131 plurima
420 1051 551 1114 Nicaeae
570 1053 753 1116 subvertit”

223 1157 334 1218 Mundi
355 1180 438 1220 anno
455 1157 548 1238 5534,
571 1160 693 1223 divinae
705 1159 1025 1222 incarnationisauuo
1039 1154 1093 1220 34.
1135 1159 1336 1240 priruap.619

152 1237 197 1300 die
216 1240 307 1301 buius
328 1244 413 1320 anni,
426 1244 530 1304 Martii
543 1245 653 1306 mensis
673 1243 725 1306 die
738 1243 788 1323 25,
808 1244 953 1306 dominus
975 1251 1082 1306 noster
1096 1261 1132 1304 ex
1152 1263 1239 1304 mor-

151 1323 205 1383 tuis
225 1325 323 1387 tertio
344 1323 393 1387 die
414 1327 569 1402 surrexit3
591 1327 827 1411 quadragesimo
855 1349 932 1389 vero
956 1325 1007 1390 die
1028 1326 1238 1388 resurreetio-

150 1405 190 1467 nis
209 1427 291 1490 suae,
312 1407 344 1469 id
369 1419 415 1472 est
436 1433 541 1474 meuse
561 1412 654 1473 Maio'
667 1409 716 1473 die
734 1412 843 1482 tertio,
866 1421 1037 1493 assumptus
1057 1409 1141 1471 misit
1159 1429 1238 1492 apo·

147 1489 224 1552 stolis
246 1493 393 1574 spiritum
410 1515 501 1556 suum
522 1495 711 1578 paraclitum
731 1495 764 1556 iu
792 1503 898 1556 sancta
916 1502 1108 1576 pentecoste.
1151 1502 1237 1555 cete-
1250 1505 1342 1578 poto

149 1593 232 1655 rum,
262 1583 299 1638 ut
331 1577 470 1641 Clemens
497 1579 629 1661 scribit,
652 1578 767 1641 lucobo
791 1579 875 1640 lusto
897 1586 930 1638 et
952 1578 1060 1638 loanni
1081 1597 1118 1637 ao
1138 1577 1237 1640 Petro

147 1666 213 1738 post
229 1661 495 1726 resurrectionem
515 1663 648 1726 tradidit
667 1663 827 1725 scientiam
847 1659 1010 1742 donnaus,
1030 1671 1062 1722 et
1082 1660 1132 1722 isti
1154 1669 1238 1722 cete·

148 1741 185 1801 ris
212 1741 434 1827 tradiderunt,
467 1747 566 1810 ceteri
593 1767 670 1810 vero
701 1744 838 1828 apostoli
866 1745 1071 1829 septuaginta.
1122 1743 1238 1806 eisdem

147 1822 247 1888 diebus
269 1825 418 1910 discipuli
441 1828 718 1913 interrogaverunt
746 1827 908 1890 dominum
938 1829 970 1888 in
992 1837 1101 1890 monte
1118 1827 1237 1905 oliveti,

146 1908 214 1970 siin
235 1919 382 1990 tempore
415 1911 479 1975 boc
511 1917 689 1978 restitueret
720 1934 851 1996 regnum
874 1913 978 1974 lsrael.
1021 1912 1132 1974 eodem
1153 1931 1237 1973 anno

146 1991 270 2056 lacobus
293 1995 393 2058 trater
417 1996 535 2059 domini
554 1998 673 2081 primus
693 1997 858 2079 episcopus
870 1993 1161 2079 Hierosolymorum
1183 2015 1237 2055 or-

146 2073 283 2139 dinatur.
329 2078 394 2142 duo
409 2080 514 2143 Iacobi
536 2091 637 2159 erant,
657 2081 756 2144 frater
778 2080 906 2156 domini,
929 2079 1009 2142 filius
1031 2079 1159 2142 existens
1182 2079 1236 2138 lo.

144 2159 221 2242 seph,
243 2163 302 2245 qui
325 2162 497 2227 dicebatur.
512 2165 628 2243 Iustus,
657 2163 781 2250 dequo
805 2165 899 2226 etiam
918 2164 1032 2224 Paulus
1056 2163 1101 2223 ait
1120 2161 1235 2224 “alium

144 2251 241 2306 autem
263 2247 481 2328 apostolorum
511 2246 574 2310 vidi
596 2250 749 2312 neminem
777 2248 834 2308 nisi
857 2247 1004 2312 Iacobum
1024 2247 1154 2308 fratrem
1175 2245 1235 2308 do·

142 2327 247 2401 mini;'’
271 2330 328 2413 qui
351 2331 391 2394 de
407 2333 575 2415 pinnaculo
599 2333 729 2395 iactatus
744 2355 761 2394 a
777 2331 895 2394 ludaeis
910 2330 993 2413 ligno
1017 2329 1140 2392 lullonis
1160 2351 1233 2390 san.

144 2409 235 2475 clatus
258 2414 409 2477 moritur.
452 2426 485 2478 et
506 2417 587 2478 alter
610 2416 781 2501 quicapite
800 2412 964 2478 truncatus
986 2423 1039 2491 ast,
1063 2416 1163 2477 frater
1182 2415 1233 2475 vi·

143 2492 249 2560 delicet
274 2498 396 2561 loannis
418 2497 570 2584 deiloqui.

216 2604 340 2667 ludaeis
361 2608 471 2669 tertius
501 2606 674 2691 alienigena
697 2606 836 2689 praefuit
856 2604 995 2668 Herodes
1023 2606 1102 2667 lilius
1125 2604 1325 2690 Hero-pm

141 2683 193 2763 dis,
214 2690 303 2749 cuius
327 2699 470 2771 tempore
490 2692 617 2767 Pilutus,
637 2699 710 2773 post
731 2690 918 2753 simultatem
942 2690 1129 2751 ludaeorum
1149 2709 1230 2772 pro.

139 2776 206 2864 pter
226 2772 376 2857 imagines
401 2776 548 2853 Caesaris,
570 2775 752 2853 corbonam,
775 2773 808 2837 id
829 2782 876 2837 est
895 2795 1018 2836 sacrum
1039 2773 1229 2850 thesaurum,

141 2872 168 2911 m
203 2877 358 2938 aquarum
387 2858 605 2921 advectionem
633 2857 841 2941 consumpsit,
872 2867 905 2920 et
931 2879 1037 2919 rursus
1060 2857 1230 2919 simultates

139 2954 227 3017 agere
247 2941 411 3023 compulit.
454 2941 538 3005 idem
559 2944 625 3023 ipse
646 2942 764 3005 Pilatus
783 2942 914 3005 Tiberio
936 2941 976 3003 de
995 2939 1121 3003 Christo
1144 2943 1228 3004 refe-

137 3040 203 3083 rens
235 3026 411 3087 commovit
443 3046 515 3089 eum
545 3024 585 3088 ud
615 3046 757 3089 amorem
787 3024 942 3110 dogmatis
969 3034 1002 3089 et
1032 3024 1106 3087 fidei
1133 3025 1228 3089 Chri-

135 3103 257 3167 suanae.

213 3214 326 3275 Mundi
357 3236 439 3275 anno
460 3216 563 3294 5535,
586 3218 709 3281 divinae
731 3216 955 3279 incarnationis
973 3215 1033 3295 35,
1061 3217 1174 3279 Petrus
1193 3222 1324 3292 etp-622
1445 3284 1449 3291 ,

134 3291 262 3441 loaunps
285 3297 317 3359 in
340 3300 490 3383 templum
522 3300 718 3365 ascendentes
749 3300 894 3365 claudum
915 3322 932 3362 a
954 3300 1116 3365 nativitate
1134 3320 1228 3362 cura-

132 3396 229 3441 vemn
248 3424 258 3441 .

213 3490 327 3551 Mundi
347 3512 430 3553 anno
452 3488 535 3556 5536
556 3491 594 3555 de
608 3486 778 3557 Anania'et
796 3493 929 3576 Saphira
952 3494 1143 3557 Hierusalem
1165 3513 1225 3576 per

131 3566 264 3633 Petrum
290 3575 475 3637 miraculum
503 3577 619 3639 factum
648 3586 711 3653 est,
741 3586 774 3639 et
792 3576 975 3640 Thaddaeus
1003 3578 1041 3638 ud
1066 3576 1224 3638 civitatem

129 3650 276 3717 Edessam
295 3660 453 3738 mittitur,
476 3682 555 3743 quae
574 3662 717 3723 universa
750 3682 848 3745 usque
870 3683 953 3724 nunc
973 3660 1038 3723 siue
1060 3680 1153 3720 mauu
1174 3660 1223 3722 fa-

128 3744 215 3799 ctum
238 3740 432 3803 dominicum
450 3743 663 3807 characterem
686 3745 774 3812 colit.

211 3848 324 3910 Mundi
347 3872 429 3913 anno
444 3850 536 3929 5537,
558 3852 679 3915 divinae
702 3852 922 3915 incarnationis
935 3852 986 3931 37,
1006 3851 1320 3935 persecutionspmaa

128 3940 215 3993 mota
236 3932 376 3995 fidelium
405 3936 494 3997 multi
519 3935 646 4019 dispersi
668 3946 750 3999 sunt.
805 3938 979 4019 Stephanus
1002 3945 1223 4019 protomartyr

128 4023 160 4074 et
178 4016 431 4099 protodiaconus
453 4020 602 4101 lapidibus
626 4031 671 4083 est
693 4022 822 4089 occisus.
851 4023 959 4082 Simon
979 4041 1123 4101 maguae
1145 4020 1222 4081 Phi·
1334 4092 1339 4107 ,

127 4094 226 4178 lippo,
253 4120 314 4161 uuo
342 4122 377 4164 cx
398 4112 518 4187 septem
542 4102 741 4181 diaconibus,
766 4105 796 4165 in
825 4104 997 4167 Samariam
1018 4102 1222 4167 descendente

128 4180 240 4247 callide
268 4182 440 4267 baptizatus
463 4196 516 4250 est.
571 4187 704 4251 undeet
726 4188 759 4251 hi
781 4186 837 4274 qui
857 4186 896 4250 ab
919 4187 988 4271 ipso
1009 4185 1220 4272 usquemodo
