3050 4900
541 242 593 304 EX
626 241 885 308 tumorosos.
968 300 974 321 Ι
1182 233 1255 309 270

169 401 384 472 correctiones
397 405 474 479 uua,
491 405 529 471 iu
549 408 660 493 quibus
673 407 879 492 gloriabatur,
901 406 1045 474 celeriter
1057 417 1257 474 corruerunt.

169 512 345 575 pravasque
378 489 541 572 opiniones
569 491 757 571 multorum,
780 493 834 578 qui
862 495 953 558 deum
984 491 1197 577 impugnantes
1226 493 1354 566 etum

170 575 362 636 abundantes
381 573 520 636 haereses
539 575 789 638 Paulicinnorum
805 577 1029 660 Athiganorum
1050 579 1259 640 iconoclasta-

171 681 243 722 rum
267 667 300 718 et
318 658 556 720 Tetraditarunr
586 657 732 721 deserunt
762 681 915 722 accusare.
966 661 1079 722 omitto
1104 661 1185 722 enim
1208 661 1259 724 di.

170 763 244 804 cere
266 739 418 804 adulteria
438 751 471 804 et
489 741 721 839 fpmimtioues,
744 741 883 805 libidines
906 753 1000 826 atque
1019 743 1169 827 periuria,
1188 745 1261 806 odia

171 827 314 888 fraterna
337 833 369 886 et
397 826 559 901 avaritias,
592 846 712 888 necnon
745 835 776 887 et
811 827 1095 908 praevaricationes
1119 827 1262 910 reliquas.

171 916 285 970 contra
305 929 407 968 sacras
426 917 459 970 et
473 909 661 970 venerabiles
683 907 828 990 imagines
852 919 1025 994 contraque
1048 908 1263 972 monachicum

170 990 315 1056 habitum
343 991 511 1052 movebant
530 991 669 1074 linguas,
694 992 823 1054 beatum·
848 987 991 1056 dicentes
1016 993 1075 1055 deo
1103 995 1264 1054 abomina-

171 1075 267 1138 bilem
289 1097 326 1136 ac
347 1074 556 1136 miserrimum
578 1075 831 1153 Constantinum,
859 1077 944 1159 quod
967 1077 1096 1138 fortiter
1119 1075 1263 1140 adversus

173 1157 325 1240 vulgaras
345 1157 473 1240 gesserit
492 1165 627 1240 propter
645 1158 807 1241 pietatem,
829 1183 933 1242 quam,
955 1169 991 1222 ut
1012 1159 1107 1241 impie
1128 1160 1263 1222 infelices

173 1242 218 1304 illi
238 1241 427 1321 fatebantur,
449 1241 603 1320 habuerit
627 1253 753 1305 atvero
776 1241 807 1304 hi
828 1244 882 1326 qui
905 1244 1033 1306 intuba
1055 1243 1140 1326 regia
1162 1253 1264 1320 erant,

173 1324 378 1388 armabantur
401 1332 473 1406 post
493 1324 649 1408 synodum
669 1325 872 1388 universalem
904 1325 944 1388 ad
965 1327 1057 1388 tidem
1078 1327 1264 1389 subverten-

174 1409 247 1474 dam
267 1407 498 1487 orthodoxam,
518 1428 625 1470 caecos
653 1409 750 1471 caecis
779 1410 932 1472 mentibus
959 1411 1095 1472 volentes
1114 1409 1180 1482 sine
1205 1407 1264 1472 deo

174 1491 341 1571 imperare,
361 1491 440 1552 filios
462 1491 606 1553 videlicet
619 1491 809 1554 Constantini
834 1490 925 1559 ileum
948 1491 1164 1575 impugnantis,
1180 1492 1266 1574 apud

174 1575 366 1638 Panormum
395 1574 524 1636 insulam
555 1574 714 1637 custodiae
742 1575 947 1657 mancipatos,
985 1597 1062 1658 quos
1085 1575 1186 1637 furari
1206 1597 1266 1656 per

177 1667 303 1720 noctem
330 1659 502 1721 voluerunt
529 1668 560 1720 et
581 1657 738 1720 adducere
759 1657 799 1720 ad
829 1659 1007 1723 exercitum.
1049 1658 1102 1720 sed
1123 1659 1266 1722 domiuus

174 1739 231 1805 bos
254 1740 415 1817 confudit,
442 1741 563 1823 erigens
591 1741 774 1805 bliehaelem
804 1740 972 1822 piissimum
1005 1741 1035 1804 iu
1058 1741 1266 1805 defensionem

175 1823 327 1888 veritatis.
350 1822 608 1906 disputatisenim
628 1825 883 1888 convenientibus
906 1824 944 1888 de
964 1824 1026 1888 fide
1048 1825 1190 1908 plebibus
1213 1845 1266 1888 re-
1336 1899 1340 1910 ἱ

197 1909 258 1972 iam
281 1907 445 1990 repedavit
475 1907 515 1969 ad
541 1909 662 1985 urbem,
683 1917 714 1969 et
731 1908 889 1990 sapienter
915 1910 1054 1992 cogitans
1076 1911 1190 1972 multos
1214 1929 1266 1970 re-

174 1930 303 2054 bellium
324 2012 382 2074 per
399 2011 513 2073 paucas
525 1990 628 2073 plagas
649 1990 814 2052 deterruit
858 1993 947 2054 exilio
971 2012 1098 2076 quoque
1119 1985 1362 2074 deporta-otti

177 2077 225 2138 vit
243 2075 323 2136 filios
346 2075 559 2151 Constantini,
579 2075 634 2158 qui
657 2075 755 2136 oeulis
776 2076 880 2138 orbati
902 2097 963 2150 esse
987 2077 1209 2152 cernebantur,
1234 2073 1266 2136 in

178 2157 357 2238 Apbusi'am.
398 2179 495 2220 unum
525 2179 603 2221 vero
632 2179 670 2220 ex
692 2158 933 2238 seductoribus,
955 2157 1065 2220 falsum
1084 2160 1266 2236 eremitam,

179 2241 297 2304 llicolai
319 2241 510 2304 macionitae
531 2247 556 2318 *)
582 2239 721 2321 malefici
753 2241 891 2321 socium,
917 2243 971 2326 qui
995 2243 1117 2304 iconam
1137 2241 1268 2302 sanctis-

180 2323 274 2387 simae
293 2323 342 2386 dei
372 2324 529 2407 genitricis
553 2323 830 2399 dehonestaverat,
853 2324 958 2408 lingua
978 2327 1074 2388 recisa
1095 2323 1268 2395 mutilavit3

180 2408 287 2491 quiet
318 2417 463 2469 mortuus
495 2415 707 2489 cst-corpore·
728 2408 819 2472 simul
843 2418 874 2471 et
897 2409 1010 2473 anima.
1054 2409 1143 2470 huius
1165 2416 1268 2477 autem

177 2492 328 2574 collegam
347 2493 508 2558 Nicolaum
538 2492 810 2573 repromittentem
830 2513 862 2553 se
884 2492 1107 2576 poenitentiam
1126 2502 1270 2553 acturum

177 2595 287 2637 coram
318 2573 676 2657 omuibus'puhlicavit3
701 2574 900 2637 confitentem
953 2595 1057 2658 noque
1090 2594 1144 2635 sua
1174 2574 1269 2655 ipsius

177 2659 260 2721 mala
284 2657 416 2720 tradidit
437 2658 522 2720 illum
544 2658 575 2718 in
596 2658 819 2719 monasterium
841 2596 1089 2733 custodiendum,
1111 2680 1150 2719 ne
1170 2656 1268 2719 libera

178 2742 425 2806 couversatione
451 2742 541 2806 libito
574 2741 710 2823 proprio
741 2740 937 2819 abuteretur.
996 2740 1122 2825 populis
1164 2752 1268 2803 autern

178 2847 288 2887 coram
317 2824 450 2885 coneilio
481 2825 514 2887 in
546 2827 715 2907 Maguaura
743 2835 937 2903 coronatus,
965 2824 1012 2908 pii
1040 2834 1071 2889 et
1098 2824 1269 2887 secundum

179 2909 274 2971 deum
293 2929 394 2971 seusus
426 2906 475 2969 sui
496 2906 643 2989 dogmata
672 2906 887 2971 manifestavit
930 2914 1057 2970 atvero
1081 2908 1269 2991 Athiggauos

180 2991 340 3074 publicans
361 2990 452 3053 exilio
472 2988 603 3051 tradidit
622 2992 829 3073 perLeonem
851 3003 1032 3074 praetorem
1048 2990 1268 3055 Orientalium.

180 3096 281 3158 porro
312 3079 448 3158 Augusto
484 3095 588 3137 meuse
618 3074 744 3157 quintae
781 3074 958 3137 indictionis
984 3074 1121 3137 Thebitlr
1159 3083 1271 3136 contra

181 3157 372 3224 Christianos
395 3158 564 3221 exercitum
581 3157 692 3241 movit,
714 3178 787 3219 cum
801 3181 865 3243 quo
883 3158 997 3221 bellum
1012 3160 1074 3219 Leo
1097 3159 1271 3234 conferens,

181 3241 391 3303 Orientalium
409 3249 559 3322 praetor,
581 3249 784 3325 prosperatus
814 3250 867 3323 est,
890 3242 952 3303 duo
976 3241 1057 3303 milia
1075 3239 1271 3303 interficiens

182 3334 216 3389 et
233 3346 330 3409 equos
347 3323 613 3406 comprehendens
634 3337 667 3387 et
688 3346 785 3387 arma.
827 3324 993 3390 Mubamed
1015 3335 1128 3403 atatem,
1150 3321 1272 3406 primus

181 3407 262 3469 filius
284 3412 407 3484 Aaron,
431 3417 537 3471 tenens
567 3408 780 3490 principatum
800 3408 909 3491 gentis,
933 3408 1009 3468 inito
1031 3406 1113 3469 bellu
1138 3406 1169 3471 in
1193 3406 1273 3466 inte-

183 3492 263 3554 riori
275 3490 403 3553 Perside
422 3490 621 3556 eumanhdeta
644 3494 743 3554 fratrc
762 3512 820 3553 suo
841 3504 1002 3573 superatus
1016 3498 1081 3569 est,
1103 3497 1135 3551 et
1153 3488 1271 3573 fugiens
1341 3499 1347 3513 ⁶

184 3574 214 3637 in
239 3575 342 3657 Bngda
369 3575 432 3637 hoe
452 3574 599 3638 obtinuit.
650 3578 834 3638 Damascum
853 3596 928 3637 vero
949 3574 1024 3643 alius
1044 3580 1191 3659 tyrannus
1212 3570 1273 3633 hn-

183 3657 263 3735 huit,
284 3668 317 3721 et
335 3660 509 3741 Aegyptum
536 3658 723 3719 othtricum
747 3658 810 3720 duo
832 3654 942 3739 partiti
960 3666 1048 3737 sunt,
1072 3664 1105 3721 et
1123 3654 1271 3721 Palaesti-
1280 3678 1308 3735 p·
1319 3657 1373 3713 7⁷5

185 3761 257 3805 num
276 3740 352 3804 nlius
373 3742 503 3804 latronis
522 3762 614 3805 more
633 3740 776 3825 depastus
798 3751 851 3804 cst

268 3866 359 3929 huuc
381 3864 503 3950 Imperii
517 3855 672 3929 Michaelis
691 3864 827 3929 secundo
841 3866 996 3928 Crumous
1016 3864 1191 3947 Vulgarum
1210 3862 1272 3926 dax

220 4067 336 4170 ⁹)uuds
353 4096 478 4157 dimotus
494 4100 675 4167 termentum,
691 4115 717 4153 n
736 4098 878 4155 theodor.
896 4097 1001 4155 baaret-
1018 4094 1073 4153 fah-
1092 4098 1112 4151 4
1128 4096 1155 4149 3.
1191 4059 1270 4150 Fara.
