3050 4900
515 342 564 402 Ex
595 337 854 403 uiltorum.
1154 333 1223 405 103

151 515 255 586 gerunt
268 507 361 572 iidem
379 507 481 590 legati,
498 528 571 570 oum
582 508 707 572 curioso
723 509 930 592 quaesiissent,
947 506 1187 571 mansionarium
1199 512 1225 583 *l
1267 517 1273 534 ¹

149 593 180 652 S.
200 592 317 654 loannis
337 613 467 674 maguae
488 591 701 672 Alexandriae,
718 593 822 654 virum
846 592 1054 661 venerabilem
1074 599 1107 652 et
1127 591 1227 673 virgi-

150 696 222 751 nem,
244 675 368 738 nomiue
393 677 550 752 loannem,
571 677 625 759 qui
640 676 795 758 sexaginta
815 675 951 737 duorum
970 685 1040 738 erat
1061 695 1226 737 annorum.

147 780 205 840 quo
225 767 368 840 suscepto
390 759 534 822 abierunt
554 758 585 818 iu
598 760 760 841 propriam
773 759 932 841 regionem
953 759 992 822 ad
1004 779 1109 842 regem
1126 779 1227 837 suum,

149 842 238 903 etita
259 842 463 906 crediderunt
484 842 619 918 Christo,
641 853 673 906 ct
688 843 859 920 ⁸illuminati
879 851 961 906 suut.

222 951 332 1012 Mundi
356 971 437 1012 anne
457 947 550 1028 6036,
571 949 696 1013 divinae
719 951 944 1013 incarnationis
970 971 1055 1012 anno
1076 946 1149 1029 536,
1168 951 1229 1012 im.

147 1041 271 1114 perante
292 1035 460 1097 lastiniauo
482 1055 564 1096 anno
587 1031 842 1118 decimoseptimo
857 1035 956 1096 lactus
976 1043 1024 1096 est
1039 1042 1145 1096 terrac
1157 1053 1229 1094 mo-

145 1125 188 1178 tos
207 1139 335 1202 magnus
355 1118 386 1178 in
407 1117 551 1182 universo
581 1117 713 1181 mundo.
763 1116 936 1202 eodemque
966 1138 1049 1178 anno
1081 1117 1230 1200 apparuit

147 1201 267 1282 quidam
293 1223 329 1264 ex
361 1201 488 1284 regione
515 1201 665 1264 Italorum
695 1222 754 1284 per
776 1200 860 1262 villas
890 1201 1080 1278 discurrens,
1103 1203 1230 1264 nomine

146 1285 294 1358 Andreas,
318 1283 435 1348 habens
463 1305 566 1348 secum
588 1307 695 1348 canem
717 1286 822 1347 rufum
842 1294 875 1348 et
895 1305 1029 1360 mecam,
1047 1285 1102 1368 qni
1133 1285 1326 1366 increpate

145 1368 180 1427 ab
199 1389 234 1429 eo
260 1369 393 1432 faciebat
423 1367 584 1432 miracula.
641 1368 815 1430 cumcuim
844 1377 943 1430 staret
962 1367 1027 1450 ipse
1046 1369 1078 1428 in
1099 1368 1172 1430 foro
1196 1379 1229 1431 et

146 1451 228 1512 turba
241 1453 276 1514 in
289 1451 424 1516 circuitu
439 1451 564 1530 adesset,
577 1453 657 1516 clam
670 1451 780 1518 eodem
796 1473 873 1518 eane
890 1449 1112 1514 deferebantur
1122 1460 1230 1513 eamn-

145 1535 215 1596 tiuua
241 1537 352 1598 annuli
383 1535 471 1598 aurei
504 1545 537 1597 et
557 1537 695 1620 argentei
726 1545 758 1598 et
778 1537 892 1613 ferrei,
912 1543 944 1596 et
972 1533 1174 1616 ponebantur
1195 1535 1228 1596 in

145 1620 334 1698 pavimento,
385 1639 441 1680 uos
474 1619 525 1681 ille
546 1619 772 1702 cooperiebat,
800 1630 831 1683 et
862 1618 1074 1700 praecipiebat
1093 1618 1175 1697 cani,
1196 1625 1230 1681 et

143 1701 286 1780 tollebat,
317 1710 349 1764 et
363 1641 461 1766 dabat
481 1702 649 1787 unicuique
670 1725 772 1766 sunm.
819 1701 961 1764 similiter
980 1710 1012 1766 et
1032 1699 1229 1769 diversorum

145 1785 365 1868 imperatorum
385 1785 567 1848 nomismata
587 1785 681 1848 mixta
702 1785 888 1870 porrigebat
909 1806 968 1869 per
996 1783 1134 1846 nomina.
1176 1783 1229 1846 sed

144 1880 263 1950 praesto
284 1869 377 1930 turba
401 1877 537 1950 astante,
565 1870 707 1932 virorum
736 1871 854 1932 scilicet
874 1878 906 1932 et
929 1868 1105 1943 mulierum,
1127 1867 1229 1928 inter·

142 1962 264 2034 rogatus
287 1951 467 2015 ostendebat
490 1954 521 2014 in
541 1963 633 2016 utero
658 1953 803 2017 babentes
827 1961 858 2015 et
875 1953 1062 2015 fornicarios
1083 1962 1116 2014 et
1137 1949 1228 2013 adul-

142 2045 216 2098 teros
236 2044 274 2100 et
296 2056 405 2099 avaros
426 2045 459 2098 et
481 2037 703 2119 magnanimos.
744 2035 926 2099 ostendebat
951 2058 1056 2098 enarres
1077 2056 1148 2097 cnm
1172 2057 1228 2100 ve·

140 2119 233 2214 ritate.
280 2119 363 2182 unde
384 2117 529 2182 dicebant
550 2121 623 2206 quia
644 2120 792 2205 spiritum
812 2117 910 2183 habet
927 2117 1089 2205 Pythonis.

50 2217 57 2232 ’
155 2217 163 2236 “
214 2231 308 2289 Anno
345 2227 470 2310 imperii
512 2227 669 2290 iustiniani
702 2226 825 2290 decimo
857 2236 970 2290 octavo
1005 2225 1149 2288 diffusum
1180 2229 1326 2304 estnon
1349 2239 1382 2293 tt

142 2327 219 2373 mare
237 2309 454 2395 perTbraeen
470 2310 609 2374 miliariis
631 2319 793 2396 quattuor,
814 2321 848 2374 et
867 2311 1036 2394 cooperuit
1055 2331 1123 2374 earn
1142 2311 1227 2375 circa

142 2402 237 2475 partes
268 2393 400 2477 Odynci
431 2403 464 2459 et
497 2395 737 2479 Dionysopolis,
771 2403 804 2458 ct
830 2394 921 2456 multi
960 2394 1059 2455 necati
1089 2401 1161 2455 sunt
1194 2394 1227 2456 in

140 2478 237 2621 pqais,
261 2485 296 2541 et
317 2478 432 2543 iterum
450 2476 500 2541 dei
524 2488 696 2562 praecepto
719 2478 899 2541 restitutum
919 2488 966 2540 est
986 2476 1068 2559 idem
1087 2498 1174 2540 mare
1194 2478 1227 2541 in

152 2582 204 2624 oca
222 2583 290 2627 sua.

214 2680 307 2739 Anno
330 2678 452 2759 imperii
475 2676 634 2740 lastiniani
660 2677 888 2739 decimo-nono
909 2676 1022 2739 Petrus
1042 2676 1226 2763 Hierosoly-

138 2760 281 2823 mitanam
305 2764 486 2823 etDomnus
496 2761 720 2824 Antiochenam
736 2760 818 2845 regit
832 2759 1005 2833 codonium
1030 2772 1062 2822 et
1076 2762 1159 2824 lacta
1180 2770 1227 2824 ert

29 2864 30 2911 i
139 2844 239 2926 inopia
260 2845 413 2907 frumenti
432 2852 464 2905 et
482 2846 546 2906 vini
568 2864 605 2906 ac
626 2844 733 2928 pluvia
753 2844 861 2922 multa,
882 2852 915 2907 et
936 2845 1033 2907 lactus
1054 2856 1101 2907 cst
1121 2855 1226 2909 terroe

29 2912 30 2935 ¹
137 2936 234 2990 metus
257 2927 532 3012 Constantinopoli
553 2950 695 3008 mugnus,
715 2936 747 2988 et
778 2928 898 2990 eversio
918 2927 958 2990 de
978 2939 1086 2991 sancto
1102 2928 1226 3011 pascha,

29 3038 30 3041 ¹
138 3020 166 3071 et
185 3013 294 3095 coepit
318 3011 423 3095 uulgus
445 3034 463 3073 a
490 3011 634 3073 carnibus
656 3010 812 3073 abstinere
834 3034 938 3074 mense
958 3012 1151 3089 Februario,
1173 3013 1225 3075 die

29 3120 30 3127 ¹
138 3104 262 3176 quartas
288 3096 463 3177 imperator
484 3094 773 3177 autem‘praecepit
800 3095 858 3155 aliu
881 3094 1075 3157 hebdomada
1096 3116 1224 3157 earnem

136 3180 265 3259 apponi,
295 3185 327 3241 et
347 3199 453 3241 ornnes
482 3178 622 3240 carnium
645 3177 823 3241 venditores
839 3176 1044 3255 occiderunt,
1068 3187 1100 3240 et
1113 3178 1224 3259 ‘appo-

136 3272 272 3339 suerunt,
294 3271 327 3327 et
349 3282 439 3324 nuno
463 3263 585 3324 emebat
605 3270 660 3323 aut
678 3261 801 3325 edebat.
845 3281 946 3343 porro
969 3260 1082 3343 pascha
1104 3262 1222 3323 laetum

134 3353 175 3405 cst
194 3355 231 3407 nt
253 3346 428 3429 imperator
450 3344 550 3424 iussit,
564 3354 596 3409 et
617 3346 759 3409 inventus
774 3353 821 3408 est
834 3345 968 3428 populus
991 3345 1127 3411 ieiunans
1140 3343 1222 3409 beb-

137 3426 267 3491 domeda
287 3428 458 3513 superflua·
818 3484 825 3516 ,

210 3538 306 3599 Anno
328 3535 452 3617 imperii
475 3534 633 3597 lastiniani
654 3532 799 3597 vicesimo
818 3542 909 3616 captu
933 3536 1091 3600 eatllcma
1111 3556 1129 3595 a
1151 3538 1352 3623 (lo-mgna

134 3616 201 3695 this,
219 3628 252 3681 et
274 3640 355 3702 papa
370 3617 500 3703 Vigilins
522 3620 607 3681 venit
616 3618 931 3699 Constantinopolim,
950 3626 989 3688 et,
1001 3626 1157 3700 susceptus
1181 3618 1220 3681 nb

134 3701 324 3785 imperatore
344 3724 416 3765 cum
438 3703 553 3785 ingenti
586 3702 708 3763 honore
728 3700 971 3843 repromittebat
991 3703 1094 3764 facere
1116 3702 1222 3762 nnita-

135 3793 194 3845 tcm
228 3786 402 3849 catholicae
432 3787 599 3861 ecelesiae,
627 3794 659 3848 et
690 3783 951 3847 anattematizare
980 3786 1040 3846 tria
1071 3782 1218 3865 capitula,

133 3869 249 3953 quique
273 3869 622 3933 excommunicationem
646 3878 799 3951 quattuor
823 3867 973 3931 mensium
1004 3866 1091 3933 dedit
1110 3872 1221 3934 Menae

165 4088 188 4157 ‘)
208 4084 430 4160 mansionarium]
459 4088 498 4138 sic
523 4088 604 4137 etlam
633 4087 713 4137 vertit
738 4084 872 4137 Nienenae
895 4102 952 4152 syn.
975 4087 1036 4156 tp.
1056 4086 1108 4140 703
1127 4086 1169 4138 ed.
1188 4092 1217 4144 n.

196 4156 263 4207 virle
284 4164 312 4207 et
329 4158 416 4211 canl
433 4174 489 4225 syn.
502 4154 666 4208 Chalcedon.
684 4158 810 4207 ansuram
828 4156 864 4207 ad
886 4156 1003 4209 concilio
1023 4174 1048 4226 p.
1067 4160 1119 4216 697
1130 4171 1156 4222 a,
1167 4160 1219 4217 698
1261 4208 1267 4218 ,

197 4243 213 4279 a
232 4236 262 4280 et
282 4231 333 4286 tto
350 4228 377 4281 b.
400 4237 429 4283 et
444 4229 541 4283 concil.
565 4228 665 4299 Cpulit.
683 4229 731 4279 sub
749 4228 829 4283 blena
849 4244 876 4298 p.
890 4226 949 4282 737.
985 4226 1065 4281 Fara.
