3050 4900
503 359 556 424 Ex
584 355 844 430 'ramentum
1164 351 1212 422 71

144 525 335 596 ernanum
367 534 479 596 eontra
503 524 571 590 illos
600 525 660 610 qul
686 523 748 588 albi
778 547 841 586 non
870 529 1152 607 communicabant,
1185 535 1217 592 et

145 614 247 677 nultos
274 609 400 696 quidem
431 609 595 672 tormentis
623 609 745 686 affecit,
777 611 976 692 quorundam
1003 635 1078 676 vero
1108 615 1217 678 domos

144 697 261 762 tradidit
283 695 356 779 igni,
381 695 424 756 ita
447 703 483 756 ut
504 694 718 756 aestimaretur
740 691 814 754 urbs
835 716 854 755 a
875 695 1018 758 barbaris
1041 706 1140 780 capto.
1163 719 1218 760 ne·

143 782 217 846 cauit
235 789 340 842 autem
361 787 393 840 et
413 777 611 840 Athanasium
640 775 804 836 diaconum
834 779 865 840 S.
885 780 1143 862 Resurrectiunis,
1163 802 1217 844 ax.

141 866 334 948 prolatantem
355 871 387 923 et
406 870 587 944 arguentem
614 859 677 922 eius
702 860 912 946 impietatem,
933 871 966 926 et
993 865 1057 926 eius
1078 871 1218 928 sanctum

140 969 245 1031 corpus
280 967 339 1029 per
366 943 523 1006 civitatem
557 945 680 1026 pompis
713 944 898 1008 circundans
930 948 1056 1010 canibus
1076 947 1217 1010 tradidit.

140 1032 271 1094 Domnas
294 1049 370 1091 vero
393 1028 642 1110 archiepiscopus
667 1025 924 1102 Antiochennsx'n
949 1031 1107 1094 heremum
1127 1035 1217 1116 fugit,

138 1121 166 1176 et
185 1113 335 1178 luvenalis
357 1112 662 1195 Hierosolymitaaus.
712 1129 813 1190 porro
842 1135 913 1176 cum
941 1115 1084 1196 pestilens
1109 1116 1218 1178 Theo..

139 1198 231 1260 dusius
261 1217 320 1280 per
340 1194 379 1258 Ml
399 1217 516 1256 menses
546 1195 695 1256 thronum
718 1193 1033 1281 Hierosolymitanum
1060 1201 1217 1282 tenuisset,

139 1281 223 1346 iussos
241 1291 287 1344 est
307 1278 547 1364 comprehendi5
569 1278 623 1362 qui
648 1278 765 1361 fugiens
775 1279 807 1340 in
827 1288 963 1343 montem
973 1284 1117 1345 Sinueum
1140 1302 1216 1365 pro·

138 1366 272 1446 peravit3
296 1383 359 1450 quo
380 1365 452 1445 fuga
474 1363 558 1446 lapso
579 1383 640 1424 una
662 1383 732 1423 cum
745 1361 801 1424 his
834 1385 912 1447 quos
934 1366 999 1447 ipse
1020 1375 1216 1449 provexerat,

138 1447 247 1511 iterum
271 1447 420 1510 luvenalis
445 1445 595 1508 thronum
615 1467 704 1508 snum
723 1447 855 1528 recepit.
1138 1467 1142 1475 ·
1226 1454 1229 1462 '

210 1535 335 1594 interea
357 1531 504 1592 Maximus
527 1530 651 1590 Maximi
672 1549 768 1611 nepos
783 1539 949 1627 tprannum
967 1531 1216 1594 Valentinianum
1226 1554 1255 1607 p.
1272 1537 1322 1592 167
1340 1537 1375 1604 2⁰

137 1617 284 1698 peremit,
314 1625 346 1678 et
365 1613 523 1676 Eudoxias
553 1613 584 1698 vi
609 1614 775 1674 associatus
796 1615 964 1696 imperium
986 1636 1114 1698 quoqne
1134 1617 1219 1677 obti-

136 1699 216 1760 nuit:
244 1719 305 1782 per
322 1719 403 1780 quae
425 1717 557 1780 namque
578 1699 647 1780 quis
669 1707 787 1781 peccat,
807 1719 867 1779 per
888 1720 924 1760 ea
944 1720 1074 1782 quoque
1094 1708 1126 1760 et
1147 1719 1220 1761 cor-

136 1780 257 1862 ripitur.
306 1780 389 1843 inter
418 1781 495 1842 hasac
528 1800 604 1866 ergo
626 1779 767 1842 Eudoxio
797 1790 937 1843 coartata
959 1790 992 1844 et
1012 1782 1131 1844 nullum
1149 1784 1221 1845 foro

135 1865 278 1926 auxilium
309 1887 326 1925 a
347 1863 496 1947 Byzantio
517 1863 695 1925 Theodosio
728 1873 821 1946 patre
849 1886 906 1927 suo
926 1872 958 1927 et
978 1863 1143 1926 Pulcheria
1163 1865 1220 1928 de.

135 1947 242 2011 brastis
264 1949 455 2022 existimaus,
486 1947 610 2010 arcessit
637 1948 841 2010 Gezerichum
869 1950 908 2011 ad
942 1948 1052 2009 urbem
1078 1951 1220 2026 Romam,

134 2051 242 2113 rogans
265 2053 283 2093 a
304 2031 427 2092 Maximi
448 2030 612 2115 tyrannide
634 2029 771 2093 libcrari.
812 2055 922 2116 magua
943 2053 1019 2093 vero
1042 2053 1112 2093 cum
1134 2033 1222 2094 classi

132 2115 338 2177 Gezerichum
357 2117 490 2178 Romam
515 2115 709 2197 navigantem
737 2117 887 2177 Maximus
913 2116 1024 2178 timens
1055 2117 1128 2200 fuga
1150 2139 1221 2178 usus

134 2207 190 2259 ests
211 2197 250 2260 hi
271 2219 347 2259 vero
369 2199 424 2281 qui
452 2198 611 2282 cumipse
633 2207 731 2276 arant,
754 2199 981 2262 interemerunt
1002 2219 1083 2264 eum.
1125 2219 1222 2282 prae.

132 2289 213 2343 terea
230 2282 420 2344 Gezerichus
442 2282 563 2344 nemina
584 2281 644 2342 sibi
666 2284 828 2346 resistente
848 2283 992 2345 introivit
1004 2285 1135 2345 Rumam
1154 2292 1222 2345 ton·

132 2365 170 2424 tia
191 2365 246 2428 die
266 2365 392 2426 Maximi
411 2366 524 2448 fugae,
546 2373 578 2428 et
596 2365 722 2427 sublatis
758 2367 903 2428 omnihus
922 2367 1072 2451 pecuniis,
1093 2376 1124 2428 et
1144 2365 1222 2428 civi-

130 2449 196 2511 tatis
216 2449 377 2512 miraculis
398 2448 429 2511 in
452 2468 542 2511 naves
563 2452 704 2529 receptis,
726 2449 757 2510 in
773 2449 886 2531 qmbm
906 2458 998 2511 eruut
1018 2451 1222 2514 ecclesiastica

131 2526 252 2595 cimilia¹
267 2540 335 2597 tota
357 2554 392 2595 ex
413 2552 503 2607 auro,
524 2530 677 2615 lapidibus
698 2533 843 2612 pretiosis
869 2541 989 2609 ornata,
1011 2542 1043 2595 et
1063 2556 1133 2595 vasa
1156 2533 1224 2595 He-

128 2614 249 2694 braico,
269 2638 351 2700 quae
371 2615 460 2679 Titus
482 2615 664 2697 Vespasiani
685 2617 765 2678 filius
787 2624 859 2697 post
880 2616 1092 2697 captivitatem
1105 2616 1222 2677 Hiero..

128 2700 321 2784 solymorum
343 2701 475 2762 Romam
493 2700 659 2778 detulerat,
681 2722 741 2761 una
766 2718 839 2761 cum
857 2698 1001 2763 Eudoxio
1020 2700 1222 2785 imperatrice

127 2804 161 2843 ac
182 2784 308 2846 filiabus
326 2784 390 2845 eius
412 2785 443 2845 in
467 2783 602 2846 Africam
624 2783 790 2867 navigavit.

206 2868 291 2929 Erat
318 2875 422 2929 autem
445 2868 618 2928 Marcianus
655 2867 823 2928 admodum
857 2864 1036 2949 religiosus,
1058 2873 1090 2927 et
1108 2864 1256 2938 timensp·
1272 2864 1324 2919 16⁹
1343 2866 1375 2919 17

126 2945 231 3028 deunx,
254 2950 308 3033 qui
329 2972 399 3011 cum
420 2950 539 3011 letaniis
561 2952 670 3033 Campi
691 2950 785 3033 pedes
807 2948 983 3023 excedebat,
1007 2949 1102 3010 multa
1125 2970 1220 3032 egen.

126 3034 207 3095 tibus
233 3035 382 3096 beneficia
397 3043 564 3117 praestans.
607 3031 694 3116 quod
718 3034 840 3094 intaaus
859 3032 1018 3094 Anatolius
1039 3032 1221 3114 patriarcha

125 3126 157 3177 et
177 3117 249 3200 ipse
268 3116 306 3179 de
317 3127 423 3179 cetero
448 3138 511 3178 non
528 3116 644 3201 phorio
663 3126 805 3197 portatos
824 3116 994 3179 seeundum
1014 3137 1145 3191 morem,
1166 3116 1220 3177 sed

124 3200 222 3279 pedes
250 3200 378 3263 letanias
406 3201 518 3263 taciens
549 3200 722 3265 incedebat.
764 3201 948 3262 Timotheus
963 3206 1066 3259 autem
1087 3197 1256 3267 Helurusp·
1271 3191 1358 3255 1704

123 3284 288 3346 molimine
308 3306 379 3347 usus
402 3294 498 3347 noctu
519 3284 608 3346 cellas
637 3284 866 3345 monachorum
893 3282 1088 3358 circumibat,
1107 3302 1221 3343 unum.

123 3388 288 3451 quemque
307 3390 421 3431 vocans
444 3390 480 3431 ex
502 3368 645 3444 nomine,
678 3386 742 3451 quo
766 3366 975 3447 respondente
995 3365 1119 3430 dicebat
1140 3371 1220 3447 “ego

123 3454 254 3533 augelus
276 3472 344 3512 sum
376 3449 480 3515 dicere
509 3450 672 3526 omnibus,
705 3458 740 3510 ut
767 3448 933 3511 abscedant
961 3451 1221 3511 excommunione

120 3532 269 3596 Proterii
289 3543 321 3597 et
341 3557 451 3597 eorum
473 3535 526 3618 qui
544 3532 741 3595 Chalcedone
763 3554 949 3609 convenere,
970 3542 1003 3595 et
1019 3534 1221 3596 Timotheum

120 3616 281 3680 Helorum
304 3620 334 3680 iu
358 3619 539 3762 episcopum
560 3616 762 3679 Alexandriae
784 3616 990 3698 provehunt''

207 3702 321 3764 Mundi
342 3723 424 3762 anno
447 3702 466 3763 5
488 3700 546 3779 50,
568 3700 690 3761 divinae
717 3700 939 3762 incarnationis
960 3720 1042 3760 anno
1063 3695 1136 3775 450,
1155 3699 1219 3759 Loo

120 3782 265 3865 imperat
294 3796 466 3847 coronatus
499 3786 537 3845 ab
561 3784 706 3846 Anatolio
728 3782 914 3865 patriarcha,
936 3780 1119 3843 Timotheus
1143 3802 1220 3843 vero

119 3877 339 3947 cognomento
360 3868 493 3935 Helurua
514 3868 728 3929 Alexandriam
756 3867 916 3929 civitatem
940 3865 1099 3926 turbabat⁴
1140 3865 1323 3938 mul-pilt-

119 3950 266 4013 titudine
288 3952 408 4035 quippe
428 3952 641 4033 inquietorum
663 3952 807 4011 virorum
832 3960 937 4031 empta
963 3948 1126 4032 tyrannice
1149 3949 1221 4010 aas.

118 4033 276 4096 xandriae
297 4035 400 4097 sedem
431 4036 587 4112 obtinuit,
618 4043 742 4098 etcum
774 4033 933 4117 depositus
953 4040 1039 4108 esset,
1060 4053 1076 4091 a
1098 4031 1221 4093 duobus

119 4116 277 4199 depositis
297 4120 492 4199 provehitur.
544 4116 626 4181 unde
660 4118 765 4179 omnia
797 4115 939 4179 scaudala
966 4136 1060 4197 penes
1091 4114 1222 4175 Alexan-

120 4198 233 4263 driam
254 4213 325 4267 orta
344 4212 435 4265 sunt:
458 4204 578 4267 cunctis
599 4202 681 4265 caim
701 4202 789 4263 orbis
808 4211 913 4263 terrae
926 4198 1138 4262 sacerdotibus
1159 4198 1220 4259 dis.
