<?xml version="1.0" encoding="UTF-8"?>
<!DOCTYPE html PUBLIC "-//W3C//DTD XHTML 1.0 Transitional//EN"
    "http://www.w3.org/TR/xhtml1/DTD/xhtml1-transitional.dtd">
<html xmlns="http://www.w3.org/1999/xhtml" xml:lang="en" lang="en">
 <head>
  <title>
</title>
<meta http-equiv="Content-Type" content="text/html;charset=utf-8" />
  <meta name='ocr-system' content='tesseract 3.04.00' />
  <meta name='ocr-capabilities' content='ocr_page ocr_carea ocr_par ocr_line ocrx_word'/>
</head>
<body>
  <div class='ocr_page' id='page_1' title='image "./corpusscriptoru34theogoog_0019.png"; bbox 0 0 3050 4900; ppageno 0'>
   <div class='ocr_carea' id='block_1_1' title="bbox 265 193 928 264">
    <p class='ocr_par' dir='ltr' id='par_1_1' title="bbox 265 193 928 264">
     <span class='ocr_line' id='line_1_1' title="bbox 265 193 928 264; baseline -0.003 0"><span class='ocrx_word' id='word_1_1' title='bbox 265 193 289 264; x_wconf 84' lang='grc'>8</span> <span class='ocrx_word' id='word_1_2' title='bbox 688 199 928 264; x_wconf 67' lang='lat' dir='ltr'><strong>passiano.</strong></span> 
     </span>
    </p>
   </div>
   <div class='ocr_carea' id='block_1_2' title="bbox 258 368 1441 2616">
    <p class='ocr_par' dir='ltr' id='par_1_2' title="bbox 262 368 1441 785">
     <span class='ocr_line' id='line_1_2' title="bbox 265 368 1350 453; baseline -0.004 -25"><span class='ocrx_word' id='word_1_3' title='bbox 265 379 446 434; x_wconf 82' lang='lat' dir='ltr'><strong>noscuntur.</strong></span> <span class='ocrx_word' id='word_1_4' title='bbox 492 389 601 430; x_wconf 87' lang='lat' dir='ltr'><strong>verum</strong></span> <span class='ocrx_word' id='word_1_5' title='bbox 632 369 703 450; x_wconf 85' lang='lat' dir='ltr'><strong>quia</strong></span> <span class='ocrx_word' id='word_1_6' title='bbox 737 369 888 453; x_wconf 86' lang='lat' dir='ltr'><strong>quosdam</strong></span> <span class='ocrx_word' id='word_1_7' title='bbox 913 369 1026 430; x_wconf 89' lang='lat' dir='ltr'><strong>borum</strong></span> <span class='ocrx_word' id='word_1_8' title='bbox 1056 368 1202 430; x_wconf 87' lang='lat' dir='ltr'><strong>mentitos</strong></span> <span class='ocrx_word' id='word_1_9' title='bbox 1232 370 1350 451; x_wconf 86' lang='lat' dir='ltr'><strong>inqui.</strong></span> 
     </span>
     <span class='ocr_line' id='line_1_3' title="bbox 262 452 1351 535; baseline 0 -23"><span class='ocrx_word' id='word_1_10' title='bbox 262 452 391 514; x_wconf 87' lang='lat' dir='ltr'><strong>busdam</strong></span> <span class='ocrx_word' id='word_1_11' title='bbox 415 454 503 512; x_wconf 85' lang='lat' dir='ltr'><strong>luisse</strong></span> <span class='ocrx_word' id='word_1_12' title='bbox 525 459 557 512; x_wconf 90' lang='lat' dir='ltr'><strong>et</strong></span> <span class='ocrx_word' id='word_1_13' title='bbox 579 453 729 534; x_wconf 86' lang='lat' dir='ltr'><strong>quaedam</strong></span> <span class='ocrx_word' id='word_1_14' title='bbox 753 452 992 532; x_wconf 76' lang='lat' dir='ltr'><strong>praetermisisse</strong></span> <span class='ocrx_word' id='word_1_15' title='bbox 1014 453 1178 532; x_wconf 90' lang='lat' dir='ltr'><strong>probatur,</strong></span> <span class='ocrx_word' id='word_1_16' title='bbox 1202 452 1351 535; x_wconf 87' lang='lat' dir='ltr'><strong>quemad·</strong></span> 
     </span>
     <span class='ocr_line' id='line_1_4' title="bbox 262 531 1441 616; baseline 0.002 -20"><span class='ocrx_word' id='word_1_17' title='bbox 262 536 390 598; x_wconf 86' lang='lat' dir='ltr'><strong>modum</strong></span> <span class='ocrx_word' id='word_1_18' title='bbox 413 544 444 595; x_wconf 89' lang='lat' dir='ltr'><strong>et</strong></span> <span class='ocrx_word' id='word_1_19' title='bbox 465 544 586 596; x_wconf 87' lang='lat' dir='ltr'><strong>sanctus</strong></span> <span class='ocrx_word' id='word_1_20' title='bbox 609 557 689 616; x_wconf 88' lang='lat' dir='ltr'><strong>papa</strong></span> <span class='ocrx_word' id='word_1_21' title='bbox 712 538 882 616; x_wconf 80' lang='lat' dir='ltr'><strong>Gregorius</strong></span> <span class='ocrx_word' id='word_1_22' title='bbox 904 536 944 598; x_wconf 92' lang='lat' dir='ltr'><strong>de</strong></span> <span class='ocrx_word' id='word_1_23' title='bbox 966 538 1140 596; x_wconf 81' lang='lat' dir='ltr'><strong>Sozomeno</strong></span> <span class='ocrx_word' id='word_1_24' title='bbox 1162 535 1352 616; x_wconf 87' lang='lat' dir='ltr'><strong>apertissime</strong></span> <span class='ocrx_word' id='word_1_25' title='bbox 1437 531 1441 540; x_wconf 69' lang='grc'><em>’</em></span> 
     </span>
     <span class='ocr_line' id='line_1_5' title="bbox 262 617 1351 702; baseline 0 -22"><span class='ocrx_word' id='word_1_26' title='bbox 262 619 380 694; x_wconf 77' lang='lat' dir='ltr'><strong>scribit,</strong></span> <span class='ocrx_word' id='word_1_27' title='bbox 401 619 531 679; x_wconf 89' lang='lat' dir='ltr'><strong>obsecro</strong></span> <span class='ocrx_word' id='word_1_28' title='bbox 546 619 706 678; x_wconf 86' lang='lat' dir='ltr'><strong>mendacia</strong></span> <span class='ocrx_word' id='word_1_29' title='bbox 720 640 831 679; x_wconf 87' lang='lat' dir='ltr'><strong>eorum</strong></span> <span class='ocrx_word' id='word_1_30' title='bbox 844 619 923 680; x_wconf 83' lang='lat' dir='ltr'><strong>veris</strong></span> <span class='ocrx_word' id='word_1_31' title='bbox 937 617 1216 700; x_wconf 74' lang='lat' dir='ltr'><strong>approbationibus</strong></span> <span class='ocrx_word' id='word_1_32' title='bbox 1230 640 1351 702; x_wconf 77' lang='lat' dir='ltr'><strong>arguas,</strong></span> 
     </span>
     <span class='ocr_line' id='line_1_6' title="bbox 264 701 982 785; baseline -0.006 -21"><span class='ocrx_word' id='word_1_33' title='bbox 264 711 295 764; x_wconf 85' lang='lat' dir='ltr'><strong>et</strong></span> <span class='ocrx_word' id='word_1_34' title='bbox 316 723 397 785; x_wconf 78' lang='lat' dir='ltr'><strong>quae</strong></span> <span class='ocrx_word' id='word_1_35' title='bbox 420 703 592 762; x_wconf 86' lang='lat' dir='ltr'><strong>omiserunt</strong></span> <span class='ocrx_word' id='word_1_36' title='bbox 614 701 812 763; x_wconf 86' lang='lat' dir='ltr'><strong>nibilominus</strong></span> <span class='ocrx_word' id='word_1_37' title='bbox 831 701 982 783; x_wconf 79' lang='lat' dir='ltr'><strong>suppleas.</strong></span> 
     </span>
    </p>

    <p class='ocr_par' dir='ltr' id='par_1_3' title="bbox 258 783 1353 2616">
     <span class='ocr_line' id='line_1_7' title="bbox 350 783 1351 866; baseline 0 -20"><span class='ocrx_word' id='word_1_38' title='bbox 350 785 462 864; x_wconf 86' lang='lat' dir='ltr'><strong>Accipe</strong></span> <span class='ocrx_word' id='word_1_39' title='bbox 476 785 581 866; x_wconf 88' lang='lat' dir='ltr'><strong>itaque</strong></span> <span class='ocrx_word' id='word_1_40' title='bbox 603 784 675 860; x_wconf 79' lang='lat' dir='ltr'><strong>lsoe,</strong></span> <span class='ocrx_word' id='word_1_41' title='bbox 689 785 855 862; x_wconf 77' lang='lat' dir='ltr'><strong>carissime,</strong></span> <span class='ocrx_word' id='word_1_42' title='bbox 869 784 1108 866; x_wconf 89' lang='lat' dir='ltr'><strong>incompositum</strong></span> <span class='ocrx_word' id='word_1_43' title='bbox 1122 803 1211 865; x_wconf 84' lang='lat' dir='ltr'><strong>opus,</strong></span> <span class='ocrx_word' id='word_1_44' title='bbox 1224 794 1258 846; x_wconf 84' lang='lat' dir='ltr'><strong>et</strong></span> <span class='ocrx_word' id='word_1_45' title='bbox 1273 783 1351 846; x_wconf 89' lang='lat' dir='ltr'><strong>nibil</strong></span> 
     </span>
     <span class='ocr_line' id='line_1_8' title="bbox 262 867 1351 949; baseline 0 -21"><span class='ocrx_word' id='word_1_46' title='bbox 262 889 365 928; x_wconf 82' lang='lat' dir='ltr'><strong>meum</strong></span> <span class='ocrx_word' id='word_1_47' title='bbox 387 872 417 928; x_wconf 92' lang='lat' dir='ltr'><strong>in</strong></span> <span class='ocrx_word' id='word_1_48' title='bbox 438 867 498 928; x_wconf 89' lang='lat' dir='ltr'><strong>boc</strong></span> <span class='ocrx_word' id='word_1_49' title='bbox 518 887 647 948; x_wconf 91' lang='lat' dir='ltr'><strong>prorsus</strong></span> <span class='ocrx_word' id='word_1_50' title='bbox 670 869 817 929; x_wconf 89' lang='lat' dir='ltr'><strong>insertum</strong></span> <span class='ocrx_word' id='word_1_51' title='bbox 831 889 1012 949; x_wconf 74' lang='lat' dir='ltr'><strong>praenosce.</strong></span> <span class='ocrx_word' id='word_1_52' title='bbox 1034 867 1110 930; x_wconf 89' lang='lat' dir='ltr'><strong>etsi</strong></span> <span class='ocrx_word' id='word_1_53' title='bbox 1132 867 1270 929; x_wconf 84' lang='lat' dir='ltr'><strong>decessus</strong></span> <span class='ocrx_word' id='word_1_54' title='bbox 1289 871 1351 930; x_wconf 91' lang='lat' dir='ltr'><strong>mei</strong></span> 
     </span>
     <span class='ocr_line' id='line_1_9' title="bbox 263 950 1351 1035; baseline 0.001 -22"><span class='ocrx_word' id='word_1_55' title='bbox 263 953 370 1013; x_wconf 87' lang='lat' dir='ltr'><strong>debito</strong></span> <span class='ocrx_word' id='word_1_56' title='bbox 391 959 576 1035; x_wconf 88' lang='lat' dir='ltr'><strong>praeventus</strong></span> <span class='ocrx_word' id='word_1_57' title='bbox 591 952 788 1032; x_wconf 88' lang='lat' dir='ltr'><strong>propositum</strong></span> <span class='ocrx_word' id='word_1_58' title='bbox 808 973 885 1031; x_wconf 90' lang='lat' dir='ltr'><strong>opus</strong></span> <span class='ocrx_word' id='word_1_59' title='bbox 899 973 956 1034; x_wconf 81' lang='lat' dir='ltr'><strong>ego</strong></span> <span class='ocrx_word' id='word_1_60' title='bbox 969 952 1068 1014; x_wconf 89' lang='lat' dir='ltr'><strong>rninus</strong></span> <span class='ocrx_word' id='word_1_61' title='bbox 1090 950 1128 1012; x_wconf 89' lang='lat' dir='ltr'><strong>ad</strong></span> <span class='ocrx_word' id='word_1_62' title='bbox 1142 951 1259 1012; x_wconf 84' lang='lat' dir='ltr'><strong>calcem</strong></span> <span class='ocrx_word' id='word_1_63' title='bbox 1275 973 1351 1032; x_wconf 86' lang='lat' dir='ltr'><strong>per-</strong></span> 
     </span>
     <span class='ocr_line' id='line_1_10' title="bbox 262 1033 1353 1116; baseline 0.002 -22"><span class='ocrx_word' id='word_1_64' title='bbox 262 1033 394 1112; x_wconf 81' lang='lat' dir='ltr'><strong>duxero,</strong></span> <span class='ocrx_word' id='word_1_65' title='bbox 418 1045 453 1094; x_wconf 89' lang='lat' dir='ltr'><strong>tn</strong></span> <span class='ocrx_word' id='word_1_66' title='bbox 466 1043 567 1096; x_wconf 89' lang='lat' dir='ltr'><strong>tamen</strong></span> <span class='ocrx_word' id='word_1_67' title='bbox 584 1035 615 1094; x_wconf 86' lang='lat' dir='ltr'><strong>id</strong></span> <span class='ocrx_word' id='word_1_68' title='bbox 633 1034 777 1116; x_wconf 87' lang='lat' dir='ltr'><strong>deperire</strong></span> <span class='ocrx_word' id='word_1_69' title='bbox 790 1035 916 1095; x_wconf 88' lang='lat' dir='ltr'><strong>minime</strong></span> <span class='ocrx_word' id='word_1_70' title='bbox 928 1043 1047 1116; x_wconf 87' lang='lat' dir='ltr'><strong>patere,</strong></span> <span class='ocrx_word' id='word_1_71' title='bbox 1069 1034 1123 1096; x_wconf 91' lang='lat' dir='ltr'><strong>sed</strong></span> <span class='ocrx_word' id='word_1_72' title='bbox 1144 1035 1176 1094; x_wconf 89' lang='lat' dir='ltr'><strong>in</strong></span> <span class='ocrx_word' id='word_1_73' title='bbox 1199 1045 1353 1116; x_wconf 85' lang='lat' dir='ltr'><strong>quantum</strong></span> 
     </span>
     <span class='ocr_line' id='line_1_11' title="bbox 263 1112 1351 1200; baseline 0.003 -22"><span class='ocrx_word' id='word_1_74' title='bbox 263 1127 317 1194; x_wconf 84' lang='lat' dir='ltr'><strong>est,</strong></span> <span class='ocrx_word' id='word_1_75' title='bbox 335 1112 512 1200; x_wconf 78' lang='lat' dir='ltr'><strong>qualitcr&#39;et</strong></span> <span class='ocrx_word' id='word_1_76' title='bbox 526 1117 577 1178; x_wconf 90' lang='lat' dir='ltr'><strong>ubi</strong></span> <span class='ocrx_word' id='word_1_77' title='bbox 595 1117 721 1178; x_wconf 86' lang='lat' dir='ltr'><strong>libuerit</strong></span> <span class='ocrx_word' id='word_1_78' title='bbox 736 1127 834 1183; x_wconf 91' lang='lat' dir='ltr'><strong>utere.</strong></span> <span class='ocrx_word' id='word_1_79' title='bbox 856 1139 957 1198; x_wconf 91' lang='lat' dir='ltr'><strong>porro</strong></span> <span class='ocrx_word' id='word_1_80' title='bbox 978 1119 1002 1180; x_wconf 91' lang='lat' dir='ltr'><strong>si</strong></span> <span class='ocrx_word' id='word_1_81' title='bbox 1015 1118 1097 1178; x_wconf 83' lang='lat' dir='ltr'><strong>sorte</strong></span> <span class='ocrx_word' id='word_1_82' title='bbox 1112 1140 1130 1177; x_wconf 88' lang='lat' dir='ltr'><strong>a</strong></span> <span class='ocrx_word' id='word_1_83' title='bbox 1143 1139 1193 1178; x_wconf 92' lang='lat' dir='ltr'><strong>me</strong></span> <span class='ocrx_word' id='word_1_84' title='bbox 1213 1119 1271 1180; x_wconf 91' lang='lat' dir='ltr'><strong>tibi</strong></span> <span class='ocrx_word' id='word_1_85' title='bbox 1295 1129 1351 1181; x_wconf 87' lang='lat' dir='ltr'><strong>aut</strong></span> 
     </span>
     <span class='ocr_line' id='line_1_12' title="bbox 263 1200 1352 1282; baseline -0.002 -20"><span class='ocrx_word' id='word_1_86' title='bbox 263 1223 296 1262; x_wconf 81' lang='lat' dir='ltr'><strong>er</strong></span> <span class='ocrx_word' id='word_1_87' title='bbox 322 1203 445 1262; x_wconf 89' lang='lat' dir='ltr'><strong>Graeco</strong></span> <span class='ocrx_word' id='word_1_88' title='bbox 467 1201 629 1262; x_wconf 80' lang='lat' dir='ltr'><strong>transferri</strong></span> <span class='ocrx_word' id='word_1_89' title='bbox 652 1209 707 1260; x_wconf 88' lang='lat' dir='ltr'><strong>aut</strong></span> <span class='ocrx_word' id='word_1_90' title='bbox 727 1223 762 1262; x_wconf 84' lang='lat' dir='ltr'><strong>ex</strong></span> <span class='ocrx_word' id='word_1_91' title='bbox 785 1200 912 1261; x_wconf 89' lang='lat' dir='ltr'><strong>diversis</strong></span> <span class='ocrx_word' id='word_1_92' title='bbox 933 1202 1117 1263; x_wconf 87' lang='lat' dir='ltr'><strong>Latinorum</strong></span> <span class='ocrx_word' id='word_1_93' title='bbox 1140 1200 1352 1282; x_wconf 86' lang='lat' dir='ltr'><strong>conscriptio-</strong></span> 
     </span>
     <span class='ocr_line' id='line_1_13' title="bbox 261 1282 1352 1368; baseline 0.001 -24"><span class='ocrx_word' id='word_1_94' title='bbox 261 1285 360 1360; x_wconf 86' lang='lat' dir='ltr'><strong>nibus,</strong></span> <span class='ocrx_word' id='word_1_95' title='bbox 383 1307 462 1368; x_wconf 86' lang='lat' dir='ltr'><strong>quae</strong></span> <span class='ocrx_word' id='word_1_96' title='bbox 484 1283 630 1346; x_wconf 85' lang='lat' dir='ltr'><strong>historiae</strong></span> <span class='ocrx_word' id='word_1_97' title='bbox 649 1295 720 1346; x_wconf 89' lang='lat' dir='ltr'><strong>tuae</strong></span> <span class='ocrx_word' id='word_1_98' title='bbox 742 1285 866 1361; x_wconf 85' lang='lat' dir='ltr'><strong>inseras,</strong></span> <span class='ocrx_word' id='word_1_99' title='bbox 894 1282 1042 1346; x_wconf 83' lang='lat' dir='ltr'><strong>deflorari</strong></span> <span class='ocrx_word' id='word_1_100' title='bbox 1062 1283 1225 1361; x_wconf 85' lang='lat' dir='ltr'><strong>desideras,</strong></span> <span class='ocrx_word' id='word_1_101' title='bbox 1249 1283 1352 1345; x_wconf 90' lang='lat' dir='ltr'><strong>liben-</strong></span> 
     </span>
     <span class='ocr_line' id='line_1_14' title="bbox 259 1367 1352 1449; baseline 0.001 -21"><span class='ocrx_word' id='word_1_102' title='bbox 259 1378 311 1428; x_wconf 89' lang='lat' dir='ltr'><strong>ter</strong></span> <span class='ocrx_word' id='word_1_103' title='bbox 335 1371 394 1428; x_wconf 88' lang='lat' dir='ltr'><strong>tuis</strong></span> <span class='ocrx_word' id='word_1_104' title='bbox 415 1369 596 1430; x_wconf 81' lang='lat' dir='ltr'><strong>satisfaciam</strong></span> <span class='ocrx_word' id='word_1_105' title='bbox 620 1369 708 1428; x_wconf 85' lang='lat' dir='ltr'><strong>votis.</strong></span> <span class='ocrx_word' id='word_1_106' title='bbox 730 1377 852 1429; x_wconf 85' lang='lat' dir='ltr'><strong>tantum</strong></span> <span class='ocrx_word' id='word_1_107' title='bbox 875 1367 1027 1429; x_wconf 85' lang='lat' dir='ltr'><strong>industria</strong></span> <span class='ocrx_word' id='word_1_108' title='bbox 1050 1377 1103 1429; x_wconf 91' lang='lat' dir='ltr'><strong>tua</strong></span> <span class='ocrx_word' id='word_1_109' title='bbox 1122 1367 1248 1428; x_wconf 91' lang='lat' dir='ltr'><strong>interim</strong></span> <span class='ocrx_word' id='word_1_110' title='bbox 1270 1390 1352 1449; x_wconf 91' lang='lat' dir='ltr'><strong>apo-</strong></span> 
     </span>
     <span class='ocr_line' id='line_1_15' title="bbox 260 1450 1351 1534; baseline 0 -22"><span class='ocrx_word' id='word_1_111' title='bbox 260 1450 368 1513; x_wconf 90' lang='lat' dir='ltr'><strong>stolice</strong></span> <span class='ocrx_word' id='word_1_112' title='bbox 390 1452 500 1512; x_wconf 89' lang='lat' dir='ltr'><strong>doctus</strong></span> <span class='ocrx_word' id='word_1_113' title='bbox 522 1452 553 1511; x_wconf 92' lang='lat' dir='ltr'><strong>in</strong></span> <span class='ocrx_word' id='word_1_114' title='bbox 575 1452 701 1512; x_wconf 91' lang='lat' dir='ltr'><strong>nomine</strong></span> <span class='ocrx_word' id='word_1_115' title='bbox 724 1451 842 1511; x_wconf 91' lang='lat' dir='ltr'><strong>domini</strong></span> <span class='ocrx_word' id='word_1_116' title='bbox 865 1471 962 1532; x_wconf 88' lang='lat' dir='ltr'><strong>opus,</strong></span> <span class='ocrx_word' id='word_1_117' title='bbox 988 1451 1074 1534; x_wconf 92' lang='lat' dir='ltr'><strong>quod</strong></span> <span class='ocrx_word' id='word_1_118' title='bbox 1096 1451 1270 1527; x_wconf 87' lang='lat' dir='ltr'><strong>hortamur,</strong></span> <span class='ocrx_word' id='word_1_119' title='bbox 1295 1472 1351 1512; x_wconf 90' lang='lat' dir='ltr'><strong>ar-</strong></span> 
     </span>
     <span class='ocr_line' id='line_1_16' title="bbox 261 1534 1350 1617; baseline 0.003 -23"><span class='ocrx_word' id='word_1_120' title='bbox 261 1535 371 1617; x_wconf 88' lang='lat' dir='ltr'><strong>ripiat,</strong></span> <span class='ocrx_word' id='word_1_121' title='bbox 395 1541 427 1594; x_wconf 91' lang='lat' dir='ltr'><strong>et</strong></span> <span class='ocrx_word' id='word_1_122' title='bbox 450 1535 535 1616; x_wconf 91' lang='lat' dir='ltr'><strong>quod</strong></span> <span class='ocrx_word' id='word_1_123' title='bbox 560 1534 789 1596; x_wconf 88' lang='lat' dir='ltr'><strong>imminentibus</strong></span> <span class='ocrx_word' id='word_1_124' title='bbox 819 1535 908 1595; x_wconf 89' lang='lat' dir='ltr'><strong>nobis</strong></span> <span class='ocrx_word' id='word_1_125' title='bbox 940 1535 1125 1617; x_wconf 88' lang='lat' dir='ltr'><strong>proposuit,</strong></span> <span class='ocrx_word' id='word_1_126' title='bbox 1155 1543 1350 1617; x_wconf 78' lang='lat' dir='ltr'><strong>exsequatur.</strong></span> 
     </span>
     <span class='ocr_line' id='line_1_17' title="bbox 258 1615 1351 1700; baseline 0 -22"><span class='ocrx_word' id='word_1_127' title='bbox 258 1637 359 1700; x_wconf 87' lang='lat' dir='ltr'><strong>porro</strong></span> <span class='ocrx_word' id='word_1_128' title='bbox 384 1617 427 1678; x_wconf 85' lang='lat' dir='ltr'><strong>sic</strong></span> <span class='ocrx_word' id='word_1_129' title='bbox 449 1639 506 1698; x_wconf 82' lang='lat' dir='ltr'><strong>ego</strong></span> <span class='ocrx_word' id='word_1_130' title='bbox 531 1639 566 1678; x_wconf 91' lang='lat' dir='ltr'><strong>ex</strong></span> <span class='ocrx_word' id='word_1_131' title='bbox 589 1619 634 1678; x_wconf 88' lang='lat' dir='ltr'><strong>bis</strong></span> <span class='ocrx_word' id='word_1_132' title='bbox 656 1617 779 1678; x_wconf 90' lang='lat' dir='ltr'><strong>duobus</strong></span> <span class='ocrx_word' id='word_1_133' title='bbox 789 1617 958 1679; x_wconf 89' lang='lat' dir='ltr'><strong>illustribus</strong></span> <span class='ocrx_word' id='word_1_134' title='bbox 981 1618 1054 1678; x_wconf 84' lang='lat' dir='ltr'><strong>viris</strong></span> <span class='ocrx_word' id='word_1_135' title='bbox 1078 1617 1229 1699; x_wconf 87' lang='lat' dir='ltr'><strong>quaedam</strong></span> <span class='ocrx_word' id='word_1_136' title='bbox 1249 1615 1351 1678; x_wconf 85' lang='lat' dir='ltr'><strong>dello·</strong></span> 
     </span>
     <span class='ocr_line' id='line_1_18' title="bbox 261 1699 1351 1784; baseline 0.002 -24"><span class='ocrx_word' id='word_1_137' title='bbox 261 1722 332 1762; x_wconf 88' lang='lat' dir='ltr'><strong>rare</strong></span> <span class='ocrx_word' id='word_1_138' title='bbox 354 1701 525 1782; x_wconf 87' lang='lat' dir='ltr'><strong>proposui,</strong></span> <span class='ocrx_word' id='word_1_139' title='bbox 547 1709 582 1760; x_wconf 93' lang='lat' dir='ltr'><strong>ut</strong></span> <span class='ocrx_word' id='word_1_140' title='bbox 602 1721 681 1782; x_wconf 88' lang='lat' dir='ltr'><strong>pene</strong></span> <span class='ocrx_word' id='word_1_141' title='bbox 711 1701 824 1777; x_wconf 88' lang='lat' dir='ltr'><strong>omnia,</strong></span> <span class='ocrx_word' id='word_1_142' title='bbox 845 1721 926 1784; x_wconf 88' lang='lat' dir='ltr'><strong>quae</strong></span> <span class='ocrx_word' id='word_1_143' title='bbox 948 1723 1040 1781; x_wconf 88' lang='lat' dir='ltr'><strong>supra</strong></span> <span class='ocrx_word' id='word_1_144' title='bbox 1063 1702 1227 1762; x_wconf 85' lang='lat' dir='ltr'><strong>nominatis</strong></span> <span class='ocrx_word' id='word_1_145' title='bbox 1249 1699 1351 1762; x_wconf 89' lang='lat' dir='ltr'><strong>bisto-</strong></span> 
     </span>
     <span class='ocr_line' id='line_1_19' title="bbox 259 1783 1350 1866; baseline 0.001 -22"><span class='ocrx_word' id='word_1_146' title='bbox 259 1783 432 1866; x_wconf 81' lang='lat' dir='ltr'><strong>riograpbis</strong></span> <span class='ocrx_word' id='word_1_147' title='bbox 463 1792 707 1845; x_wconf 85' lang='lat' dir='ltr'><strong>commemorata</strong></span> <span class='ocrx_word' id='word_1_148' title='bbox 740 1792 831 1859; x_wconf 90' lang='lat' dir='ltr'><strong>sunt,</strong></span> <span class='ocrx_word' id='word_1_149' title='bbox 866 1806 954 1845; x_wconf 87' lang='lat' dir='ltr'><strong>ame</strong></span> <span class='ocrx_word' id='word_1_150' title='bbox 984 1783 1255 1844; x_wconf 86' lang='lat' dir='ltr'><strong>commemoranda</strong></span> <span class='ocrx_word' id='word_1_151' title='bbox 1285 1806 1350 1845; x_wconf 92' lang='lat' dir='ltr'><strong>non</strong></span> 
     </span>
     <span class='ocr_line' id='line_1_20' title="bbox 260 1867 1352 1950; baseline 0.001 -23"><span class='ocrx_word' id='word_1_152' title='bbox 260 1867 408 1928; x_wconf 77' lang='lat' dir='ltr'><strong>duxerim.</strong></span> <span class='ocrx_word' id='word_1_153' title='bbox 461 1888 496 1928; x_wconf 79' lang='lat' dir='ltr'><strong>ex</strong></span> <span class='ocrx_word' id='word_1_154' title='bbox 520 1867 660 1928; x_wconf 84' lang='lat' dir='ltr'><strong>civilibus</strong></span> <span class='ocrx_word' id='word_1_155' title='bbox 681 1877 785 1928; x_wconf 88' lang='lat' dir='ltr'><strong>antem</strong></span> <span class='ocrx_word' id='word_1_156' title='bbox 808 1867 897 1950; x_wconf 79' lang='lat' dir='ltr'><strong>gestis</strong></span> <span class='ocrx_word' id='word_1_157' title='bbox 925 1867 1078 1949; x_wconf 87' lang='lat' dir='ltr'><strong>quaedam</strong></span> <span class='ocrx_word' id='word_1_158' title='bbox 1098 1869 1274 1927; x_wconf 87' lang='lat' dir='ltr'><strong>summatim</strong></span> <span class='ocrx_word' id='word_1_159' title='bbox 1296 1890 1352 1928; x_wconf 81' lang='lat' dir='ltr'><strong>ex-</strong></span> 
     </span>
     <span class='ocr_line' id='line_1_21' title="bbox 260 1949 1351 2033; baseline 0.003 -22"><span class='ocrx_word' id='word_1_160' title='bbox 260 1950 383 2030; x_wconf 90' lang='lat' dir='ltr'><strong>cerpsi,</strong></span> <span class='ocrx_word' id='word_1_161' title='bbox 417 1951 554 2033; x_wconf 84' lang='lat' dir='ltr'><strong>quamvis</strong></span> <span class='ocrx_word' id='word_1_162' title='bbox 581 1973 598 2011; x_wconf 88' lang='lat' dir='ltr'><strong>a</strong></span> <span class='ocrx_word' id='word_1_163' title='bbox 633 1951 803 2012; x_wconf 90' lang='lat' dir='ltr'><strong>Iustiniano</strong></span> <span class='ocrx_word' id='word_1_164' title='bbox 840 1952 982 2031; x_wconf 89' lang='lat' dir='ltr'><strong>principe</strong></span> <span class='ocrx_word' id='word_1_165' title='bbox 1009 1973 1045 2010; x_wconf 85' lang='lat' dir='ltr'><strong>ae</strong></span> <span class='ocrx_word' id='word_1_166' title='bbox 1077 1949 1220 2032; x_wconf 85' lang='lat' dir='ltr'><strong>deinceps</strong></span> <span class='ocrx_word' id='word_1_167' title='bbox 1251 1973 1351 2032; x_wconf 85' lang='lat' dir='ltr'><strong>pauca</strong></span> 
     </span>
     <span class='ocr_line' id='line_1_22' title="bbox 260 2032 1350 2116; baseline 0.002 -22"><span class='ocrx_word' id='word_1_168' title='bbox 260 2033 419 2094; x_wconf 89' lang='lat' dir='ltr'><strong>omiserim</strong></span> <span class='ocrx_word' id='word_1_169' title='bbox 441 2053 649 2116; x_wconf 88' lang='lat' dir='ltr'><strong>eorumquae</strong></span> <span class='ocrx_word' id='word_1_170' title='bbox 671 2035 708 2094; x_wconf 89' lang='lat' dir='ltr'><strong>ab</strong></span> <span class='ocrx_word' id='word_1_171' title='bbox 729 2035 773 2094; x_wconf 90' lang='lat' dir='ltr'><strong>bis</strong></span> <span class='ocrx_word' id='word_1_172' title='bbox 790 2032 1039 2114; x_wconf 74' lang='lat' dir='ltr'><strong>chronographis</strong></span> <span class='ocrx_word' id='word_1_173' title='bbox 1061 2033 1158 2096; x_wconf 84' lang='lat' dir='ltr'><strong>relata</strong></span> <span class='ocrx_word' id='word_1_174' title='bbox 1182 2042 1264 2094; x_wconf 89' lang='lat' dir='ltr'><strong>sunt.</strong></span> <span class='ocrx_word' id='word_1_175' title='bbox 1287 2055 1350 2096; x_wconf 89' lang='lat' dir='ltr'><strong>non</strong></span> 
     </span>
     <span class='ocr_line' id='line_1_23' title="bbox 260 2116 1351 2198; baseline -0.001 -20"><span class='ocrx_word' id='word_1_176' title='bbox 260 2119 353 2192; x_wconf 87' lang='lat' dir='ltr'><strong>enim,</strong></span> <span class='ocrx_word' id='word_1_177' title='bbox 377 2127 412 2178; x_wconf 88' lang='lat' dir='ltr'><strong>ut</strong></span> <span class='ocrx_word' id='word_1_178' title='bbox 433 2117 588 2198; x_wconf 86' lang='lat' dir='ltr'><strong>praelatus</strong></span> <span class='ocrx_word' id='word_1_179' title='bbox 599 2117 788 2178; x_wconf 87' lang='lat' dir='ltr'><strong>beatissimus</strong></span> <span class='ocrx_word' id='word_1_180' title='bbox 798 2116 1002 2196; x_wconf 83' lang='lat' dir='ltr'><strong>Theophanes</strong></span> <span class='ocrx_word' id='word_1_181' title='bbox 1020 2138 1052 2178; x_wconf 90' lang='lat' dir='ltr'><strong>se</strong></span> <span class='ocrx_word' id='word_1_182' title='bbox 1064 2117 1186 2198; x_wconf 90' lang='lat' dir='ltr'><strong>opinari</strong></span> <span class='ocrx_word' id='word_1_183' title='bbox 1211 2125 1351 2195; x_wconf 87' lang='lat' dir='ltr'><strong>testatur,</strong></span> 
     </span>
     <span class='ocr_line' id='line_1_24' title="bbox 260 2197 1350 2282; baseline 0.001 -21"><span class='ocrx_word' id='word_1_184' title='bbox 260 2197 402 2261; x_wconf 85' lang='lat' dir='ltr'><strong>modicae</strong></span> <span class='ocrx_word' id='word_1_185' title='bbox 425 2201 560 2261; x_wconf 89' lang='lat' dir='ltr'><strong>fructum</strong></span> <span class='ocrx_word' id='word_1_186' title='bbox 576 2201 717 2261; x_wconf 88' lang='lat' dir='ltr'><strong>utilitatis</strong></span> <span class='ocrx_word' id='word_1_187' title='bbox 731 2201 832 2280; x_wconf 86' lang='lat' dir='ltr'><strong>carpit</strong></span> <span class='ocrx_word' id='word_1_188' title='bbox 848 2202 900 2282; x_wconf 92' lang='lat' dir='ltr'><strong>qui</strong></span> <span class='ocrx_word' id='word_1_189' title='bbox 923 2200 1099 2279; x_wconf 87' lang='lat' dir='ltr'><strong>priscorum</strong></span> <span class='ocrx_word' id='word_1_190' title='bbox 1121 2200 1230 2282; x_wconf 83' lang='lat' dir='ltr'><strong>relegit</strong></span> <span class='ocrx_word' id='word_1_191' title='bbox 1251 2210 1350 2262; x_wconf 86' lang='lat' dir='ltr'><strong>aetus.</strong></span> 
     </span>
     <span class='ocr_line' id='line_1_25' title="bbox 261 2283 1353 2366; baseline -0.001 -23"><span class='ocrx_word' id='word_1_192' title='bbox 261 2303 321 2344; x_wconf 90' lang='lat' dir='ltr'><strong>oro</strong></span> <span class='ocrx_word' id='word_1_193' title='bbox 343 2293 447 2344; x_wconf 88' lang='lat' dir='ltr'><strong>autem</strong></span> <span class='ocrx_word' id='word_1_194' title='bbox 470 2285 609 2345; x_wconf 87' lang='lat' dir='ltr'><strong>omnium</strong></span> <span class='ocrx_word' id='word_1_195' title='bbox 623 2285 784 2346; x_wconf 86' lang='lat' dir='ltr'><strong>caritatem</strong></span> <span class='ocrx_word' id='word_1_196' title='bbox 804 2283 884 2360; x_wconf 83' lang='lat' dir='ltr'><strong>banc</strong></span> <span class='ocrx_word' id='word_1_197' title='bbox 899 2283 1067 2344; x_wconf 89' lang='lat' dir='ltr'><strong>editionem</strong></span> <span class='ocrx_word' id='word_1_198' title='bbox 1086 2294 1223 2345; x_wconf 86' lang='lat' dir='ltr'><strong>nostram</strong></span> <span class='ocrx_word' id='word_1_199' title='bbox 1246 2283 1353 2366; x_wconf 81' lang='lat' dir='ltr'><strong>legen-</strong></span> 
     </span>
     <span class='ocr_line' id='line_1_26' title="bbox 261 2366 1351 2449; baseline 0.003 -24"><span class='ocrx_word' id='word_1_200' title='bbox 261 2367 357 2442; x_wconf 87' lang='lat' dir='ltr'><strong>tium,</strong></span> <span class='ocrx_word' id='word_1_201' title='bbox 388 2374 424 2425; x_wconf 88' lang='lat' dir='ltr'><strong>ut</strong></span> <span class='ocrx_word' id='word_1_202' title='bbox 446 2366 470 2427; x_wconf 86' lang='lat' dir='ltr'><strong>si</strong></span> <span class='ocrx_word' id='word_1_203' title='bbox 505 2368 534 2427; x_wconf 91' lang='lat' dir='ltr'><strong>in</strong></span> <span class='ocrx_word' id='word_1_204' title='bbox 557 2389 592 2428; x_wconf 87' lang='lat' dir='ltr'><strong>ea</strong></span> <span class='ocrx_word' id='word_1_205' title='bbox 616 2367 794 2449; x_wconf 83' lang='lat' dir='ltr'><strong>proficuum</strong></span> <span class='ocrx_word' id='word_1_206' title='bbox 823 2368 990 2449; x_wconf 90' lang='lat' dir='ltr'><strong>quicquam</strong></span> <span class='ocrx_word' id='word_1_207' title='bbox 1013 2368 1187 2441; x_wconf 86' lang='lat' dir='ltr'><strong>invenerit,</strong></span> <span class='ocrx_word' id='word_1_208' title='bbox 1209 2367 1351 2428; x_wconf 85' lang='lat' dir='ltr'><strong>decentes</strong></span> 
     </span>
     <span class='ocr_line' id='line_1_27' title="bbox 261 2449 1352 2533; baseline 0 -22"><span class='ocrx_word' id='word_1_209' title='bbox 261 2452 432 2533; x_wconf 84' lang='lat' dir='ltr'><strong>gratiarum</strong></span> <span class='ocrx_word' id='word_1_210' title='bbox 463 2453 598 2511; x_wconf 88' lang='lat' dir='ltr'><strong>actiones</strong></span> <span class='ocrx_word' id='word_1_211' title='bbox 623 2452 703 2525; x_wconf 85' lang='lat' dir='ltr'><strong>deo,</strong></span> <span class='ocrx_word' id='word_1_212' title='bbox 734 2472 857 2533; x_wconf 86' lang='lat' dir='ltr'><strong>exque</strong></span> <span class='ocrx_word' id='word_1_213' title='bbox 889 2459 934 2510; x_wconf 89' lang='lat' dir='ltr'><strong>est</strong></span> <span class='ocrx_word' id='word_1_214' title='bbox 954 2472 1045 2512; x_wconf 91' lang='lat' dir='ltr'><strong>omne</strong></span> <span class='ocrx_word' id='word_1_215' title='bbox 1073 2452 1210 2526; x_wconf 90' lang='lat' dir='ltr'><strong>bonum,</strong></span> <span class='ocrx_word' id='word_1_216' title='bbox 1238 2449 1352 2511; x_wconf 82' lang='lat' dir='ltr'><strong>devote</strong></span> 
     </span>
     <span class='ocr_line' id='line_1_28' title="bbox 262 2533 1352 2616; baseline 0 -23"><span class='ocrx_word' id='word_1_217' title='bbox 262 2534 436 2615; x_wconf 85' lang='lat' dir='ltr'><strong>persolvat,</strong></span> <span class='ocrx_word' id='word_1_218' title='bbox 470 2544 501 2595; x_wconf 91' lang='lat' dir='ltr'><strong>et</strong></span> <span class='ocrx_word' id='word_1_219' title='bbox 528 2556 589 2616; x_wconf 89' lang='lat' dir='ltr'><strong>pro</strong></span> <span class='ocrx_word' id='word_1_220' title='bbox 619 2535 709 2598; x_wconf 87' lang='lat' dir='ltr'><strong>nobis</strong></span> <span class='ocrx_word' id='word_1_221' title='bbox 731 2533 895 2595; x_wconf 86' lang='lat' dir='ltr'><strong>ineruditis</strong></span> <span class='ocrx_word' id='word_1_222' title='bbox 922 2541 953 2593; x_wconf 90' lang='lat' dir='ltr'><strong>et</strong></span> <span class='ocrx_word' id='word_1_223' title='bbox 974 2534 1189 2613; x_wconf 87' lang='lat' dir='ltr'><strong>peccatoribus</strong></span> <span class='ocrx_word' id='word_1_224' title='bbox 1216 2542 1352 2613; x_wconf 88' lang='lat' dir='ltr'><strong>propter</strong></span> 
     </span>
    </p>
   </div>
   <div class='ocr_carea' id='block_1_3' title="bbox 145 2613 1353 2927">
    <p class='ocr_par' dir='ltr' id='par_1_4' title="bbox 145 2613 1353 2927">
     <span class='ocr_line' id='line_1_29' title="bbox 265 2613 1353 2699; baseline -0.003 -21"><span class='ocrx_word' id='word_1_225' title='bbox 265 2617 426 2678; x_wconf 90' lang='lat' dir='ltr'><strong>dominum</strong></span> <span class='ocrx_word' id='word_1_226' title='bbox 449 2639 541 2677; x_wconf 90' lang='lat' dir='ltr'><strong>orare</strong></span> <span class='ocrx_word' id='word_1_227' title='bbox 563 2640 601 2678; x_wconf 90' lang='lat' dir='ltr'><strong>ne</strong></span> <span class='ocrx_word' id='word_1_228' title='bbox 615 2621 727 2699; x_wconf 73' lang='lat' dir='ltr'><strong>pigeat.</strong></span> <span class='ocrx_word' id='word_1_229' title='bbox 769 2638 870 2698; x_wconf 87' lang='lat' dir='ltr'><strong>porro</strong></span> <span class='ocrx_word' id='word_1_230' title='bbox 891 2613 1012 2697; x_wconf 86' lang='lat' dir='ltr'><strong>siquid</strong></span> <span class='ocrx_word' id='word_1_231' title='bbox 1036 2614 1196 2677; x_wconf 85' lang='lat' dir='ltr'><strong>inhoneste</strong></span> <span class='ocrx_word' id='word_1_232' title='bbox 1215 2617 1353 2696; x_wconf 88' lang='lat' dir='ltr'><strong>positum</strong></span> 
     </span>
     <span class='ocr_line' id='line_1_30' title="bbox 145 2697 1353 2783; baseline -0.002 -22"><span class='ocrx_word' id='word_1_233' title='bbox 145 2730 151 2745; x_wconf 76' lang='grc'><strong><em>·</em></strong></span> <span class='ocrx_word' id='word_1_234' title='bbox 264 2700 428 2780; x_wconf 79' lang='lat' dir='ltr'><strong>repererit,</strong></span> <span class='ocrx_word' id='word_1_235' title='bbox 450 2698 721 2783; x_wconf 88' lang='lat' dir='ltr'><strong>indisciplinationi</strong></span> <span class='ocrx_word' id='word_1_236' title='bbox 752 2713 876 2761; x_wconf 88' lang='lat' dir='ltr'><strong>nostrae</strong></span> <span class='ocrx_word' id='word_1_237' title='bbox 890 2697 952 2758; x_wconf 88' lang='lat' dir='ltr'><strong>hoe</strong></span> <span class='ocrx_word' id='word_1_238' title='bbox 972 2700 1124 2781; x_wconf 87' lang='lat' dir='ltr'><strong>imputans</strong></span> <span class='ocrx_word' id='word_1_239' title='bbox 1147 2699 1267 2759; x_wconf 84' lang='lat' dir='ltr'><strong>veniam</strong></span> <span class='ocrx_word' id='word_1_240' title='bbox 1290 2698 1353 2758; x_wconf 88' lang='lat' dir='ltr'><strong>do-</strong></span> 
     </span>
     <span class='ocr_line' id='line_1_31' title="bbox 264 2780 1352 2867; baseline 0.003 -25"><span class='ocrx_word' id='word_1_241' title='bbox 264 2792 325 2843; x_wconf 89' lang='lat' dir='ltr'><strong>net.</strong></span> <span class='ocrx_word' id='word_1_242' title='bbox 367 2792 491 2864; x_wconf 77' lang='lat' dir='ltr'><strong>gratum</strong></span> <span class='ocrx_word' id='word_1_243' title='bbox 526 2784 608 2845; x_wconf 89' lang='lat' dir='ltr'><strong>enim</strong></span> <span class='ocrx_word' id='word_1_244' title='bbox 637 2794 682 2848; x_wconf 91' lang='lat' dir='ltr'><strong>est</strong></span> <span class='ocrx_word' id='word_1_245' title='bbox 702 2782 761 2845; x_wconf 89' lang='lat' dir='ltr'><strong>deo</strong></span> <span class='ocrx_word' id='word_1_246' title='bbox 782 2793 813 2846; x_wconf 88' lang='lat' dir='ltr'><strong>et</strong></span> <span class='ocrx_word' id='word_1_247' title='bbox 839 2791 1004 2863; x_wconf 86' lang='lat' dir='ltr'><strong>acceptum</strong></span> <span class='ocrx_word' id='word_1_248' title='bbox 1026 2780 1113 2867; x_wconf 88' lang='lat' dir='ltr'><strong>quod</strong></span> <span class='ocrx_word' id='word_1_249' title='bbox 1134 2782 1162 2844; x_wconf 90' lang='lat' dir='ltr'><strong>ei</strong></span> <span class='ocrx_word' id='word_1_250' title='bbox 1182 2782 1352 2845; x_wconf 89' lang='lat' dir='ltr'><strong>secundum</strong></span> 
     </span>
     <span class='ocr_line' id='line_1_32' title="bbox 263 2864 510 2927; baseline 0.008 -2"><span class='ocrx_word' id='word_1_251' title='bbox 263 2865 344 2927; x_wconf 85' lang='lat' dir='ltr'><strong>vires</strong></span> <span class='ocrx_word' id='word_1_252' title='bbox 364 2864 510 2927; x_wconf 82' lang='lat' dir='ltr'><strong>offertur.</strong></span> 
     </span>
    </p>
   </div>
   <div class='ocr_carea' id='block_1_4' title="bbox 387 3012 1294 3101">
    <p class='ocr_par' dir='ltr' id='par_1_5' title="bbox 387 3012 1294 3101">
     <span class='ocr_line' id='line_1_33' title="bbox 387 3012 1294 3101; baseline -0.003 -24"><span class='ocrx_word' id='word_1_253' title='bbox 387 3012 526 3101; x_wconf 71' lang='lat' dir='ltr'><strong>Explica</strong></span> <span class='ocrx_word' id='word_1_254' title='bbox 541 3016 691 3100; x_wconf 76' lang='lat' dir='ltr'><strong>prologus.</strong></span> <span class='ocrx_word' id='word_1_255' title='bbox 733 3014 848 3100; x_wconf 71' lang='lat' dir='ltr'><strong>Incipit</strong></span> <span class='ocrx_word' id='word_1_256' title='bbox 866 3015 1109 3101; x_wconf 73' lang='lat' dir='ltr'><strong>Claronopraplria</strong></span> <span class='ocrx_word' id='word_1_257' title='bbox 1132 3014 1294 3100; x_wconf 79' lang='lat' dir='ltr'><strong>tripartita.</strong></span> 
     </span>
    </p>
   </div>
   <div class='ocr_carea' id='block_1_5' title="bbox 0 0 1533 4900">
    <p class='ocr_par' dir='ltr' id='par_1_6' title="bbox 0 0 1533 4900">
     <span class='ocr_line' id='line_1_34' title="bbox 0 0 1533 4900; baseline 0 0"><span class='ocrx_word' id='word_1_258' title='bbox 0 0 1533 4900; x_wconf 95' lang='lat' dir='ltr'><strong> </strong></span> 
     </span>
    </p>
   </div>
  </div>
 </body>
</html>
