3050 4900
298 347 368 418 ¹58
446 351 656 420 numanati
687 348 884 416 ttts‘rontn
918 345 1228 414 metastasrtca

292 544 382 584 strum
404 543 475 584 cum
498 523 630 584 iussione
661 521 700 582 ad
722 519 945 603 cardarigam,
967 529 1221 600 compraetorem
1241 519 1385 603 Sarbari,

293 607 545 688 Chalcedonam,
577 607 713 668 scribens
742 608 770 668 ci
799 614 835 665 ιιι
854 604 1024 665 Sarbarum
1048 603 1249 681 interficeret,
1270 607 1387 688 etipse

293 691 413 772 populo
429 693 594 750 Persarum
615 699 743 770 recepto
758 687 949 750 acceleraret
966 686 998 746 in
1012 686 1169 747 Persidem
1183 687 1215 746 in
1238 690 1387 750 auxilium

293 775 349 834 sui.
393 774 415 834 is
438 783 542 834 nutem
570 773 624 854 qui
660 773 778 833 litteras
798 765 960 832 deferebat
991 768 1076 830 circa
1108 771 1263 831 Galatiam
1295 793 1385 833 conr.

293 855 500 938 prehenditur
527 879 543 916 a
572 855 735 930 ltomanis;
792 875 833 914 ιιο
856 853 1101 936 comprehenso,
1124 861 1157 914 et
1182 854 1386 917 nescientibus

293 941 402 1016 Persis,
423 939 506 1001 hunc
527 941 709 1023 Byzantium
732 877 927 1000 deduxerunt
956 943 990 998 et
1010 937 1207 1020 imperatoris
1228 939 1293 999 lilio
1316 948 1386 1000 tra.

293 1022 449 1084 dideruut.
503 1033 548 1084 ast
578 1023 752 1106 imperator
784 1045 802 1082 a
821 1021 912 1090 misso
934 1020 1061 1104 cognita
1089 1021 1221 1082 veritate
1240 1023 1386 1105 protinus

292 1107 463 1168 Sarbarum
474 1107 614 1167 accessit:
637 1107 691 1189 qui
712 1128 785 1167 cum
799 1105 965 1179 introisset,
986 1104 1083 1165 astitit
1105 1105 1301 1185 imperatori.
1325 1107 1387 1166 im-

295 1202 428 1272 perator
449 1197 551 1251 autem
573 1190 645 1251 buic
666 1189 808 1270 epistola,
830 1209 924 1271 quam
944 1187 1098 1249 Cliosroes
1125 1189 1165 1248 ad
1186 1186 1388 1271 Cardarigam

292 1275 438 1352 miserat,
461 1272 594 1350 tradita,
630 1274 784 1356 missoque
812 1279 945 1346 ostenso,
969 1271 1044 1352 legit
1065 1271 1238 1353 epistolam.
1283 1282 1316 1334 at
1335 1273 1399 1335 ille

293 1367 397 1418 certus
421 1357 555 1418 veritate
578 1357 623 1418 rei
646 1357 782 1432 effectus,
805 1355 955 1416 continuo
977 1374 1146 1415 conversus
1166 1353 1293 1418 foedera
1312 1377 1387 1419 eum

293 1441 357 1501 lilio
370 1439 520 1524 principis
543 1450 574 1500 et
598 1439 779 1522 patriarcha
800 1439 892 1510 fecit;
917 1437 971 1534 gui
986 1437 1061 1498 falsa
1082 1439 1232 1500 Cbosrois
1255 1439 1387 1522 epistola

293 1525 384 1600 facta,
398 1523 485 1585 addit
507 1526 536 1583 in
557 1545 594 1586 ea
616 1525 708 1584 etiam
732 1521 808 1582 alios
821 1519 1064 1605 quadringentos
1083 1529 1220 1604 satrapas
1241 1532 1274 1584 ct
1295 1524 1385 1604 prin·

189 1629 217 1684 p.
230 1607 377 1690 aoeetpes
399 1618 431 1669 et
463 1607 609 1668 tribunos
641 1615 673 1668 et
692 1606 891 1666 centuriones
923 1602 1160 1682 interimendos,
1184 1615 1216 1667 et
1237 1607 1384 1688 imposito

292 1691 451 1774 ingeniose
473 1689 642 1752 adinvento
657 1689 825 1770 signaculo,
846 1688 1104 1771 congregatisque
1119 1689 1250 1752 ducibus
1265 1699 1296 1752 et
1318 1690 1384 1771 ipso

292 1774 473 1858 Gandariga,
494 1782 527 1834 ct
556 1774 635 1834 lecta
657 1771 808 1858 epistola,
833 1771 911 1832 dixit
930 1771 971 1832 ad
992 1771 1195 1852 Cardarigam
1215 1775 1386 1856 “perspicis

291 1869 329 1919 nt
352 1857 412 1918 boc
435 1856 555 1918 sacias.”
606 1863 639 1916 at
669 1876 745 1917 sero
778 1855 935 1936 principes
964 1855 1074 1916 lurore
1100 1855 1217 1933 referti,
1240 1857 1384 1918 abdicato

293 1940 442 2019 Clrosroe,
465 1938 649 2022 imperatori
687 1939 897 2020 acilicapactn
916 1947 1094 2020 patrarunt,
1116 1947 1149 2000 ct
1168 1947 1279 2000 mutuo
1302 1942 1384 2003 inito

293 2023 424 2086 consilio
448 2021 565 2105 placuit
586 2032 621 2083 ut
641 1959 837 2083 cbataadona
856 2021 1051 2083 discederent
1070 2030 1103 2082 et
1124 2021 1163 2082 ad
1176 2023 1308 2106 propria
1331 2045 1386 2084 re.

292 2107 456 2190 pedarcnt,
479 2105 555 2167 nibil
589 2106 836 2168 exterminaturi.
884 2115 1049 2186 praetcrea
1068 2105 1229 2167 Heraclius
1260 2107 1386 2189 scripsit

293 2190 426 2251 Chosroi
447 2192 527 2272 “ego
549 2209 725 2272 persequor
746 2197 778 2251 et
800 2187 839 2248 ad
885 2209 969 2250 acem
999 2209 1115 2251 curro:
1138 2209 1201 2250 uon
1225 2191 1308 2250 enim
1328 2212 1387 2250 so-

294 2273 447 2335 luntarins
482 2275 553 2356 igue
582 2277 730 2334 consunlo
760 2272 846 2334 Persi
870 2293 937 2349 cru,
964 2271 1017 2334 scd
1052 2272 1114 2332 sim
1145 2293 1248 2355 passus
1270 2275 1385 2336 abste.

293 2358 496 2440 proiiciamus
517 2376 593 2440 ergo
614 2356 721 2421 saltem
748 2377 833 2416 nunc
853 2379 948 2432 arma,
968 2367 1001 2416 et
1022 2376 1133 2437 pacem
1153 2359 1386 2439 amplectamur.

295 2441 507 2525 extinguamus
533 2441 634 2525 ignem
656 2441 839 2524 priusquam
855 2441 998 2503 universa
1014 2439 1210 2503 inflammet.”
1251 2462 1388 2525 cumque

297 2526 451 2589 Chosroes
475 2526 537 2587 boc
559 2546 621 2586 non
643 2524 823 2603 admisisset,
845 2544 1035 2606 magnopere
1055 2523 1162 2585 odium
1175 2526 1286 2608 populi
1305 2527 1388 2588 Per-

294 2608 367 2671 sidis
389 2610 489 2671 crevit
517 2606 660 2670 adversus
694 2630 777 2671 enm.
832 2609 933 2668 movit
965 2628 1041 2689 ergo
1063 2607 1216 2669 Chosroes
1247 2608 1388 2671 homines

292 2693 474 2774 principum
501 2710 631 2752 suorum
663 2699 695 2752 et
724 2710 818 2753 omae
844 2690 1031 2771 obsequium
1050 2712 1141 2751 suum
1162 2700 1257 2774 atque
1277 2692 1389 2754 mulie·

294 2794 528 2851 romanarum,
559 2773 669 2835 ethos
692 2782 832 2835 armatos
861 2783 990 2834 cunctos
1014 2772 1127 2834 direxit
1144 2776 1293 2837 exercitui
1313 2777 1388 2836 uni.

292 2854 390 2919 cados
410 2856 555 2934 erarnti,
576 2864 608 2918 et
636 2866 773 2919 staturos
804 2855 888 2937 apud
915 2856 1050 2917 Narbam
1071 2856 1200 2919 flurium
1221 2858 1388 2923 duodecim

295 2940 419 3000 milibus
441 2938 673 3021 aCtisoplroute
696 2940 872 3018 distantem,
896 2947 929 3001 et
941 2940 1028 3001 iussit
1048 2941 1090 3001 eis
1112 2952 1148 3003 nt
1170 2940 1243 3003 dnm
1265 2964 1388 3005 amnem

198 3024 441 3103 p.49lltransiret
461 3022 646 3105 imperator,
666 3022 841 3086 inciderent
862 3030 983 3107 pontes.
1003 3032 1050 3085 ast
1069 3024 1244 3108 imperator
1252 3029 1387 3107 septimo

294 3107 364 3170 idus
386 3107 542 3169 lanuarias
563 3116 665 3168 motus
689 3106 897 3189 aDastagerd,
917 3127 988 3168 cum
1002 3108 1124 3170 abiisset
1144 3109 1243 3171 tribus
1267 3109 1388 3191 diebus,

294 3201 395 3255 castra
413 3198 544 3253 metatus
564 3200 611 3253 est
633 3189 801 3253 duodecim
821 3189 944 3251 milibus
967 3191 1062 3272 poeul
1083 3214 1101 3252 a
1121 3194 1226 3254 Narba
1248 3194 1388 3273 flumine,

293 3276 348 3337 ubi
373 3284 442 3337 erat
462 3276 626 3337 Persarum
658 3274 834 3350 exercitos,
857 3274 941 3335 inter
961 3294 1039 3355 quos
1063 3274 1219 3337 habebant
1240 3278 1335 3339 etiam
1355 3288 1389 3341 et

293 3358 470 3441 elephantes
490 3357 649 3420 ducentos.
691 3366 723 3420 et
756 3357 839 3418 misit
858 3357 1032 3439 imperator
1054 3360 1226 3441 Georgium
1246 3370 1389 3423 turmar·

293 3442 374 3504 chen
398 3442 673 3520 armeniacorum,
707 3450 743 3502 ut
765 3440 946 3523 ireturque
975 3440 1015 3502 ad
1045 3438 1178 3520 flumen,
1199 3453 1231 3505 ct
1253 3446 1388 3510 disceret

291 3536 401 3589 utrum
424 3524 542 3587 Narbas
565 3524 677 3587 sadum
697 3525 839 3590 haberet.
872 3532 989 3587 etcum
1011 3525 1174 3589 invenisset
1193 3527 1281 3611 quod
1300 3550 1385 3611 pon·

292 3618 338 3672 tes
357 3606 535 3671 incidissent
557 3616 589 3673 et
614 3609 729 3671 vadum
756 3628 820 3668 noa
842 3618 938 3686 esset,
962 3608 1002 3671 ad
1023 3609 1248 3693 imperatorem
1269 3613 1387 3675 reveru

291 3695 379 3767 suut}
400 3691 455 3777 qui
467 3700 569 3755 motus
580 3692 732 3754 Siaruron
744 3690 818 3769 adit,
835 3700 868 3753 et
880 3692 1034 3755 circuibat
1049 3692 1215 3756 incendens
1228 3696 1388 3779 regionem

291 3784 326 3839 et
345 3778 436 3839 urbes
459 3796 518 3857 per
545 3785 647 3839 toturn
664 3776 875 3839 Februarium
894 3798 1040 3838 mensem.
1062 3779 1179 3839 Martio
1200 3801 1276 3841 vero
1298 3800 1387 3841 men·

293 3880 326 3922 se
349 3881 420 3922 curn
441 3859 571 3923 venisset
581 3861 611 3920 in
624 3859 788 3942 praedium
800 3858 887 3944 quod
905 3860 1074 3922 dicebatur
1083 3862 1212 3940 Barzan,
1234 3862 1337 3924 faeere
1359 3866 1386 3939 ¹¹)

292 3954 411 4026 septem
421 3943 496 4024 (lies,
510 3954 542 4009 et
554 3945 636 4005 misit
645 3944 829 4007 Meseticnm
837 3950 1020 4027 praetorem
1032 3946 1064 4007 in
1079 3966 1214 4025 cursum,
1227 3956 1261 4009 et
1270 3944 1387 4008 adinn-

330 4152 355 4223 ')
376 4152 474 4224 lacerel
496 4153 656 4223 Papinianus
681 4152 709 4203 in
732 4152 750 4205 l.
769 4154 848 4207 miles
870 4150 906 4225 ad
932 4152 983 4221 leg.
1007 4154 1057 4204 lul.
1084 4148 1118 4205 die
1145 4154 1250 4207 adult:
1277 4154 1387 4207 nasibi

261 4238 265 4255 ·
364 4232 585 4294 computarentur
610 4222 668 4275 dies
686 4240 755 4295 quos
773 4226 803 4277 in
824 4221 948 4276 custodia
969 4224 1087 4278 lecisset.
1124 4226 1212 4297 Lupus
1230 4226 1312 4296 epist.
1331 4224 1381 4281 20:
