3050 4900
629 379 780 443 NOTAE.
1170 371 1243 442 317

159 576 227 638 cap.
249 551 291 616 61
314 561 349 616 et
369 573 405 616 er
426 553 561 652 Socrate
579 556 632 618 lib.
655 557 672 618 1
695 577 761 638 esp.
785 549 808 616 4
829 555 1025 640 deprompta,
1048 555 1104 642 qui
1125 555 1245 638 pariter

158 637 340 703 Cordubam
360 638 572 722 Κοοδροοβρν
591 642 793 722 pronunciat.

240 763 291 838 tt,
319 761 365 826 tt).
419 759 474 823 καί
493 761 526 825 ἒν
549 765 587 848 τῇ
608 761 746 848 α”νατολῇ
768 757 1031 844 διορθωσόμενος]
1056 763 1130 826 atsi
1154 763 1244 824 resti.

158 849 219 910 tuit
238 857 272 909 et
288 848 465 927 composuit
487 847 517 907 in
539 849 670 910 Oriente
704 847 881 912 celebrandi
914 849 1064 930 paschatis
1095 845 1245 922 ordinem,

159 953 219 993 cnr
239 931 400 992 confestim
419 914 576 1010 ἄπρακτος
599 933 723 994 rediisse
748 931 858 992 Hosius
880 931 1089 992 describitur?
1130 951 1246 991 corru-

158 1027 232 1098 ptus
251 1036 324 1075 sane
347 1013 397 1074 bic
417 1012 519 1092 locus,
551 1014 636 1076 cuius
656 1017 724 1076 vice
741 1014 904 1097 legendum
926 1013 1079 1076 existimo:
1101 1005 1246 1093 s'lqlsidst

159 1098 196 1160 δὲ
209 1090 315 1169 “Oaros
335 1095 368 1158 ἒν
385 1092 422 1178 τῇ
443 1087 578 1180 ἀνατολῇ
597 1094 846 1177 διορθωσόμενος
866 1093 939 1169 τούς
951 1088 1163 1168 ιίναιολιιιοῦς.
1194 1115 1247 1156 ue·

159 1195 248 1242 nemt
266 1202 337 1241 surae
357 1180 469 1240 Hosius
496 1183 528 1241 irs
553 1182 713 1242 Orientem
731 1193 915 1243 correcturae
941 1181 1067 1258 incolas,
1086 1177 1180 1240 etad
1197 1200 1248 1239 or·

159 1265 259 1325 diuers
292 1277 488 1324 maneamus
513 1279 568 1326 etc.
596 1265 733 1347 quamvis
753 1264 826 1326 sola
854 1285 915 1325 vox
940 1259 1194 1345 διορθωσάμενος
1216 1261 1247 1322 in

163 1339 414 1425 διορθωσόμενος
436 1354 553 1406 mutata
568 1348 673 1409 locum
694 1368 819 1410 omnem
840 1359 978 1428 reparet,
1000 1353 1031 1408 et
1053 1345 1247 1428 expositioni,

186 1453 257 1490 uam
281 1428 321 1491 ad
347 1438 467 1490 textum
497 1430 644 1509 adhibui,
678 1431 782 1492 locum
813 1430 944 1492 dederit.
994 1428 1071 1490 haec
1090 1450 1191 1511 porro
1213 1449 1248 1490 ex

160 1452 322 1574 §acomoni
354 1513 409 1573 lib.
434 1511 450 1572 1
472 1533 541 1597 cap.
568 1513 607 1576 15
637 1525 804 1598 excerpta:
837 1519 991 1575 memorat
1023 1512 1130 1575 eudem
1151 1513 1248 1574 Ense-

163 1596 233 1657 bius
254 1596 307 1657 lib.
330 1593 351 1657 3
373 1595 412 1658 de
429 1597 493 1656 vita
514 1599 619 1661 Const.
641 1599 751 1679 caph
774 1597 967 1660 Constantini
994 1595 1151 1658 laudatum
1170 1594 1250 1656 faui-

163 1700 218 1741 nus
237 1680 388 1741 Silvestro
412 1701 512 1764 papae
535 1681 649 1745 tribuit
662 1681 821 1744 *Batonius
854 1679 893 1742 ad
915 1701 1031 1742 annum
1053 1679 1167 1743 Christi
1187 1677 1250 1742 394
1358 1693 1361 1703 '

167 1785 251 1825 num.
275 1761 345 1825 16⁰.

246 1888 327 1953 Ibid.
351 1885 399 1949 13.
442 1883 597 1952 Κώνσταν
613 1882 670 1952 τὸν
690 1883 763 1951 οἷον
784 1877 885 1952 aiensi
905 1889 1154 1969 Κωνοταντῑνος]
1189 1889 1249 1950 Ge..

164 1971 279 2034 drenus
300 1979 461 2033 auctorem
485 1981 634 2050 sequutus
660 1972 699 2036 ad
728 1995 842 2036 uanum
872 1973 1067 2036 Constantini
1096 1970 1250 2034 decimum

165 2055 329 2136 septimum
350 2055 466 2116 scribit.
518 2048 712 2118 Kaiuosaarn
742 2053 799 2118 τὸν
818 2049 890 2118 uiis
911 2051 1013 2118 odensi
1033 2051 1250 2136 προβαλλόμε-

163 2159 215 2210 νος
239 2138 391 2216 Καίσαρα
420 2135 465 2208 εἷς
492 2136 631 2210 Γαλλίας
651 2138 841 2201 ἀπέστειλεν.
895 2139 1004 2202 vitiose
1025 2149 1177 2224 uterque;
1202 2137 1249 2204 vei

162 2221 360 2301 Theophanis
380 2222 480 2284 nostri
500 2220 667 2299 librarius,
689 2222 863 2285 Constantii
881 2223 958 2300 uice,
979 2224 1154 2286 ConstantIs
1173 2243 1250 2305 sup.

167 2307 270 2384 posuit
288 2325 407 2366 nomen.
462 2325 544 2366 anno
574 2305 692 2390 qnippe
717 2306 825 2368 aetatis
846 2305 1026 2386 tricesimo,
1051 2307 1105 2390 qui
1127 2303 1249 2388 imperii

168 2386 445 2466 tertiusdecimus,
468 2389 618 2451 Constans
641 2410 660 2449 a
679 2389 858 2486 Magnentio
880 2393 1024 2470 occisus,
1045 2388 1144 2472 patris
1167 2389 1250 2451 deai-

165 2492 220 2532 mo
240 2472 369 2555 septimo
399 2473 512 2535 Caesar
541 2472 660 2551 creari,
691 2474 749 2534 nisa
772 2474 854 2535 forte
873 2474 993 2551 bimas,
1022 2472 1106 2535 haud
1135 2472 1250 2555 potuit.

163 2576 263 2617 annos
286 2575 361 2617 vero
383 2555 512 2639 triginta
532 2565 654 2633 natum,
678 2555 801 2639 imperii
822 2555 1107 2637 decimoseptimo,
1129 2578 1146 2617 a
1171 2556 1251 2617 Cae.

163 2638 239 2699 saris
260 2649 385 2721 arrepta
408 2639 558 2721 dignitate
578 2639 723 2724 intellige,
751 2640 941 2701 trucidatum
962 2640 1060 2702 refert
1078 2638 1249 2721 Eutropius

164 2724 216 2783 lib.
234 2721 284 2800 10,
299 2724 384 2783 cuius
404 2723 500 2784 verba
520 2724 658 2787 auctoris
680 2745 822 2785 errorem
844 2726 961 2799 fovent,
983 2724 1035 2785 obi
1047 2723 1156 2785 Licinii
1179 2742 1250 2785 σαο-
1330 2769 1331 2780 ,

167 2806 206 2867 de
226 2813 354 2867 narrata
374 2806 512 2887 legimus.
553 2828 589 2869 eo
607 2822 736 2891 tempore
764 2829 811 2868 res
832 2808 971 2869 Romana
992 2807 1046 2868 sub
1068 2828 1126 2869 uno
1148 2807 1252 2891 Augu·

162 2902 208 2949 sto
228 2903 258 2949 et
274 2890 367 2950 aribus
389 2888 575 2951 Caesaribus
604 2890 617 2969 (
678 2890 703 2951 d
727 2912 881 2974 nunqnam
901 2892 979 2951 alias
1014 2892 1106 2969 snit.-
1126 2910 1192 2952 cum
1210 2890 1251 2951 li·

164 2972 229 3033 beri
245 2972 432 3034 Constantini
453 2974 590 3050 Galliae,
613 2913 740 3051 didm
753 2974 922 3059 Italiaeque
936 2988 1116 3059 praeessent.
1142 2996 1252 3037 verum

163 3054 203 3117 de
221 3056 416 3138 temporibus
425 3056 581 3117 Liciniana
600 3056 686 3119 clade
707 3058 933 3137 posterioribus
956 3058 1037 3119 ratio
1058 3066 1249 3140 temporum,

163 3148 197 3199 et
219 3140 336 3201 Aurelii
353 3139 490 3202 Victoris
510 3141 678 3201 auctoritas
696 3141 826 3202 suadent
846 3141 921 3203 haec
936 3140 1151 3224 intelligendus
1172 3163 1252 3223 pau-

163 3222 196 3281 lo
219 3232 292 3303 post
311 3222 392 3285 enim
409 3223 450 3284 de
461 3223 635 3285 Constantis
654 3224 787 3287 interitu
809 3226 904 3287 verba
924 3224 1057 3286 iaciens:
1077 3226 1154 3287 obiit
1170 3246 1250 3287 arura

160 3306 287 3388 imperii
298 3307 343 3384 (id
353 3314 400 3367 est
408 3307 576 3369 Caesareae
592 3308 747 3386 dignitatis
760 3308 900 3383 collatae)
915 3308 1029 3371 decimo
1050 3308 1188 3390 septimo,
1209 3306 1252 3368 ait

162 3388 335 3471 Eutropius
356 3388 446 3466 idem,
467 3394 579 3451 aetatis
600 3393 771 3471 trigesimo:
794 3392 971 3473 antepatris
992 3390 1097 3473 itaque
1118 3398 1251 3451 mortem

163 3474 250 3533 annis
281 3473 520 3556 quatuordecim
551 3494 621 3535 curn
644 3473 708 3535 aliis
735 3476 848 3537 Caesar
881 3496 943 3535 non
970 3474 1065 3536 valuit
1084 3472 1249 3557 designari.

163 3557 304 3617 Aurelius
324 3564 428 3619 autem
445 3556 558 3619 Victor
572 3557 682 3618 Licinii
706 3567 810 3620 morte
831 3557 938 3632 relata,
959 3580 995 3619 ea
1015 3556 1114 3634 σιοᾰο,
1136 3556 1252 3635 subdit,

162 3660 238 3723 resp.
260 3642 347 3702 satius
373 3641 501 3703 arbitrio
527 3644 593 3720 regi
608 3642 723 3724 coepit.
747 3642 849 3703 liberis
871 3641 1039 3703 Caesarum
1059 3640 1183 3703 nomina
1202 3638 1251 3700 di·

164 3742 256 3783 uersa
278 3726 511 3798 retentantibus5
541 3745 669 3807 nauaque
699 3746 735 3784 ea
763 3738 935 3808 tempestate
953 3726 1027 3805 imp.
1050 3738 1150 3787 nostro
1171 3722 1253 3784 Con-

163 3810 274 3866 stantio
292 3805 374 3886 (ride
392 3805 606 3869 Constantium
623 3808 797 3868 Constantis
820 3810 891 3869 ioco
911 3807 1118 3882 scribendum)
1139 3808 1252 3889 insigne

164 3886 309 3950 Caesaris
329 3888 445 3951 clauim.
465 3900 497 3951 et
520 3889 656 3966 inferius,
678 3890 826 3951 confectis
848 3890 992 3953 adversus
1010 3892 1164 3951 Sarmatas
1182 3888 1252 3951 bel-

66 4016 73 4029 .
164 3968 210 4029 lise
231 3974 357 4049 inuersa,
376 3974 488 4056 inquit,
508 3972 687 4047 Gothorum,
704 3970 984 4060 Sarmatarumque
1003 3987 1119 4037 stratae
1138 3986 1251 4055 gentes,
1353 3976 1356 3981 ’

162 4051 300 4139 filiusque
313 4071 484 4119 cunctorum
505 4058 618 4128 minor,
641 4054 787 4119 comtum
809 4060 937 4137 nomine,
961 4056 1072 4117 Caesar
1081 4053 1149 4141 fita
1172 4076 1252 4140 quae

162 4138 304 4203 narratio
318 4141 482 4221 praesenti,
499 4160 592 4225 quam
605 4140 835 4217 elucubramus‚
847 4149 917 4201 toto
931 4139 1080 4201 decennio
1093 4140 1251 4220 posterior

166 4230 220 4284 est.
263 4222 469 4286 conferendus
488 4246 560 4287 cum
589 4225 653 4287 istis
672 4222 821 4287 Eusebius
843 4224 882 4286 de
899 4224 963 4285 vita
986 4224 1129 4285 Constso.
1152 4214 1249 4287 tint
