3050 4900
501 312 552 374 lix
583 307 841 372 TllEOPlthE.
1145 297 1215 367 1¹27

132 481 296 563 choganum
318 499 428 562 magna
457 479 626 562 sapientem
658 478 955 560 responsionemque
986 473 1149 538 iactantius
1170 473 1220 535 fa.

134 567 259 626 cientem
282 563 389 639 (miuas
410 562 495 626 enim
514 561 756 644 praetendebat,
787 584 819 622 se
841 559 1026 622 cunctarum
1057 580 1122 620 esse
1141 578 1220 640 gen·-

134 651 204 710 tinm
228 646 390 708 dominum
412 647 539 725 iactans)
561 647 744 708 narratione
772 644 871 706 veteri
899 643 1054 725 mitigavit
1072 641 1220 703 barbari.

131 753 197 794 cum
217 730 359 814 typhum.
402 729 447 791 ait
468 730 551 792 cuim
571 729 674 806 “audi,
695 729 843 811 chagene,
864 728 1041 810 proficuam
1060 725 1222 786 narratio-

115 837 207 877 ·aeru.
231 813 378 876 Sesostris
395 813 621 897 Aegyptiorum
635 834 687 874 rex
709 811 833 873 illustris
854 821 886 872 ct
907 809 1026 893 oppido
1047 809 1128 885 felix,
1150 807 1220 890 opi·

21 969 22 974 ἵ
132 899 185 961 bus
206 896 306 959 clarus
328 905 361 958 et
380 896 610 981 inexpugnabili
641 894 1008 990 potentatn,·pluri1uas
1031 903 1063 955 et
1083 892 1221 976 ingentes

132 982 269 1044 servituti
305 979 444 1042 nationes
473 978 602 1064 redegit.
652 977 734 1040 unde
766 987 797 1039 et
829 999 860 1038 sn
885 977 1098 1059 arrogantiam
1118 995 1221 1052 ruens,

134 1087 225 1126 curru
247 1063 437 1125 adhaerente
458 1063 515 1124 sibi
538 1083 616 1124 auro
640 1071 672 1124 et
692 1061 846 1144 lapidibus
861 1061 1005 1143 pretiosis
1029 1068 1222 1136 constructo,

132 1149 213 1212 sedet
234 1167 330 1230 super
352 1169 433 1224 euni,
456 1155 487 1208 et
505 1147 621 1230 subigit
653 1146 727 1230 iugo
750 1145 960 1226 exsuperatis
981 1144 1104 1226 regibus
1128 1153 1225 1227 quat-

131 1241 203 1293 tuor
224 1231 350 1294 trahere
369 1229 508 1291 currum.
559 1251 694 1313 cumque
720 1228 784 1291 hoe
803 1229 894 1290 fieret
915 1229 946 1290 iu
971 1227 1081 1310 insigni
1103 1225 1224 1288 festivi-

21 1311 22 1314 '
133 1323 203 1395 tate,
223 1335 302 1376 unus
323 1335 359 1376 ex
388 1323 540 1398 quattuor
570 1313 693 1398 regibus
716 1314 901 1396 frequenter
934 1311 1058 1373 oculum
1080 1310 1223 1372 vertebat

134 1408 315 1474 retrorsum,
339 1405 371 1459 et
389 1396 665 1480 contemplabatur
683 1403 798 1472 rotam,
820 1415 891 1456 enm
911 1397 1106 1457 volveretur.
1130 1414 1222 1476 quern

133 1481 275 1544 Sesostris
287 1487 509 1563 percunctatus
531 1481 575 1542 ait
596 1485 663 1542 ‘cur
692 1489 765 1563 post
788 1487 911 1562 tergum
933 1476 1066 1540 offirmas
1089 1475 1222 1538 oculosl’

133 1564 233 1627 atille
258 1564 356 1626 ‘bunc’
380 1564 482 1648 iuquit
502 1569 617 1626 ‘rotam
643 1563 745 1626 miror
770 1562 960 1638 instabilem,
982 1569 1014 1622 et
1034 1559 1106 1622 alias
1128 1568 1222 1644 atque

131 1651 219 1711 aliter
246 1671 279 1710 se
300 1657 496 1725 moventem,
525 1657 557 1710 et
592 1646 687 1708 modo
709 1649 826 1708 excelsa
857 1643 1092 1722 humiliantem,
1115 1664 1221 1705 rursus

130 1731 257 1794 humilia
279 1731 482 1794 exaltantem.’
525 1741 558 1793 at
580 1752 657 1792 vero
676 1731 822 1792 Sesostris
841 1729 1025 1812 parabolam
1047 1725 1260 1807 intelliges-p.
1273 1728 1327 1786 422

129 1823 178 1878 ter
197 1814 466 1893 animadvertens,
497 1813 597 1898 legem
631 1815 738 1896 posuit
769 1835 808 1875 ne
828 1835 960 1875 currum
982 1831 1071 1894 reges
1092 1809 1223 1874 ulterius

128 1899 317 1962 traherent.”
370 1897 416 1961 his
445 1897 597 1982 chaganus
626 1895 736 1959 auditis
767 1898 911 1975 subrisit,
935 1904 967 1957 et
997 1896 1041 1956 ait
1062 1915 1094 1957 se
1113 1915 1224 1978 pacem

129 1985 248 2045 sectari.
291 1981 415 2044 Priscus
435 1990 539 2042 autem
562 1979 702 2062 chagano
734 1979 875 2042 reddidit
892 2000 954 2062 pro
977 1981 1224 2060 transituprae-

128 2067 208 2144 dnm,
230 2074 262 2128 ct
276 2067 390 2127 exuviis
411 2065 554 2127 omnibus
570 2065 698 2147 sumptis
712 2064 777 2126 sine
793 2063 955 2146 dispendio
976 2084 1098 2125 amnem
1121 2071 1223 2124 trans-

126 2150 194 2210 ivit.
250 2169 352 2233 porro
388 2147 541 2232 chaganus
574 2146 620 2208 his
651 2147 800 2229 susceptis
834 2147 996 2232 magnifice
1033 2146 1220 2208 lactabatur.

127 2231 250 2296 Priscus
269 2233 453 2316 Byzantium
473 2231 566 2310 venit,
593 2239 625 2294 et
646 2231 762 2293 Petrus
782 2239 967 2314 praeturam
990 2229 1136 2313 suscepit.

212 2366 335 2445 Quarto
358 2364 480 2427 decimo
502 2362 628 2448 imperii
646 2363 694 2424 sui
722 2383 806 2424 anuo
829 2364 916 2426 iussit
933 2363 1103 2425 Mauricius
1122 2361 1221 2425 Petro

125 2449 269 2532 praetori
289 2460 325 2511 ut
348 2449 473 2512 tertiam
494 2449 676 2531 portionem
697 2468 794 2589 rogae
814 2447 846 2508 iu
863 2468 941 2509 auro
963 2471 981 2507 a
1000 2445 1149 2509 Romanis
1169 2468 1224 2507 ae·

127 2533 258 2615 ciperet,
283 2542 315 2595 et
337 2534 461 2595 tertiam
483 2532 638 2612 inarmis,
669 2538 701 2592 et
721 2532 813 2592 aiam
831 2532 958 2592 tertium
980 2530 1012 2590 iu
1033 2530 1222 2591 vestimentis

127 2615 266 2679 diversis.
320 2615 427 2701 itaque
447 2615 581 2678 Romani
610 2614 672 2677 hoc
693 2613 803 2675 audito
833 2614 872 2675 ad
894 2613 1093 2698 tyrannidem
1113 2621 1224 2675 verte·

126 2700 258 2761 bantur.
308 2709 441 2782 praetor
471 2720 548 2762 vero
572 2700 683 2759 timens
716 2698 923 2761 satisfaciebat
942 2704 969 2775 *l
992 2698 1141 2759 militibus
1160 2695 1223 2759 hoc

126 2804 237 2845 verum
257 2802 320 2844 non
346 2804 418 2861 esse,
441 2791 475 2846 et
486 2782 651 2846 exhibebat
663 2781 850 2845 exercitibus
867 2781 938 2845 alias
958 2782 1086 2859 litteras,
1107 2780 1224 2844 iuben·-

123 2878 169 2929 tes
190 2865 249 2929 sibi
279 2866 422 2949 quatinus
444 2866 479 2927 hi
509 2867 563 2950 qai
593 2866 690 2928 fortia
711 2876 868 2949 gesserant
884 2876 917 2928 et
937 2865 977 2928 de
994 2864 1142 2947 periculis
1162 2866 1223 2927 tri·

125 2949 315 3032 umpharant
335 2950 367 3011 in
391 2949 520 3012 urbibus
540 2970 658 3010 summa
680 2949 790 3033 requie
815 2950 1007 3032 potirentur,
1029 2947 1068 3011 de
1089 2946 1221 3046 publicis

123 3034 298 3116 sumptibus
326 3034 410 3096 iuter
440 3053 525 3096 senes
556 3032 676 3107 alentii,
700 3032 795 3115 pueri
827 3053 904 3095 rero
934 3034 1068 3094 militum
1089 3054 1122 3091 au
1144 3030 1326 3103 toabam

123 3117 335 3199 propriorum
356 3129 524 3199 pareutum
548 3116 816 3187 inscriberentnr;
838 3115 956 3200 talique
978 3113 1101 3179 suadela
1115 3134 1219 3197 popu-

123 3200 188 3261 lum
212 3200 376 3283 mitigavit,
399 3210 431 3261 et
453 3200 616 3263 Caesarem
636 3200 736 3261 bonae
757 3201 859 3261 famae
880 3199 1049 3281 praeconio
1069 3196 1218 3259 laudare·

123 3291 209 3351 runt.
253 3282 331 3345 haec
353 3294 457 3345 autem
485 3285 598 3346 Petrus
628 3282 816 3366 imperatori
836 3282 1040 3344 denuntiarit.
1084 3300 1219 3364 cumque

122 3368 256 3429 venisset
275 3367 546 3449 Marcianopolim,
568 3366 676 3448 dirigit
698 3366 781 3427 millo
801 3386 1029 3448 praecessuros.
1052 3363 1085 3426 bi
1108 3385 1220 3447 reper-

122 3451 162 3511 tis
185 3449 333 3511 Sclariuis
354 3450 485 3512 multam
506 3449 691 3513 ducentibus
712 3452 884 3512 Romanum
906 3448 1066 3532 praedam,
1086 3446 1143 3509 hos
1166 3448 1220 3510 in·

21 3542 22 3581 t
122 3543 287 3617 sequentes
308 3534 500 3618 occiderunt,
519 3532 679 3619 multaque
697 3534 817 3617 praeda
846 3541 973 3616 recepta
996 3531 1146 3595 Romaica
1165 3552 1220 3594 ro-

121 3614 251 3679 diernut
271 3617 312 3678 ad
333 3638 422 3679 rura.

205 3748 326 3813 Eodem
345 3770 423 3813 vcro
457 3770 539 3813 anuo
571 3748 744 3814 construxit
763 3744 939 3831 imperator
968 3746 1117 3809 solarium
1146 3746 1217 3807 bla-

162 3966 539 4042 ³)utisfaciebst1Glossaes
564 3964 703 4035 ἀπολογία
727 3967 880 4030 excusatio,
904 3965 1038 4036 purgatio,
1055 3962 1216 4016 satisfactio.

199 4035 261 4091 bine
280 4038 499 4092 satisfactionalis
518 4036 604 4100 liber,
630 4035 846 4108 daolqusnsiss,
872 4037 941 4089 llist.
967 4034 1042 4105 Trip.
1063 4034 1142 4089 92³.
1179 4035 1217 4088 sie

198 4107 388 4177 Hieronymum
405 4110 505 4161 alicubi
516 4108 640 4177 posuisse
657 4109 853 4162 satisfacientes
872 4125 922 4178 pro
940 4114 1099 4159 excusantes
1116 4122 1146 4158 ss
1163 4122 1217 4159 uo-

197 4185 235 4231 tat
251 4180 284 4233 ll.
306 4180 419 4233 Grotius
437 4180 467 4233 iu
486 4180 661 4233 Discussious
680 4180 815 4233 Riretiaui
834 4176 1003 4250 Apologeticl
1021 4194 1049 4249 p.
1064 4175 1109 4231 83.
1125 4178 1204 4232 Fara.
