3050 4900
285 311 361 390 444
647 325 690 390 su
726 321 1015 388 manentum.

283 493 437 572 nnius,
456 493 595 576 pensn’u
636 491 675 557 de
704 493 761 556 iilis
780 493 930 556 Boroaius
962 491 1002 554 ad
1024 511 1139 554 sununs
1158 488 1219 554 544
1242 499 1274 554 et
1293 479 1366 556 544.

282 579 361 641 baec
380 578 453 638 oiim
475 599 584 659 sepum
592 578 773 660 Aethiopiae
793 578 887 659 regia,
912 584 948 638 nt
968 573 1180 638 aedificiomm
1203 583 1234 636 et
1253 575 1367 657 ampti-

282 663 398 724 tudinis
418 661 566 744 reliquiae
589 659 679 722 fid·-
700 669 855 722 astrnuut.
881 658 1054 742 pyramides
1079 658 1366 740 quippeuenteeim

282 747 331 806 vet
350 744 567 825 septemdecim
589 765 652 806 uno
675 743 839 828 solidoque
866 741 967 824 lupide
984 741 1099 804 excisae
1119 744 1261 802 visuntur
1280 741 1363 802 inter

283 829 423 910 antiquus
444 827 532 889 aedes
555 829 593 888 de
611 829 710 908 gioria
732 847 802 888 cum
825 823 1265 909 Aegyptiacisconteudeutes,
1288 846 1362 906 quas

171 973 177 984 ,
287 922 428 974 veterum
455 931 562 992 regum
582 910 756 972 Meusotaca
788 910 877 972 fuisse
907 907 1105 971 crediderim.
1156 906 1202 968 bis
1228 929 1370 990 proxime

285 994 363 1075 lupis
384 1004 504 1055 erectos
528 994 707 1056 cubitorum
730 1013 841 1054 novem
864 992 1044 1070 latitudinis,
1086 991 1212 1056 Graecis
1231 991 1365 1052 Latinis-

282 1099 344 1160 que
366 1077 477 1138 titteris
489 1097 569 1156 pene
583 1077 718 1140 corrosis
740 1077 919 1159 insculptus,
940 1097 975 1136 sc
988 1073 1094 1138 foedus
1110 1076 1218 1137 initum
1239 1095 1367 1156 pacem-

282 1181 345 1242 que
366 1180 436 1221 cum
457 1159 601 1222 Romanis
620 1158 1002 1244 Aethiopibusquelustiui
1025 1167 1124 1220 aetate
1146 1159 1361 1241 compositam,

280 1241 450 1326 legentibus
479 1243 568 1306 facile
599 1241 821 1306 demonstrans.
873 1241 911 1304 de
940 1243 999 1304 istis
1026 1241 1199 1324 Procopius
1222 1239 1260 1302 de
1279 1239 1361 1302 bello

281 1325 408 1399 Persico
429 1336 501 1389 ante
522 1326 574 1388 lib.
599 1327 626 1404 1,
648 1327 748 1388 finem.
790 1325 975 1388 Heliodorus
997 1325 1142 1408 Aethiop.
1169 1324 1221 1386 tib.
1244 1325 1299 1386 ult.

362 1447 433 1526 346,
446 1449 477 1512 4.
517 1450 635 1531 οονὲβη
655 1449 831 1530 πολεμῆσαι
845 1444 1055 1528 τὸνβασιλέα]
1077 1449 1289 1510 Esumitsrum
1308 1468 1361 1510 re-

280 1532 324 1616 gis
349 1533 381 1596 in
410 1535 585 1594 Homeritas
613 1534 693 1596 betta
722 1535 947 1618 victoriamque
976 1533 1159 1616 perstringit
1186 1531 1361 1613 Procopius

278 1617 332 1678 tib.
357 1616 371 1677 1
398 1615 436 1678 de
465 1616 547 1679 bello
567 1617 703 1682 Persico.
753 1617 911 1698 ipsorum,
942 1638 1019 1700 quos
1041 1615 1214 1677 Anaumitas
1238 1635 1362 1676 nuncu-

276 1709 341 1784 pat,
361 1710 393 1761 et
415 1699 550 1762 bostium
569 1699 800 1761 Homeritnrum
823 1701 995 1783 regionem,
1019 1700 1192 1762 adiacentes
1218 1697 1362 1781 populos,

279 1784 427 1860 civitates,
448 1785 556 1857 maria,
577 1793 609 1845 et
628 1805 708 1866 quae
723 1784 935 1845 narrationem
956 1782 1008 1843 bic
1028 1786 1138 1844 factem
1161 1793 1232 1843 sunt
1251 1803 1360 1844 conse-

154 1900 163 1914 ·
279 1876 351 1928 cutu
375 1865 506 1946 posteris
530 1868 733 1948 temporibus,
754 1867 846 1948 longe
864 1866 988 1950 lateque
1000 1867 1219 1964 prosequitur.
1263 1885 1359 1948 qnare

276 1949 316 2010 sd
338 1949 513 2030 superiores
531 1971 627 2012 annos
655 1959 687 2012 et
710 1950 873 2032 imperium
902 1951 1008 2012 tussim
1030 1947 1233 2013 revocandam
1257 1949 1357 2010 nuilus

276 2031 449 2107 dubitabit,
470 2031 522 2115 qni
548 2053 616 2093 esm
638 2033 720 2114 apud
742 2034 930 2115 scriptorem
959 2035 1023 2096 eius
1045 2034 1178 2118 regionis
1202 2042 1234 2094 et
1253 2043 1359 2114 gesto-

275 2136 346 2178 rum
367 2122 475 2177 testem
497 2137 514 2175 a
534 2135 566 2174 sc
588 2116 695 2178 tectum
717 2116 862 2180 notuerit
905 2139 922 2176 a
946 2138 1008 2200 quo
1029 2117 1357 2200 interSymeonisMe·

272 2196 435 2280 taphrastis
457 2197 534 2259 vitas
554 2200 749 2277 translatam,
768 2199 798 2260 in
831 2193 873 2264 44
896 2200 1043 2264 Octobris
1075 2200 1156 2264 diem
1177 2199 1285 2262 Surius
1305 2221 1356 2262 re·

272 2280 386 2364 posuit.

352 2381 424 2465 347,
449 2386 499 2449 14.
539 2387 660 2467 κόσμον
688 2383 756 2473 ἕνη]
779 2391 816 2455 ad
842 2391 927 2455 istius
950 2390 1073 2454 canooii
1095 2392 1262 2475 marginem
1286 2391 1353 2473 tago

270 2472 303 2533 in
320 2470 417 2569 'Barb
436 2472 508 2570 pod.
532 2476 628 2537 verba
651 2472 742 2537 baec:
766 2475 799 2536 ἐν
829 2476 864 2539 dd
884 2477 927 2561 τῷ
953 2469 1136 2573 οἷντιγρνᾰφῳ
1157 2498 1195 2557 ην
1213 2468 1281 2537 ἄνοι’
1299 2478 1354 2552 τῆς

266 2552 389 2636 ‘Puppe
407 2577 446 2617 su
468 2558 832 2631 Κωνστοντινοοπόλεως
851 2552 905 2637 ἔτη
920 2578 954 2621 rs
975 2556 1030 2619 καί
1050 2580 1148 2636 ονομα
1169 2557 1257 2631 ἐκτὸς
1273 2550 1355 2621 ‘Poi-

267 2658 349 2718 μης·
390 2641 579 2722 transposito
601 2641 746 2703 nimirum
767 2654 837 2724 post
853 2643 914 2703 CP.
937 2642 1074 2724 episcopi
1095 2664 1195 2724 pupae
1214 2643 1351 2720 nomine,

269 2721 354 2782 etin
375 2722 497 2785 canonii
517 2722 625 2785 locutis
654 2724 715 2787 hoc
733 2735 859 2805 sextum,
889 2726 943 2787 ἰΙΙο
964 2726 1108 2808 quintum
1130 2724 1271 2788 ordinem
1293 2725 1353 2787 ob-

269 2802 397 2867 tinente.

350 2926 432 2993 Ibid.
458 2926 507 2991 16.
549 2928 604 2990 sui
622 2928 667 3015 τῷ
697 2926 784 3015 crispi
805 2926 867 2993 ἔτει
889 2929 1072 3017 ἐπληρώθη]
1092 2933 1201 2998 Suidas
1222 2958 1252 2997 s.
1272 2933 1349 2997 'lou-

266 3007 435 3085 πινοονός.
457 3022 491 3075 et
507 3012 682 3097 Procopius
704 3014 855 3078 desedit.
880 3016 986 3080 lustin.
1009 3030 1090 3081 orat.
1113 3018 1142 3081 4.

349 3136 428 3198 usu.
451 3134 499 3199 17.
553 3128 570 3198 d
600 3131 764 3218 λεγόμενος
794 3137 1012 3223 Adyovosssic]
1042 3138 1266 3221 Adrouorssic,
1287 3144 1350 3227 ipss

267 3226 385 3281 statuo:
409 3218 626 3300 Artymnissos
645 3222 761 3301 torum,
782 3233 813 3287 et
834 3224 918 3287 iocus
939 3225 971 3287 iu
992 3248 1056 3310 quo
1070 3237 1185 3290 erecta.
1227 3228 1350 3289 Proco-

265 3302 336 3385 pius
357 3304 483 3366 ibidem.

349 3420 420 3505 348,
446 3428 493 3490 11.
535 3431 659 3507 πνεῦμα
691 3425 760 3509 ἔχει
782 3426 953 3515 Πύθωνος]
977 3432 1038 3496 boc
1060 3442 1120 3509 est,
1142 3430 1347 3517 ποθομοὶντιν,

265 3503 322 3571 καὶ
342 3514 405 3581 τοῖς
426 3513 672 3589 πυνθανομένοις
688 3512 931 3599 μαντευόμενον,
952 3538 972 3599 p
996 3514 1206 3598 thomantem,
1229 3528 1260 3580 et
1287 3519 1347 3580 sci.

265 3592 446 3655 scitantibus
465 3594 663 3659 divinantem.
703 3598 908 3683 Hieronymus
931 3540 1086 3665 inilaech.
1109 3622 1176 3685 cop.
1200 3600 1239 3663 14
1258 3611 1348 3667 vocat

265 3676 424 3755 Pytlu'cum
443 3680 590 3763 spiratum.

348 3801 497 3871 144413.
537 3803 692 3888 ἐπανέστη
713 3804 733 3885 η’
752 3805 913 3888 deiicere]
935 3810 1015 3873 bauo
1035 3814 1126 3872 moris
1146 3811 1347 3875 exaestuatio-

264 3904 335 3945 ncm
356 3889 481 3968 reponit
499 3886 670 3971 Procopius
691 3892 743 3952 tib.
766 3892 905 3955 debelto
926 3894 1144 3956 Gothornm3
1171 3894 1209 3956 nd
1231 3894 1268 3956 17
1293 3898 1345 3957 tn.

241 3968 386 4116 ¹stipiotni
412 3992 546 4053 annum,
566 3974 622 4057 qui
653 3975 874 4058 aSeptembri
905 3978 1059 4041 decimum
1094 3986 1238 4041 octavum
1270 3980 1346 4040 sub-

264 4072 297 4114 su
312 4074 371 4120 rs.

345 4158 425 4223 tem
449 4160 499 4226 2⁰.
547 4159 694 4248 χειμερία
724 4163 844 4253 πολλή]
871 4166 994 4250 gaspaiv
1024 4170 1148 4255 scripsit
1178 4132 1345 4237 (iodreuus.
