3050 4900
296 322 368 391 518
666 328 708 389 ΙΝ
736 324 1014 389 rumentum

293 513 475 577 numerandi
505 514 544 577 ab
565 512 718 578 Arthemii
745 534 826 573 anno
857 512 977 595 primo,
1008 510 1184 572 indictionis
1216 508 1272 590 13,
1302 513 1383 573 cha.

294 608 417 660 ractere
453 596 663 681 dignoscendo
699 596 890 679 principium
910 595 1079 658 deducunt.
1141 614 1235 656 error
1274 596 1383 678 itaque

299 680 497 765 Theophanis
534 690 589 743 eut
617 680 738 742 librarii
777 700 892 740 aurnum
923 679 1053 741 Artemii
1086 677 1255 739 secundnm
1286 680 1382 761 primi

294 764 363 826 rice
394 763 543 848 reposuit.
595 764 624 827 2.
657 760 1019 845 Constantinopolitanae
1044 758 1122 823 aedis
1162 760 1293 845 dignitas
1329 764 1385 823 in-

293 848 431 909 dictione
453 848 571 911 decima
605 848 699 911 tertie
720 849 902 923 Germano,
929 846 955 907 ei
977 847 1057 907 bene
1084 856 1245 920 numeret,
1278 844 1381 907 delata

292 931 362 1007 suit,
384 931 497 993 circuli
519 931 675 1015 sequentis
694 929 815 991 decima
836 928 929 991 tertie
957 930 1079 1011 puriter
1099 928 1266 1011 abrogata:
1285 931 1383 1011 prior

295 1022 396 1075 aulem
419 1014 468 1075 illa
489 1014 520 1075 in
546 1012 676 1077 Artemii
706 1034 820 1074 annum
838 1012 975 1094 primum
996 1011 1141 1073 incurrit.
1184 1012 1264 1072 ratio
1285 1014 1381 1075 tertia

295 1098 359 1179 ipsa
377 1096 575 1179 Theophanis
595 1097 785 1159 auctoritate
805 1096 969 1157 stabilitur.
1011 1115 1107 1157 annos
1125 1096 1273 1157 Germani
1296 1116 1384 1178 pon·

292 1182 425 1241 tilicetus
446 1191 567 1243 vertens
589 1188 622 1243 et
643 1180 775 1265 integer,
797 1190 834 1241 ut
855 1202 890 1241 ex
914 1179 979 1241 eius
1002 1178 1152 1241 laterculo
1172 1179 1296 1262 colligo,
1319 1185 1382 1241 Ar·

291 1265 377 1324 temii
400 1286 481 1323 anno
509 1263 646 1326 secundo
674 1264 810 1325 vertenti
840 1284 968 1347 quoque
996 1270 1029 1323 et
1058 1260 1182 1346 integro
1207 1284 1242 1323 er
1275 1285 1380 1345 aequo

290 1355 574 1413 commensuratur:
597 1357 628 1408 at
649 1344 759 1407 mensis
785 1346 912 1428 Augusti
940 1345 991 1406 die
1010 1356 1126 1429 querto
1148 1344 1242 1422 (hunc
1260 1346 1382 1428 quippe

290 1450 453 1491 nnmerum
476 1430 548 1491 anni
570 1429 823 1513 quattuordecim
847 1427 953 1491 diebus
971 1426 990 1491 7
1015 1440 1047 1492 et
1065 1428 1218 1490 mensibus
1240 1429 1382 1511 quinque

290 1512 451 1575 coniuncti
483 1513 677 1593 desiderant)
711 1532 889 1575 concessum
925 1512 1024 1573 tradit
1050 1512 1138 1573 Tlreo
1163 1510 1263 1571 hence.
1314 1512 1379 1573 eine

291 1597 387 1679 igitur
408 1596 543 1679 auspicia
563 1596 602 1657 ab
634 1596 726 1678 ipsius
748 1596 877 1657 Artemii
899 1616 980 1656 anno
1004 1596 1120 1677 primo,
1141 1534 1215 1655 licet
1236 1604 1381 1673 exeunte,

291 1678 435 1775 peteuda.
487 1677 517 1739 ⁴l.
541 1680 694 1741 Artemius
729 1700 845 1740 annum
876 1678 999 1760 imperii
1024 1676 1192 1741 secundnm
1215 1698 1380 1739 numerans

294 1762 495 1824 indictionem
518 1762 669 1824 decimam
691 1772 837 1845 quartam
857 1762 993 1843 reperite
1014 1772 1049 1822 ut
1069 1762 1149 1823 enim
1170 1762 1233 1821 Leo
1255 1762 1379 1842 imperii

292 1846 338 1906 eui
361 1868 442 1907 anuo
465 1844 586 1906 decimo
611 1846 707 1907 tertio
722 1844 924 1906 indictionem
946 1843 1097 1905 decimam
1119 1842 1243 1905 tertiam
1262 1846 1395 1905 sociam'

290 1938 399 1989 nactus
421 1936 475 2005 eat,
496 1938 528 1989 et
548 1929 681 2010 primam
702 1928 812 2009 primi;
836 1927 879 1987 ita
908 1928 1018 1989 circuli
1040 1928 1216 2009 praeeuntis
1238 1928 1379 1989 ultimam

288 2010 481 2073 Theodosius
503 2032 583 2072 anno
606 2012 700 2072 unico
721 2010 850 2092 sceptris
871 2012 999 2092 politus,
1022 2030 1201 2093 praecessor
1219 2032 1295 2072 vero
1315 2018 1380 2072 Ar·

289 2092 401 2155 terniue
423 2114 506 2155 anno
528 2092 663 2156 secundo
683 2094 818 2155 deiectus
831 2094 982 2155 decimam
1003 2102 1148 2176 quartam
1163 2116 1245 2155 anno
1266 2094 1378 2157 eodem

288 2177 415 2238 sortitur
439 2185 500 2238 eet:
521 2200 589 2239 eam
610 2178 651 2240 ob
674 2198 741 2239 rem
763 2178 935 2239 Germanus
963 2177 1080 2239 decima
1104 2176 1198 2239 tertia
1221 2178 1380 2239 institutus

291 2258 329 2321 ah
349 2259 414 2323 eius
435 2282 518 2322 enno
532 2261 636 2343 primo
655 2261 686 2321 in
701 2260 761 2321 ΟΡ.
780 2260 884 2322 eedem
899 2262 1063 2323 translatus
1075 2261 1230 2323 asseritur.
1251 2260 1280 2321 5.
1297 2260 1381 2322 iudi.

291 2352 409 2405 utronea
429 2364 550 2405 numum
572 2343 780 2427 deorsumque
803 2353 993 2420 numeratae,
1014 2353 1046 2406 et
1067 2356 1135 2407 tum
1155 2344 1380 2427 praedictum

290 2425 523 2490 succedentibus
544 2428 675 2492 collatae
690 2435 835 2512 quartam
856 2451 892 2490 ac
916 2426 1065 2490 decimam
1090 2429 1219 2490 Artemii
1238 2429 1377 2490 secundo

292 2509 467 2594 designent:
489 2533 528 2572 an
550 2533 613 2573 uon
629 2513 734 2596 itaque
754 2512 848 2573 tertia
862 2520 895 2574 et
907 2510 1024 2574 decima
1033 2514 1180 2574 Germani
1201 2513 1380 2574 tranalatio·

291 2615 330 2656 ne
350 2605 458 2658 notatu
481 2595 611 2657 Artemii
634 2596 698 2658 eiua
721 2616 803 2656 anno
825 2595 928 2677 primo
949 2594 1166 2657 attribuenda?
1207 2596 1267 2658 hae
1287 2616 1382 2678 ergo,

290 2699 383 2760 quam
406 2679 601 2776 explanamus
624 2678 663 2742 de
675 2680 833 2740 Germano
848 2678 879 2740 in
899 2679 959 2740 CP.
980 2677 1130 2739 thronum
1150 2677 1379 2742 transvehendo

290 2757 421 2822 hiatorie
443 2783 473 2821 m
498 2783 611 2822 annum
641 2761 783 2843 priorem
804 2768 968 2837 revocata,
991 2761 1202 2843 prementibus
1224 2762 1325 2824 verbis
1347 2763 1382 2824 in

291 2863 401 2905 verum
421 2865 542 2906 sensum
566 2842 759 2907 restituendis
785 2844 1016 2908 correctionem
1038 2845 1215 2907 huiuamodi
1237 2867 1378 2928 appono:

291 2925 336 3008 τῷ
366 2925 395 2988 d’
424 2923 511 3008 adipi
538 2921 650 3011 πρώτῳ
677 2921 739 2988 ἔτει
768 2929 824 3007 τῆς
854 2928 1019 3006 βασιλείοις
1037 2924 1218 3010 Ἀρτεμίσο,
1238 2927 1277 3009 ry'
1298 2927 1383 2992 ι’νδι-

291 3008 410 3087 κτιοῖνι,
429 3007 506 3091 μηνὶ
517 3005 691 3096 Av'yoriorp
710 3003 738 3072 δ’
759 3011 913 3092 μετετέθη
931 3009 962 3074 Γ
960 3007 1104 3093 ερμσιός,
1124 3011 1179 3072 κατ’
1193 3005 1234 3074 τοὶ
1253 3003 1337 3094 ἑξῆς.

373 3123 444 3202 589,
469 3125 517 3188 17.
557 3123 656 3211 ψήφῳ
677 3121 731 3188 κατ’
753 3125 932 3212 δοκιμασίᾳ]
962 3127 1040 3189 haec
1060 3128 1194 3210 propria
1214 3129 1383 3210 episcopo·

291 3227 362 3268 rum
384 3209 479 3270 ethis
504 3209 657 3270 maiorum
680 3209 941 3272 instituendorum
954 3211 1088 3271 formula
1107 3211 1204 3274 verbo
1226 3215 1381 3294 μετετέθη

291 3289 323 3351 in
344 3289 576 3372 προχειριζετσι
594 3293 745 3355 formula:
774 3290 812 3354 de
842 3314 903 3376 qua
932 3292 1151 3378 euchologium
1180 3295 1381 3358 consecrandi

291 3373 426 3457 episcopi
449 3379 545 3436 ritum
565 3377 740 3458 proferens.

372 3487 444 3566 590,
458 3489 487 3552 5.
530 3491 607 3553 aurei
625 3487 814 3570 παρουσίαν]
835 3513 873 3554 ao
885 3491 991 3554 forsan
1007 3492 1071 3556 eiua
1085 3501 1209 3576 rogatu,
1223 3503 1262 3556 nt
1284 3515 1378 3578 quam

290 3571 381 3634 citior
405 3573 577 3638 haereticus
600 3577 727 3639 loannes
749 3577 980 3638 exturbaretur.

372 3689 510 3754 Ihm-9.
553 3685 633 3769 πρὸς
657 3687 694 3752 ed
726 3685 828 3770 κόψαι
847 3687 944 3772 §oliv
962 3694 1201 3774 κστιαρισσίνην]
1222 3691 1380 3777 ffimpho·

288 3791 352 3850 rur,
371 3772 617 3855 νουσηγρσίμοις
634 3770 739 3848 ξύλοις
763 3776 1000 3856 κυπαριττίναις
1026 3775 1136 3841 ἕνεκεν.

370 3892 453 3956 lbr'd.
477 3885 525 3952 14.
567 3889 735 3972 λογοθὲτην
768 3887 902 3975 γενικόν]
935 3893 1035 3969 idem,
1055 3891 1116 3955 raia
1136 3890 1296 3973 δημοσίων
1314 3887 1377 3976 φὸ·

286 3991 350 4054 ρων
371 3967 526 4055 λογιστὴν,
546 3967 583 4035 ὃν
603 3975 771 4057 λογσθέτην
791 3973 911 4055 γενικὸν
933 3967 998 4036 olda
1020 3979 1126 4038 καλεῖν
1145 3972 1164 4056 ἢ
1186 3970 1351 4057 συνήθεια.

371 4095 441 4174 591,
461 4095 491 4161 6.
533 4097 707 4178 ε’κλὴιιτσρσ
725 4099 787 4160 τῶν
809 4094 966 4182 δημοσίων
981 4096 1102 4183 φόρων]
1123 4098 1214 4176 idem,
1237 4099 1301 4162 τόν
1318 4099 1376 4182 ὄρ·

289 4181 410 4258 μοσὴσν
433 4179 542 4264 φόρων
560 4175 728 4266 πράκτορι.
