3050 4900
431 294 434 302 ¹
513 348 567 411 ex
590 346 856 411 rasurarum
1155 342 1227 412 uer

131 516 430 596 conspuentium
480 512 664 579 dividuntur
686 526 804 579 ,autem
823 516 856 577 in
878 516 979 579 tribus
1000 517 1085 596 duas,
1108 514 1228 578 chaisi.
1237 542 1265 595 p.
1277 525 1333 585 655

133 619 190 659 nos
211 598 328 660 scilicet
353 610 385 663 et
400 598 600 661 Hiamanitus.
641 622 778 683 <luorum
801 603 995 683 potentiores
1009 602 1130 663 intuens
1140 601 1227 661 Abu.

131 679 256 743 muslim
280 703 342 744 esse
361 684 562 759 Hiamnnitns,
584 690 724 748 concitat
745 695 858 746 contra
883 684 1052 762 Cbaisinos,
1072 693 1105 746 et
1128 684 1230 745 inter-

131 766 222 827 sectis
242 765 285 827 cis
323 768 407 829 venit
442 767 474 827 in
503 768 663 828 Persidem
687 791 758 829 cum
783 768 962 845 Caccaban,
992 776 1024 829 et
1054 788 1229 849 expugnans

130 848 380 912 Hibiudrbarem
412 852 496 931 capit
525 871 600 910 cum
620 852 754 913 victoria
784 862 922 929 cunctos,
949 852 1093 913 virorum
1111 851 1230 912 scilicet

133 934 235 994 ferme
257 944 384 996 centum
404 935 498 995 milia.
523 942 555 995 et
574 934 699 995 veniens
714 934 753 996 ad
769 927 958 997 liibinnbera
982 936 1137 997 hostiliter
1157 956 1230 995 cum

133 1015 277 1079 ducentis
301 1018 423 1079 milibus
452 1017 721 1099 proficiscentem,
751 1020 804 1080 sed
826 1029 858 1080 et
878 1018 964 1080 illum
983 1020 1131 1084 dissolvit.
1173 1040 1231 1079 sc-

131 1101 284 1183 uieusque
315 1100 354 1162 ad
385 1100 550 1163 Maruhem
572 1100 655 1183 apud
682 1102 796 1163 Zabari
825 1099 955 1166 ssuvium
973 1102 1143 1164 habentem
1160 1110 1230 1161 tre·
1335 1114 1340 1123 ‘

132 1191 227 1244 ceute
248 1184 350 1263 milia,
372 1182 508 1246 debellat
538 1206 609 1249 euna
631 1195 663 1246 et
683 1184 915 1249 multitudinem
939 1184 1088 1247 infinitam
1112 1183 1230 1247 occidit

130 1288 171 1329 cx
191 1268 246 1329 eis.
298 1275 430 1349 eratque
459 1268 526 1329 visu
561 1267 725 1346 mirabile,
755 1291 827 1330 cum
847 1270 1018 1331 secundum
1039 1269 1230 1351 scripturam

131 1358 211 1411 tunc
232 1372 310 1414 unus
340 1360 585 1435 persequeretur
605 1350 706 1429 mille,
737 1362 769 1413 et
791 1351 853 1415 duo
878 1362 1126 1415 transmoverent
1149 1351 1230 1413 derra

132 1433 231 1497 milia.
274 1456 353 1517 quos
373 1455 446 1497 cum
464 1436 505 1495 ita
527 1435 744 1517 potentialiter
766 1436 921 1497 vincentes
942 1436 1109 1497 Marnbam
1130 1431 1230 1518 intui.

133 1528 183 1577 tus
205 1516 362 1595 extitisset,
383 1520 448 1581 adit
469 1518 605 1599 Cerrun,
636 1528 668 1579 et
689 1542 760 1581 cum
781 1518 912 1581 flurium
934 1529 1157 1593 transmeasset,
1180 1519 1230 1577 io-

132 1601 214 1661 cidit
232 1612 362 1682 pontem
385 1623 418 1663 er
440 1602 568 1663 navibus
600 1604 742 1683 factum,
764 1610 797 1665 et
821 1605 981 1684 essuruptis
1000 1624 1104 1663 secum
1124 1602 1229 1662 onmi-

131 1684 190 1745 bus
214 1685 352 1765 pecuniis
374 1704 409 1745 nc
431 1686 526 1747 domo
555 1706 620 1763 sua,
647 1708 717 1757 cum
742 1696 895 1771 quattuor
915 1686 1038 1749 milibus
1058 1686 1135 1749 viris
1155 1707 1228 1750 ver-

133 1768 252 1839 naculis
272 1772 332 1831 suis
354 1763 426 1851 iuga
447 1768 548 1851 lapsus
570 1768 667 1845 estin
691 1774 877 1854 Aegyptum.

217 1869 308 1929 Anno
328 1868 453 1951 imperii
474 1870 669 1932 Constantini
699 1868 720 1933 9
741 1870 993 1953 persecutionum
1016 1869 1139 1951 potitur
1159 1870 1229 1929 Ma.

132 1950 286 2011 rnlrama
318 1952 573 2033 Mauropboriis,
595 1961 626 2015 et
654 1954 896 2037 comprehensus
925 1955 964 2017 ub
997 1954 1039 2015 eis
1062 1950 1230 2026 occiditur,

131 2034 217 2095 bello
238 2044 327 2117 gesto
347 2037 535 2117 gravissimo.
579 2048 726 2117 praeerat
750 2047 856 2099 autem
878 2038 921 2099 eis
943 2035 1046 2099 Salich
1066 2036 1147 2097 filim
1165 2036 1230 2095 Ha-

131 2116 198 2193 lim,
223 2118 277 2201 qni
299 2138 376 2181 nnus
398 2140 433 2181 ex
454 2120 601 2217 praelatis
623 2120 765 2202 profugis
785 2130 866 2196 erat,
890 2120 998 2203 quiet
1021 2116 1229 2181 destinaverat

132 2199 316 2262 Bnmnslim.
357 2204 471 2287 reliqui
491 2218 567 2266 vero
580 2206 758 2287 congregati
783 2212 892 2265 contra
910 2204 1081 2264 Samariam
1104 2200 1262 2268 et'I'ra-l‘·
1274 2198 1329 2253 ⁶5⁶

132 2284 327 2346 ebonitidem
348 2287 509 2369 regionem
529 2294 614 2349 sorte
636 2288 850 2369 principatum
871 2286 1116 2363 distribuerunt,
1140 2284 1228 2347 Abu.

132 2366 206 2428 lalus
225 2370 353 2446 scilicet,
375 2380 407 2431 et
430 2374 501 2453 post
521 2370 608 2433 illum
626 2371 738 2431 fratres
762 2374 827 2431 eius
851 2370 977 2445 llbdela,
998 2378 1122 2452 etpost
1144 2366 1227 2428 lmn‘o

8 2503 13 2518 .
131 2447 273 2514 fliseidiu'
293 2455 407 2516 Musae.
463 2461 495 2517 et
518 2455 627 2538 Syriae
654 2451 781 2536 quidem
802 2475 951 2514 summam
975 2461 1155 2532 praeturam
1176 2457 1227 2510 ta.

131 2545 287 2598 taverunt
307 2535 456 2599 Abdelnm
478 2546 585 2600 tenere
609 2533 841 2615 filiumdlnlim,
866 2539 997 2599 fratrem
1017 2551 1094 2596 vero
1116 2533 1225 2610 Salim,

132 2613 234 2702 ipsum
259 2628 363 2681 autem
386 2619 479 2681 Salim
504 2623 644 2706 Aegypto
667 2635 816 2704 praeesse.
866 2636 967 2702 porro
991 2616 1138 2680 Abdelam
1160 2617 1227 2676 fra-

132 2713 216 2765 trem
238 2697 391 2765 Abulabas
414 2704 452 2765 ab
476 2701 529 2765 illo
552 2705 669 2766 babere
691 2715 810 2766 sortem
831 2705 1027 2785 principatus
1046 2718 1142 2783 super
1160 2701 1227 2762 Me-

130 2787 345 2868 sopotamiam
363 2795 552 2850 statuerunt.
595 2789 660 2871 ipse
674 2807 748 2850 sune
767 2788 933 2864 Abulobas,
954 2787 1010 2869 qni
1034 2795 1066 2848 ot
1086 2785 1228 2848 omnium

130 2873 252 2952 primas
273 2863 459 2948 hebebatur,
480 2873 651 2936 inPerside
673 2873 762 2950 redit,
783 2873 933 2934 translato
954 2890 1083 2954 qnoque
1104 2869 1228 2951 princi-

130 2966 212 3098 pstu
235 2955 295 3016 sub
314 2971 346 3017 aa
367 2955 552 3032 Persarum,
573 2957 629 3038 qui
650 2957 677 3018 ei
709 2953 847 3018 auxiliati
876 2956 1003 3016 fuerant
1025 2975 1043 3014 a
1063 2955 1228 3014 Damasco.

156 3039 165 3098 i
189 3059 268 3102 vero
289 3038 343 3120 qui
363 3037 471 3102 salvati
494 3041 628 3121 luerent,
649 3048 712 3100 tam
741 3040 888 3101 videlicet
910 3038 965 3100 tilii
986 3056 1081 3120 quam
1103 3040 1227 3117 cognati

131 3122 309 3197 Maruham,
334 3124 491 3184 venientes
513 3123 551 3184 nb
575 3123 714 3206 Aegypto
738 3123 770 3182 in
790 3123 945 3198 Africam,
967 3123 1102 3202 indeque
1124 3129 1227 3183 truns-

128 3215 271 3268 meantes
286 3206 400 3268 fretum
416 3207 536 3290 angusti
557 3206 650 3268 maris
663 3205 700 3266 ad
714 3206 876 3268 Oceanum
890 3206 993 3288 positi,
1010 3203 1094 3288 qnod
1112 3199 1227 3265 dicitur

130 3288 229 3370 Septo
255 3287 405 3373 quodque
427 3282 538 3352 diffinit
571 3291 654 3351 inter
673 3287 805 3374 Libyam
833 3299 866 3352 et
884 3289 1057 3370 Europam,
1077 3283 1227 3366 Europae
1308 3292 1313 3309 '

129 3371 313 3454 Hispaniam
332 3370 517 3435 habitarunt
549 3395 646 3459 usque
682 3373 721 3434 ad
743 3395 885 3454 praeseus
913 3380 1055 3454 tempus,
1075 3365 1227 3431 babentes

130 3453 285 3597 ‹puosdam
308 3455 364 3540 qui
383 3453 498 3520 ibidem
517 3449 689 3520 habitantes
708 3469 802 3518 untes
822 3457 1041 3530 noscebantur,
1063 3476 1081 3515 n
1101 3451 1225 3515 Maubia

129 3537 139 3597 i
154 3538 207 3600 luc
222 3531 346 3602 traiecti
361 3541 493 3624 navigio,
515 3563 584 3602 oum
597 3550 695 3603 essent
716 3535 780 3602 eius
799 3539 923 3622 cognati
937 3547 970 3600 et
984 3539 1076 3620 ipsius
1098 3532 1228 3620 religio-

129 3622 189 3684 nis.
230 3622 420 3706 perduravit
440 3633 543 3685 autem
573 3624 727 3686 excidium
747 3625 804 3686 sub
823 3623 948 3685 Mauhin
970 3643 1020 3684 sex
1041 3621 1136 3696 annis,
1160 3643 1224 3702 quo

128 3701 232 3766 diruti
252 3715 325 3768 snat
356 3708 497 3768 omnium
519 3705 685 3770 illustrium
716 3705 878 3768 civitatum
900 3706 933 3766 in
956 3705 977 3766 S
1003 3707 1048 3765 ria
1067 3720 1174 3786 osque«
1187 3691 1324 3769 adr-⁶⁵⁷

131 3787 333 3851 Antiochiam
354 3791 458 3866 muri,
481 3811 518 3852 eo
541 3790 628 3874 quod
648 3790 729 3853 banc
752 3791 783 3852 in
808 3790 963 3871 retugium
980 3727 1102 3849 babere
1123 3784 1227 3846 medi-

130 3881 303 3949 urentur,
338 3873 557 3958 innumerique
590 3875 730 3938 Arabum
758 3875 798 3935 ab
830 3873 1062 3954 reperierunt.
1104 3868 1225 3952 oppido

132 3956 218 4016 enim
239 3967 307 4020 erat
327 3957 568 4039 circumspectus
589 3959 674 4020 circu
693 3957 804 4021 civilia.
861 3966 931 4018 crat
953 3961 1057 4016 antem
1081 3964 1227 4014 rotoma.

128 4039 290 4117 ,tutatum
314 4039 347 4101 id
366 4051 411 4101 est
425 4041 665 4122 Epicureorum,
688 4041 861 4117 haereseos,
883 4037 1080 4122 exgentibus
1102 4035 1155 4182 ‹pri
1172 4038 1227 4098 ba·

133 4123 280 4185 bitabaut
300 4125 418 4186 Correo
442 4126 632 4206 impietatem
654 4145 816 4188 assumens.
857 4140 959 4207 porro
983 4132 1096 4184 octavo
1140 4121 1229 4182 alen-

134 4206 250 4270 darum
278 4205 526 4272 Februariarum
560 4208 696 4274 ciusdem
725 4209 837 4274 uittae
864 4204 1044 4270 indictionis
1064 4217 1154 4268 uoltu
1181 4213 1227 4268 est
1313 4231 1316 4239 ·
