<?xml version="1.0" encoding="UTF-8"?>
<!DOCTYPE html PUBLIC "-//W3C//DTD XHTML 1.0 Transitional//EN"
    "http://www.w3.org/TR/xhtml1/DTD/xhtml1-transitional.dtd">
<html xmlns="http://www.w3.org/1999/xhtml" xml:lang="en" lang="en">
 <head>
  <title>
</title>
<meta http-equiv="Content-Type" content="text/html;charset=utf-8" />
  <meta name='ocr-system' content='tesseract 3.04.00' />
  <meta name='ocr-capabilities' content='ocr_page ocr_carea ocr_par ocr_line ocrx_word'/>
</head>
<body>
  <div class='ocr_page' id='page_1' title='image "./corpusscriptoru34theogoog_0556.png"; bbox 0 0 3050 4900; ppageno 0'>
   <div class='ocr_carea' id='block_1_1' title="bbox 606 325 1223 405">
    <p class='ocr_par' dir='ltr' id='par_1_1' title="bbox 606 325 1223 405">
     <span class='ocr_line' id='line_1_1' title="bbox 606 325 1223 405; baseline -0.005 0"><span class='ocrx_word' id='word_1_1' title='bbox 606 336 756 405; x_wconf 75' lang='lat' dir='ltr'><strong>NOTAE.</strong></span> <span class='ocrx_word' id='word_1_2' title='bbox 1153 325 1223 402; x_wconf 80' lang='grc'>541</span> 
     </span>
    </p>
   </div>
   <div class='ocr_carea' id='block_1_2' title="bbox 135 508 1231 930">
    <p class='ocr_par' dir='ltr' id='par_1_2' title="bbox 135 508 1231 930">
     <span class='ocr_line' id='line_1_2' title="bbox 136 508 1230 593; baseline -0.006 -18"><span class='ocrx_word' id='word_1_3' title='bbox 136 508 342 593; x_wconf 77' lang='lat' dir='ltr'><strong>Theophanes</strong></span> <span class='ocrx_word' id='word_1_4' title='bbox 365 509 430 592; x_wconf 85' lang='lat' dir='ltr'>ipsa</span> <span class='ocrx_word' id='word_1_5' title='bbox 461 508 583 570; x_wconf 84' lang='lat' dir='ltr'>iamlam</span> <span class='ocrx_word' id='word_1_6' title='bbox 616 517 860 585; x_wconf 74' lang='lat' dir='ltr'><strong>memoraturus,</strong></span> <span class='ocrx_word' id='word_1_7' title='bbox 892 515 925 569; x_wconf 87' lang='lat' dir='ltr'>et</span> <span class='ocrx_word' id='word_1_8' title='bbox 944 527 1013 568; x_wconf 86' lang='lat' dir='ltr'>cam</span> <span class='ocrx_word' id='word_1_9' title='bbox 1030 524 1114 567; x_wconf 88' lang='lat' dir='ltr'>anuo</span> <span class='ocrx_word' id='word_1_10' title='bbox 1137 528 1230 591; x_wconf 82' lang='lat' dir='ltr'>prae·</span> 
     </span>
     <span class='ocr_line' id='line_1_3' title="bbox 135 590 1230 677; baseline -0.008 -19"><span class='ocrx_word' id='word_1_11' title='bbox 135 598 224 671; x_wconf 80' lang='lat' dir='ltr'>senti,</span> <span class='ocrx_word' id='word_1_12' title='bbox 245 596 439 677; x_wconf 85' lang='lat' dir='ltr'>Coproaymi</span> <span class='ocrx_word' id='word_1_13' title='bbox 460 595 606 655; x_wconf 86' lang='lat' dir='ltr'>videlicet</span> <span class='ocrx_word' id='word_1_14' title='bbox 619 595 730 676; x_wconf 89' lang='lat' dir='ltr'>quinto</span> <span class='ocrx_word' id='word_1_15' title='bbox 752 613 848 674; x_wconf 88' lang='lat' dir='ltr'>supra</span> <span class='ocrx_word' id='word_1_16' title='bbox 870 590 1063 651; x_wconf 87' lang='lat' dir='ltr'>tricesimum</span> <span class='ocrx_word' id='word_1_17' title='bbox 1081 591 1230 652; x_wconf 81' lang='lat' dir='ltr'>incliosto</span> 
     </span>
     <span class='ocr_line' id='line_1_4' title="bbox 137 675 1229 761; baseline -0.006 -22"><span class='ocrx_word' id='word_1_18' title='bbox 137 679 330 753; x_wconf 71' lang='lat' dir='ltr'><strong>addicturus,</strong></span> <span class='ocrx_word' id='word_1_19' title='bbox 352 684 523 761; x_wconf 82' lang='lat' dir='ltr'>Angustum</span> <span class='ocrx_word' id='word_1_20' title='bbox 548 686 581 739; x_wconf 88' lang='lat' dir='ltr'>et</span> <span class='ocrx_word' id='word_1_21' title='bbox 600 676 803 737; x_wconf 80' lang='lat' dir='ltr'>indictionem</span> <span class='ocrx_word' id='word_1_22' title='bbox 824 675 1019 755; x_wconf 81' lang='lat' dir='ltr'>superiorem</span> <span class='ocrx_word' id='word_1_23' title='bbox 1042 694 1229 750; x_wconf 79' lang='lat' dir='ltr'>memorans,</span> 
     </span>
     <span class='ocr_line' id='line_1_5' title="bbox 136 758 1231 843; baseline -0.003 -21"><span class='ocrx_word' id='word_1_24' title='bbox 136 762 224 823; x_wconf 90' lang='lat' dir='ltr'>illum</span> <span class='ocrx_word' id='word_1_25' title='bbox 247 760 424 822; x_wconf 75' lang='lat' dir='ltr'>indictionis</span> <span class='ocrx_word' id='word_1_26' title='bbox 439 758 576 823; x_wconf 90' lang='lat' dir='ltr'>decimae</span> <span class='ocrx_word' id='word_1_27' title='bbox 592 762 714 837; x_wconf 75' lang='lat' dir='ltr'>tertiae,</span> <span class='ocrx_word' id='word_1_28' title='bbox 735 760 816 819; x_wconf 81' lang='lat' dir='ltr'>lianc</span> <span class='ocrx_word' id='word_1_29' title='bbox 838 758 878 819; x_wconf 89' lang='lat' dir='ltr'>ad</span> <span class='ocrx_word' id='word_1_30' title='bbox 900 758 1095 843; x_wconf 77' lang='lat' dir='ltr'>copronymi</span> <span class='ocrx_word' id='word_1_31' title='bbox 1115 779 1231 819; x_wconf 88' lang='lat' dir='ltr'>aunum</span> 
     </span>
     <span class='ocr_line' id='line_1_6' title="bbox 136 842 887 930; baseline -0.003 -25"><span class='ocrx_word' id='word_1_32' title='bbox 136 854 285 930; x_wconf 89' lang='lat' dir='ltr'>quartum</span> <span class='ocrx_word' id='word_1_33' title='bbox 309 855 340 906; x_wconf 88' lang='lat' dir='ltr'>et</span> <span class='ocrx_word' id='word_1_34' title='bbox 362 844 551 907; x_wconf 81' lang='lat' dir='ltr'>tricesimum</span> <span class='ocrx_word' id='word_1_35' title='bbox 572 853 716 927; x_wconf 87' lang='lat' dir='ltr'>spectare</span> <span class='ocrx_word' id='word_1_36' title='bbox 738 842 887 904; x_wconf 87' lang='lat' dir='ltr'>declarat.</span> 
     </span>
    </p>
   </div>
   <div class='ocr_carea' id='block_1_3' title="bbox 136 954 1231 1209">
    <p class='ocr_par' dir='ltr' id='par_1_3' title="bbox 136 954 1231 1209">
     <span class='ocr_line' id='line_1_7' title="bbox 220 954 1229 1037; baseline -0.008 -14"><span class='ocrx_word' id='word_1_37' title='bbox 220 958 293 1037; x_wconf 85' lang='grc'><strong>693,</strong></span> <span class='ocrx_word' id='word_1_38' title='bbox 319 954 370 1023; x_wconf 86' lang='grc'>14.</span> <span class='ocrx_word' id='word_1_39' title='bbox 422 954 587 1035; x_wconf 75' lang='grc' dir='ltr'>Θεόδοτος]</span> <span class='ocrx_word' id='word_1_40' title='bbox 610 959 653 1021; x_wconf 85' lang='lat' dir='ltr'>ita</span> <span class='ocrx_word' id='word_1_41' title='bbox 663 958 776 1023; x_wconf 89' lang='lat' dir='ltr'>Graeci</span> <span class='ocrx_word' id='word_1_42' title='bbox 798 956 933 1021; x_wconf 81' lang='lat' dir='ltr'>codices·</span> <span class='ocrx_word' id='word_1_43' title='bbox 976 959 1149 1021; x_wconf 75' lang='lat' dir='ltr'>Anastasius</span> <span class='ocrx_word' id='word_1_44' title='bbox 1171 981 1229 1021; x_wconf 89' lang='lat' dir='ltr'>nc.</span> 
     </span>
     <span class='ocr_line' id='line_1_8' title="bbox 137 1040 1231 1123; baseline -0.003 -19"><span class='ocrx_word' id='word_1_45' title='bbox 137 1064 209 1107; x_wconf 90' lang='lat' dir='ltr'>men</span> <span class='ocrx_word' id='word_1_46' title='bbox 231 1054 322 1105; x_wconf 84' lang='lat' dir='ltr'>tacet.</span> <span class='ocrx_word' id='word_1_47' title='bbox 366 1050 478 1105; x_wconf 81' lang='lat' dir='ltr'>auctor</span> <span class='ocrx_word' id='word_1_48' title='bbox 504 1044 656 1106; x_wconf 76' lang='lat' dir='ltr'>miscellae</span> <span class='ocrx_word' id='word_1_49' title='bbox 680 1043 800 1106; x_wconf 75' lang='lat' dir='ltr'>scribit.</span> <span class='ocrx_word' id='word_1_50' title='bbox 839 1040 945 1105; x_wconf 80' lang='lat' dir='ltr'>eodem</span> <span class='ocrx_word' id='word_1_51' title='bbox 968 1062 1052 1105; x_wconf 85' lang='grc' dir='ltr'><strong><em>αιιιιο</em></strong></span> <span class='ocrx_word' id='word_1_52' title='bbox 1072 1040 1231 1123; x_wconf 74' lang='lat' dir='ltr'>Adilgisus</span> 
     </span>
     <span class='ocr_line' id='line_1_9' title="bbox 136 1128 577 1209; baseline -0.009 -18"><span class='ocrx_word' id='word_1_53' title='bbox 136 1128 405 1209; x_wconf 74' lang='lat' dir='ltr'>Langobardorum</span> <span class='ocrx_word' id='word_1_54' title='bbox 426 1148 494 1205; x_wconf 72' lang='lat' dir='ltr'>reu,</span> <span class='ocrx_word' id='word_1_55' title='bbox 518 1136 577 1189; x_wconf 89' lang='lat' dir='ltr'>etc.</span> 
     </span>
    </p>
   </div>
   <div class='ocr_carea' id='block_1_4' title="bbox 136 1238 1231 1578">
    <p class='ocr_par' dir='ltr' id='par_1_4' title="bbox 136 1238 1231 1578">
     <span class='ocr_line' id='line_1_10' title="bbox 223 1238 1230 1327; baseline -0.006 -21"><span class='ocrx_word' id='word_1_56' title='bbox 223 1242 306 1306; x_wconf 78' lang='lat' dir='ltr'>thid.</span> <span class='ocrx_word' id='word_1_57' title='bbox 332 1242 380 1307; x_wconf 89' lang='grc'><strong>18.</strong></span> <span class='ocrx_word' id='word_1_58' title='bbox 432 1242 471 1327; x_wconf 77' lang='grc' dir='ltr'>τῇ</span> <span class='ocrx_word' id='word_1_59' title='bbox 489 1238 526 1323; x_wconf 81' lang='grc' dir='ltr'>ιγ’</span> <span class='ocrx_word' id='word_1_60' title='bbox 548 1242 607 1304; x_wconf 76' lang='grc' dir='ltr'>τοῦ</span> <span class='ocrx_word' id='word_1_61' title='bbox 633 1240 862 1322; x_wconf 55' lang='lat' dir='ltr'>rennuente]</span> <span class='ocrx_word' id='word_1_62' title='bbox 897 1242 948 1303; x_wconf 89' lang='lat' dir='ltr'>die</span> <span class='ocrx_word' id='word_1_63' title='bbox 969 1242 1049 1303; x_wconf 77' lang='lat' dir='ltr'>lunii</span> <span class='ocrx_word' id='word_1_64' title='bbox 1071 1240 1110 1304; x_wconf 75' lang='grc'>97</span> <span class='ocrx_word' id='word_1_65' title='bbox 1132 1238 1230 1323; x_wconf 89' lang='lat' dir='ltr'>patris</span> 
     </span>
     <span class='ocr_line' id='line_1_11' title="bbox 137 1322 1231 1409; baseline -0.002 -22"><span class='ocrx_word' id='word_1_66' title='bbox 137 1328 270 1409; x_wconf 89' lang='lat' dir='ltr'>imperio</span> <span class='ocrx_word' id='word_1_67' title='bbox 292 1328 436 1389; x_wconf 83' lang='lat' dir='ltr'>successit</span> <span class='ocrx_word' id='word_1_68' title='bbox 458 1328 685 1409; x_wconf 83' lang='lat' dir='ltr'>Copronymus,</span> <span class='ocrx_word' id='word_1_69' title='bbox 710 1346 746 1389; x_wconf 90' lang='lat' dir='ltr'>ex</span> <span class='ocrx_word' id='word_1_70' title='bbox 768 1326 858 1387; x_wconf 88' lang='lat' dir='ltr'>dictis</span> <span class='ocrx_word' id='word_1_71' title='bbox 879 1326 919 1387; x_wconf 85' lang='lat' dir='ltr'>ad</span> <span class='ocrx_word' id='word_1_72' title='bbox 939 1325 1005 1387; x_wconf 86' lang='lat' dir='ltr'>eina</span> <span class='ocrx_word' id='word_1_73' title='bbox 1028 1344 1144 1386; x_wconf 87' lang='lat' dir='ltr'>annum</span> <span class='ocrx_word' id='word_1_74' title='bbox 1159 1322 1231 1407; x_wconf 88' lang='lat' dir='ltr'>pri·</span> 
     </span>
     <span class='ocr_line' id='line_1_12' title="bbox 136 1405 1229 1473; baseline -0.005 -2"><span class='ocrx_word' id='word_1_75' title='bbox 136 1434 242 1472; x_wconf 76' lang='lat' dir='ltr'>mums</span> <span class='ocrx_word' id='word_1_76' title='bbox 265 1412 350 1472; x_wconf 85' lang='lat' dir='ltr'>annis</span> <span class='ocrx_word' id='word_1_77' title='bbox 369 1409 412 1471; x_wconf 86' lang='grc'>34</span> <span class='ocrx_word' id='word_1_78' title='bbox 432 1410 615 1472; x_wconf 51' lang='lat' dir='ltr'>mensibus&amp;</span> <span class='ocrx_word' id='word_1_79' title='bbox 637 1419 669 1473; x_wconf 90' lang='lat' dir='ltr'>et</span> <span class='ocrx_word' id='word_1_80' title='bbox 681 1411 788 1473; x_wconf 87' lang='lat' dir='ltr'>diebus</span> <span class='ocrx_word' id='word_1_81' title='bbox 800 1405 842 1471; x_wconf 72' lang='lat'>26</span> <span class='ocrx_word' id='word_1_82' title='bbox 864 1410 978 1472; x_wconf 81' lang='lat' dir='ltr'>exactis</span> <span class='ocrx_word' id='word_1_83' title='bbox 991 1408 1154 1471; x_wconf 86' lang='lat' dir='ltr'>defunctus</span> <span class='ocrx_word' id='word_1_84' title='bbox 1165 1418 1229 1469; x_wconf 73' lang='lat' dir='ltr'>ests</span> 
     </span>
     <span class='ocr_line' id='line_1_13' title="bbox 138 1492 595 1578; baseline 0 -23"><span class='ocrx_word' id='word_1_85' title='bbox 138 1496 237 1578; x_wconf 79' lang='lat' dir='ltr'>igitar</span> <span class='ocrx_word' id='word_1_86' title='bbox 259 1494 451 1577; x_wconf 87' lang='lat' dir='ltr'>Septembris</span> <span class='ocrx_word' id='word_1_87' title='bbox 471 1492 521 1557; x_wconf 89' lang='lat' dir='ltr'>die</span> <span class='ocrx_word' id='word_1_88' title='bbox 544 1492 595 1557; x_wconf 73' lang='lat'>93.</span> 
     </span>
    </p>
   </div>
   <div class='ocr_carea' id='block_1_5' title="bbox 138 1614 1231 1767">
    <p class='ocr_par' dir='ltr' id='par_1_5' title="bbox 138 1614 1231 1767">
     <span class='ocr_line' id='line_1_14' title="bbox 222 1614 1231 1701; baseline -0.003 -21"><span class='ocrx_word' id='word_1_89' title='bbox 222 1620 306 1683; x_wconf 81' lang='lat' dir='ltr'>Ibid.</span> <span class='ocrx_word' id='word_1_90' title='bbox 330 1617 381 1687; x_wconf 73' lang='lat'>20.</span> <span class='ocrx_word' id='word_1_91' title='bbox 429 1618 515 1698; x_wconf 78' lang='grc' dir='ltr'><strong><em>βοιὸκ</em></strong></span> <span class='ocrx_word' id='word_1_92' title='bbox 542 1617 599 1679; x_wconf 77' lang='grc' dir='ltr'><strong><em>καί</em></strong></span> <span class='ocrx_word' id='word_1_93' title='bbox 624 1616 736 1701; x_wconf 74' lang='grc' dir='ltr'><strong><em>λέγων]</em></strong></span> <span class='ocrx_word' id='word_1_94' title='bbox 759 1617 919 1680; x_wconf 87' lang='lat' dir='ltr'>codicibus</span> <span class='ocrx_word' id='word_1_95' title='bbox 948 1618 980 1680; x_wconf 89' lang='lat' dir='ltr'>in</span> <span class='ocrx_word' id='word_1_96' title='bbox 1006 1616 1124 1680; x_wconf 85' lang='lat' dir='ltr'>conctis</span> <span class='ocrx_word' id='word_1_97' title='bbox 1153 1614 1231 1678; x_wconf 81' lang='lat' dir='ltr'>baec</span> 
     </span>
     <span class='ocr_line' id='line_1_15' title="bbox 138 1702 816 1767; baseline 0.006 -4"><span class='ocrx_word' id='word_1_98' title='bbox 138 1722 202 1765; x_wconf 90' lang='lat' dir='ltr'>non</span> <span class='ocrx_word' id='word_1_99' title='bbox 223 1712 327 1766; x_wconf 84' lang='lat' dir='ltr'>extare</span> <span class='ocrx_word' id='word_1_100' title='bbox 347 1702 508 1765; x_wconf 88' lang='lat' dir='ltr'>declarant</span> <span class='ocrx_word' id='word_1_101' title='bbox 530 1704 634 1765; x_wconf 86' lang='lat' dir='ltr'>variae</span> <span class='ocrx_word' id='word_1_102' title='bbox 658 1703 816 1767; x_wconf 80' lang='lat' dir='ltr'>lectiones.</span> 
     </span>
    </p>
   </div>
   <div class='ocr_carea' id='block_1_6' title="bbox 221 1832 1230 1915">
    <p class='ocr_par' dir='ltr' id='par_1_6' title="bbox 221 1832 1230 1915">
     <span class='ocr_line' id='line_1_16' title="bbox 221 1832 1230 1915; baseline -0.006 -16"><span class='ocrx_word' id='word_1_103' title='bbox 221 1832 355 1915; x_wconf 75' lang='lat'>694,18·</span> <span class='ocrx_word' id='word_1_104' title='bbox 398 1834 513 1913; x_wconf 76' lang='lat' dir='ltr'>Mart]</span> <span class='ocrx_word' id='word_1_105' title='bbox 536 1835 731 1899; x_wconf 86' lang='lat' dir='ltr'>Mabometus</span> <span class='ocrx_word' id='word_1_106' title='bbox 746 1834 1093 1899; x_wconf 77' lang='lat' dir='ltr'>AlmolrdiEcebellensi</span> <span class='ocrx_word' id='word_1_107' title='bbox 1117 1832 1230 1897; x_wconf 88' lang='lat' dir='ltr'>dictos.</span> 
     </span>
    </p>
   </div>
   <div class='ocr_carea' id='block_1_7' title="bbox 135 1954 1232 2519">
    <p class='ocr_par' dir='ltr' id='par_1_7' title="bbox 135 1954 1232 2519">
     <span class='ocr_line' id='line_1_17' title="bbox 220 1954 1231 2043; baseline 0.002 -24"><span class='ocrx_word' id='word_1_108' title='bbox 220 1956 304 2025; x_wconf 84' lang='lat' dir='ltr'>Ibid.</span> <span class='ocrx_word' id='word_1_109' title='bbox 328 1957 377 2022; x_wconf 85' lang='lat'>19.</span> <span class='ocrx_word' id='word_1_110' title='bbox 427 1954 464 2021; x_wconf 65' lang='lat' dir='ltr'>so*</span> <span class='ocrx_word' id='word_1_111' title='bbox 486 1956 657 2043; x_wconf 78' lang='grc' dir='ltr'><strong><em>σπήλαιον,</em></strong></span> <span class='ocrx_word' id='word_1_112' title='bbox 682 1955 718 2020; x_wconf 76' lang='grc' dir='ltr'>τὸ</span> <span class='ocrx_word' id='word_1_113' title='bbox 749 1956 971 2040; x_wconf 73' lang='grc' dir='ltr'>ἐπιλεγόμενον</span> <span class='ocrx_word' id='word_1_114' title='bbox 999 1958 1126 2035; x_wconf 81' lang='grc' dir='ltr'><strong><em>καῦσικ]</em></strong></span> <span class='ocrx_word' id='word_1_115' title='bbox 1147 1958 1231 2021; x_wconf 89' lang='lat' dir='ltr'>bello</span> 
     </span>
     <span class='ocr_line' id='line_1_18' title="bbox 136 2042 1232 2128; baseline -0.005 -23"><span class='ocrx_word' id='word_1_116' title='bbox 136 2051 302 2127; x_wconf 84' lang='lat' dir='ltr'>captorum</span> <span class='ocrx_word' id='word_1_117' title='bbox 317 2064 432 2121; x_wconf 84' lang='lat' dir='ltr'>carcer,</span> <span class='ocrx_word' id='word_1_118' title='bbox 448 2044 711 2128; x_wconf 76' lang='lat' dir='ltr'>captivorumque</span> <span class='ocrx_word' id='word_1_119' title='bbox 726 2044 766 2105; x_wconf 87' lang='lat' dir='ltr'>ad</span> <span class='ocrx_word' id='word_1_120' title='bbox 778 2044 922 2105; x_wconf 88' lang='lat' dir='ltr'>triremes</span> <span class='ocrx_word' id='word_1_121' title='bbox 937 2042 1160 2125; x_wconf 80' lang='lat' dir='ltr'>deputatorum</span> <span class='ocrx_word' id='word_1_122' title='bbox 1173 2066 1232 2107; x_wconf 86' lang='lat' dir='ltr'>cu.</span> 
     </span>
     <span class='ocr_line' id='line_1_19' title="bbox 138 2125 1232 2211; baseline -0.004 -23"><span class='ocrx_word' id='word_1_123' title='bbox 138 2125 238 2188; x_wconf 84' lang='lat' dir='ltr'>stodia</span> <span class='ocrx_word' id='word_1_124' title='bbox 263 2128 387 2189; x_wconf 84' lang='lat' dir='ltr'>Graecis</span> <span class='ocrx_word' id='word_1_125' title='bbox 410 2128 634 2189; x_wconf 83' lang='lat' dir='ltr'>recentioribus</span> <span class='ocrx_word' id='word_1_126' title='bbox 656 2127 845 2203; x_wconf 65' lang='lat' dir='ltr'>estensium,</span> <span class='ocrx_word' id='word_1_127' title='bbox 870 2149 962 2211; x_wconf 89' lang='lat' dir='ltr'>qnam</span> <span class='ocrx_word' id='word_1_128' title='bbox 985 2130 1061 2188; x_wconf 86' lang='lat' dir='ltr'>ltala</span> <span class='ocrx_word' id='word_1_129' title='bbox 1084 2148 1162 2191; x_wconf 80' lang='lat' dir='ltr'>voce</span> <span class='ocrx_word' id='word_1_130' title='bbox 1181 2151 1232 2188; x_wconf 88' lang='lat' dir='ltr'>sa.</span> 
     </span>
     <span class='ocr_line' id='line_1_20' title="bbox 136 2208 1232 2295; baseline -0.001 -22"><span class='ocrx_word' id='word_1_131' title='bbox 136 2210 175 2273; x_wconf 84' lang='lat' dir='ltr'>tis</span> <span class='ocrx_word' id='word_1_132' title='bbox 201 2208 309 2271; x_wconf 86' lang='lat' dir='ltr'>usitata</span> <span class='ocrx_word' id='word_1_133' title='bbox 333 2210 431 2292; x_wconf 77' lang='lat' dir='ltr'>bagao</span> <span class='ocrx_word' id='word_1_134' title='bbox 453 2230 677 2295; x_wconf 90' lang='lat' dir='ltr'>nonnunquam</span> <span class='ocrx_word' id='word_1_135' title='bbox 698 2209 816 2272; x_wconf 88' lang='lat' dir='ltr'>dicunt.</span> <span class='ocrx_word' id='word_1_136' title='bbox 837 2208 951 2270; x_wconf 77' lang='lat' dir='ltr'>andsto</span> <span class='ocrx_word' id='word_1_137' title='bbox 973 2210 1054 2272; x_wconf 90' lang='lat' dir='ltr'>enim</span> <span class='ocrx_word' id='word_1_138' title='bbox 1075 2230 1137 2291; x_wconf 92' lang='lat' dir='ltr'>pro</span> <span class='ocrx_word' id='word_1_139' title='bbox 1160 2208 1232 2273; x_wconf 76' lang='grc' dir='ltr'><strong><em>κατ’·</em></strong></span> 
     </span>
     <span class='ocr_line' id='line_1_21' title="bbox 136 2294 1231 2378; baseline 0.001 -24"><span class='ocrx_word' id='word_1_140' title='bbox 136 2314 194 2373; x_wconf 79' lang='lat' dir='ltr'>atr,</span> <span class='ocrx_word' id='word_1_141' title='bbox 217 2294 372 2374; x_wconf 71' lang='lat' dir='ltr'>affligere,</span> <span class='ocrx_word' id='word_1_142' title='bbox 392 2294 581 2378; x_wconf 86' lang='lat' dir='ltr'>deprimere,</span> <span class='ocrx_word' id='word_1_143' title='bbox 613 2306 749 2377; x_wconf 78' lang='lat' dir='ltr'>torquere</span> <span class='ocrx_word' id='word_1_144' title='bbox 778 2295 969 2374; x_wconf 86' lang='lat' dir='ltr'>exprimunt.</span> <span class='ocrx_word' id='word_1_145' title='bbox 1021 2295 1134 2367; x_wconf 77' lang='grc' dir='ltr'><strong><em>καῦσις</em></strong></span> <span class='ocrx_word' id='word_1_146' title='bbox 1154 2314 1231 2375; x_wconf 83' lang='lat' dir='ltr'>crgo</span> 
     </span>
     <span class='ocr_line' id='line_1_22' title="bbox 135 2376 1231 2519; baseline -0.002 -82"><span class='ocrx_word' id='word_1_147' title='bbox 135 2398 239 2437; x_wconf 83' lang='lat' dir='ltr'>carcer</span> <span class='ocrx_word' id='word_1_148' title='bbox 261 2378 469 2461; x_wconf 74' lang='lat' dir='ltr'>quicumque,</span> <span class='ocrx_word' id='word_1_149' title='bbox 499 2376 586 2519; x_wconf 72' lang='lat' dir='ltr'>‹puod</span> <span class='ocrx_word' id='word_1_150' title='bbox 618 2376 703 2437; x_wconf 87' lang='lat' dir='ltr'>locus</span> <span class='ocrx_word' id='word_1_151' title='bbox 729 2378 901 2438; x_wconf 84' lang='lat' dir='ltr'>&#39;afflictionis</span> <span class='ocrx_word' id='word_1_152' title='bbox 927 2386 958 2437; x_wconf 89' lang='lat' dir='ltr'>ct</span> <span class='ocrx_word' id='word_1_153' title='bbox 979 2377 1160 2437; x_wconf 78' lang='lat' dir='ltr'>calamitatis</span> <span class='ocrx_word' id='word_1_154' title='bbox 1182 2378 1231 2442; x_wconf 86' lang='lat' dir='ltr'>sit.</span> 
     </span>
    </p>
   </div>
   <div class='ocr_carea' id='block_1_8' title="bbox 79 2460 1278 3130">
    <p class='ocr_par' dir='ltr' id='par_1_8' title="bbox 138 2460 1232 2710">
     <span class='ocr_line' id='line_1_23' title="bbox 138 2460 1231 2542; baseline -0.002 -20"><span class='ocrx_word' id='word_1_155' title='bbox 138 2462 169 2522; x_wconf 88' lang='lat' dir='ltr'>in</span> <span class='ocrx_word' id='word_1_156' title='bbox 191 2462 297 2537; x_wconf 75' lang='lat' dir='ltr'>antris,</span> <span class='ocrx_word' id='word_1_157' title='bbox 318 2462 433 2537; x_wconf 83' lang='lat' dir='ltr'>foreis,</span> <span class='ocrx_word' id='word_1_158' title='bbox 454 2481 508 2541; x_wconf 89' lang='lat' dir='ltr'>spe</span> <span class='ocrx_word' id='word_1_159' title='bbox 523 2461 621 2535; x_wconf 90' lang='lat' dir='ltr'>uncis,</span> <span class='ocrx_word' id='word_1_160' title='bbox 645 2481 684 2522; x_wconf 92' lang='lat' dir='ltr'>ne</span> <span class='ocrx_word' id='word_1_161' title='bbox 708 2461 738 2522; x_wconf 82' lang='lat' dir='ltr'>vi</span> <span class='ocrx_word' id='word_1_162' title='bbox 768 2471 1025 2541; x_wconf 87' lang='lat' dir='ltr'>perrumpantur,</span> <span class='ocrx_word' id='word_1_163' title='bbox 1047 2460 1231 2542; x_wconf 85' lang='lat' dir='ltr'>praeparari</span> 
     </span>
     <span class='ocr_line' id='line_1_24' title="bbox 138 2541 1232 2628; baseline -0.006 -22"><span class='ocrx_word' id='word_1_164' title='bbox 138 2554 303 2621; x_wconf 83' lang='lat' dir='ltr'>noverunt,</span> <span class='ocrx_word' id='word_1_165' title='bbox 327 2545 379 2628; x_wconf 91' lang='lat' dir='ltr'>qui</span> <span class='ocrx_word' id='word_1_166' title='bbox 393 2544 556 2626; x_wconf 89' lang='lat' dir='ltr'>piraticam</span> <span class='ocrx_word' id='word_1_167' title='bbox 573 2544 702 2604; x_wconf 85' lang='lat' dir='ltr'>callent:</span> <span class='ocrx_word' id='word_1_168' title='bbox 725 2553 758 2606; x_wconf 85' lang='lat' dir='ltr'>et</span> <span class='ocrx_word' id='word_1_169' title='bbox 779 2541 954 2604; x_wconf 88' lang='lat' dir='ltr'>huiusmodi</span> <span class='ocrx_word' id='word_1_170' title='bbox 976 2542 1140 2624; x_wconf 86' lang='lat' dir='ltr'>speluncae</span> <span class='ocrx_word' id='word_1_171' title='bbox 1161 2546 1232 2605; x_wconf 85' lang='lat' dir='ltr'>adi.</span> 
     </span>
     <span class='ocr_line' id='line_1_25' title="bbox 138 2627 1232 2710; baseline -0.005 -20"><span class='ocrx_word' id='word_1_172' title='bbox 138 2638 205 2690; x_wconf 90' lang='lat' dir='ltr'>tum</span> <span class='ocrx_word' id='word_1_173' title='bbox 227 2629 382 2710; x_wconf 85' lang='lat' dir='ltr'>effregisse</span> <span class='ocrx_word' id='word_1_174' title='bbox 408 2627 612 2703; x_wconf 86' lang='lat' dir='ltr'>Abusbalem,</span> <span class='ocrx_word' id='word_1_175' title='bbox 635 2637 668 2688; x_wconf 88' lang='lat' dir='ltr'>et</span> <span class='ocrx_word' id='word_1_176' title='bbox 689 2629 829 2708; x_wconf 80' lang='lat' dir='ltr'>captivos</span> <span class='ocrx_word' id='word_1_177' title='bbox 851 2627 1023 2687; x_wconf 86' lang='lat' dir='ltr'>Saracenos</span> <span class='ocrx_word' id='word_1_178' title='bbox 1044 2627 1074 2685; x_wconf 94' lang='lat' dir='ltr'>in</span> <span class='ocrx_word' id='word_1_179' title='bbox 1100 2627 1232 2688; x_wconf 83' lang='lat' dir='ltr'>liberta·</span> 
     </span>
    </p>

    <p class='ocr_par' dir='ltr' id='par_1_9' title="bbox 79 2699 1278 3130">
     <span class='ocr_line' id='line_1_26' title="bbox 79 2699 1278 2795; baseline -0.003 -21"><span class='ocrx_word' id='word_1_180' title='bbox 79 2739 84 2752; x_wconf 90' lang='lat'><strong>·</strong></span> <span class='ocrx_word' id='word_1_181' title='bbox 137 2722 201 2774; x_wconf 91' lang='lat' dir='ltr'>tem</span> <span class='ocrx_word' id='word_1_182' title='bbox 220 2711 342 2790; x_wconf 84' lang='lat' dir='ltr'>misisse,</span> <span class='ocrx_word' id='word_1_183' title='bbox 362 2711 566 2795; x_wconf 86' lang='lat' dir='ltr'>Theophanes</span> <span class='ocrx_word' id='word_1_184' title='bbox 577 2710 724 2772; x_wconf 86' lang='lat' dir='ltr'>brevibus</span> <span class='ocrx_word' id='word_1_185' title='bbox 739 2710 829 2772; x_wconf 89' lang='lat' dir='ltr'>dictis</span> <span class='ocrx_word' id='word_1_186' title='bbox 842 2710 1028 2770; x_wconf 87' lang='lat' dir='ltr'>manifestat.</span> <span class='ocrx_word' id='word_1_187' title='bbox 1070 2709 1156 2792; x_wconf 88' lang='lat' dir='ltr'>quod</span> <span class='ocrx_word' id='word_1_188' title='bbox 1172 2711 1233 2771; x_wconf 86' lang='lat' dir='ltr'>Sa·</span> <span class='ocrx_word' id='word_1_189' title='bbox 1271 2699 1278 2714; x_wconf 77' lang='grc'><strong>’</strong></span> 
     </span>
     <span class='ocr_line' id='line_1_27' title="bbox 134 2793 1231 2858; baseline -0.001 -1"><span class='ocrx_word' id='word_1_190' title='bbox 134 2817 321 2858; x_wconf 85' lang='lat' dir='ltr'>raceoorum</span> <span class='ocrx_word' id='word_1_191' title='bbox 345 2816 453 2857; x_wconf 88' lang='lat' dir='ltr'>carcer</span> <span class='ocrx_word' id='word_1_192' title='bbox 473 2817 490 2856; x_wconf 89' lang='lat' dir='ltr'>a</span> <span class='ocrx_word' id='word_1_193' title='bbox 513 2795 590 2857; x_wconf 86' lang='lat' dir='ltr'>fami</span> <span class='ocrx_word' id='word_1_194' title='bbox 606 2794 811 2855; x_wconf 88' lang='lat' dir='ltr'>incommodis</span> <span class='ocrx_word' id='word_1_195' title='bbox 835 2793 868 2854; x_wconf 87' lang='lat' dir='ltr'>iu</span> <span class='ocrx_word' id='word_1_196' title='bbox 890 2814 927 2854; x_wconf 92' lang='lat' dir='ltr'>eo</span> <span class='ocrx_word' id='word_1_197' title='bbox 949 2814 1079 2856; x_wconf 87' lang='lat' dir='ltr'>accenso</span> <span class='ocrx_word' id='word_1_198' title='bbox 1097 2814 1231 2856; x_wconf 86' lang='lat' dir='ltr'>vocare-</span> 
     </span>
     <span class='ocr_line' id='line_1_28' title="bbox 135 2876 1230 2962; baseline -0.003 -21"><span class='ocrx_word' id='word_1_199' title='bbox 135 2889 207 2957; x_wconf 91' lang='lat' dir='ltr'>tur,</span> <span class='ocrx_word' id='word_1_200' title='bbox 229 2879 452 2962; x_wconf 81' lang='lat' dir='ltr'>expositionem</span> <span class='ocrx_word' id='word_1_201' title='bbox 480 2877 604 2940; x_wconf 89' lang='lat' dir='ltr'>allatam</span> <span class='ocrx_word' id='word_1_202' title='bbox 632 2879 677 2938; x_wconf 88' lang='lat' dir='ltr'>nil</span> <span class='ocrx_word' id='word_1_203' title='bbox 703 2877 818 2940; x_wconf 74' lang='lat' dir='ltr'>laedite</span> <span class='ocrx_word' id='word_1_204' title='bbox 854 2877 978 2938; x_wconf 87' lang='lat' dir='ltr'>afumo</span> <span class='ocrx_word' id='word_1_205' title='bbox 999 2877 1152 2960; x_wconf 89' lang='lat' dir='ltr'>siqnidem</span> <span class='ocrx_word' id='word_1_206' title='bbox 1176 2876 1230 2938; x_wconf 87' lang='lat' dir='ltr'>bie</span> 
     </span>
     <span class='ocr_line' id='line_1_29' title="bbox 134 2959 1229 3045; baseline -0.001 -22"><span class='ocrx_word' id='word_1_207' title='bbox 134 2962 306 3045; x_wconf 87' lang='lat' dir='ltr'>appellatos</span> <span class='ocrx_word' id='word_1_208' title='bbox 328 2961 458 3040; x_wconf 79' lang='grc' dir='ltr'><strong><em>καῦσις,</em></strong></span> <span class='ocrx_word' id='word_1_209' title='bbox 480 2963 602 3024; x_wconf 86' lang='lat' dir='ltr'>carceri</span> <span class='ocrx_word' id='word_1_210' title='bbox 631 2961 818 3042; x_wconf 87' lang='lat' dir='ltr'>cuicumque</span> <span class='ocrx_word' id='word_1_211' title='bbox 834 2959 923 3022; x_wconf 89' lang='lat' dir='ltr'>alteri</span> <span class='ocrx_word' id='word_1_212' title='bbox 944 2961 1118 3025; x_wconf 89' lang='lat' dir='ltr'>molestiam</span> <span class='ocrx_word' id='word_1_213' title='bbox 1140 2961 1229 3024; x_wconf 89' lang='lat' dir='ltr'>exhi·</span> 
     </span>
     <span class='ocr_line' id='line_1_30' title="bbox 132 3042 976 3130; baseline -0.006 -22"><span class='ocrx_word' id='word_1_214' title='bbox 132 3045 221 3108; x_wconf 84' lang='lat' dir='ltr'>beati</span> <span class='ocrx_word' id='word_1_215' title='bbox 242 3045 410 3130; x_wconf 89' lang='lat' dir='ltr'>proprium</span> <span class='ocrx_word' id='word_1_216' title='bbox 430 3046 488 3106; x_wconf 91' lang='lat' dir='ltr'>sibi</span> <span class='ocrx_word' id='word_1_217' title='bbox 508 3065 618 3106; x_wconf 89' lang='lat' dir='ltr'>nomen</span> <span class='ocrx_word' id='word_1_218' title='bbox 645 3042 783 3106; x_wconf 86' lang='lat' dir='ltr'>reddidit</span> <span class='ocrx_word' id='word_1_219' title='bbox 801 3064 976 3110; x_wconf 84' lang='lat' dir='ltr'>commune.</span> 
     </span>
    </p>
   </div>
   <div class='ocr_carea' id='block_1_9' title="bbox 133 3171 1225 3345">
    <p class='ocr_par' dir='ltr' id='par_1_10' title="bbox 133 3171 1225 3345">
     <span class='ocr_line' id='line_1_31' title="bbox 217 3171 1225 3260; baseline -0.002 -20"><span class='ocrx_word' id='word_1_220' title='bbox 217 3175 297 3256; x_wconf 87' lang='grc'><strong>695,</strong></span> <span class='ocrx_word' id='word_1_221' title='bbox 325 3179 355 3246; x_wconf 89' lang='grc'>5.</span> <span class='ocrx_word' id='word_1_222' title='bbox 404 3175 636 3260; x_wconf 75' lang='grc' dir='ltr'>μητροπολίτας</span> <span class='ocrx_word' id='word_1_223' title='bbox 661 3177 696 3240; x_wconf 74' lang='grc' dir='ltr'>ἐκ</span> <span class='ocrx_word' id='word_1_224' title='bbox 727 3177 791 3240; x_wconf 71' lang='grc' dir='ltr'>τῶν</span> <span class='ocrx_word' id='word_1_225' title='bbox 812 3171 975 3256; x_wconf 77' lang='grc' dir='ltr'><strong><em>α’ββιίδωκ]</em></strong></span> <span class='ocrx_word' id='word_1_226' title='bbox 1008 3177 1225 3260; x_wconf 86' lang='lat' dir='ltr'>metropolitas</span> 
     </span>
     <span class='ocr_line' id='line_1_32' title="bbox 133 3261 1224 3345; baseline -0.002 -21"><span class='ocrx_word' id='word_1_227' title='bbox 133 3283 169 3324; x_wconf 88' lang='lat' dir='ltr'>ex</span> <span class='ocrx_word' id='word_1_228' title='bbox 190 3263 351 3324; x_wconf 78' lang='lat' dir='ltr'>abbatibus</span> <span class='ocrx_word' id='word_1_229' title='bbox 372 3271 405 3324; x_wconf 90' lang='lat' dir='ltr'>et</span> <span class='ocrx_word' id='word_1_230' title='bbox 433 3262 591 3324; x_wconf 87' lang='lat' dir='ltr'>monachis</span> <span class='ocrx_word' id='word_1_231' title='bbox 612 3283 766 3324; x_wconf 84' lang='lat' dir='ltr'>assumere</span> <span class='ocrx_word' id='word_1_232' title='bbox 787 3261 914 3323; x_wconf 88' lang='lat' dir='ltr'>Graecis</span> <span class='ocrx_word' id='word_1_233' title='bbox 935 3283 1028 3345; x_wconf 92' lang='lat' dir='ltr'>qnam</span> <span class='ocrx_word' id='word_1_234' title='bbox 1048 3261 1224 3344; x_wconf 85' lang='lat' dir='ltr'>antiquum.</span> 
     </span>
    </p>
   </div>
   <div class='ocr_carea' id='block_1_10' title="bbox 127 3379 1224 3950">
    <p class='ocr_par' dir='ltr' id='par_1_11' title="bbox 127 3379 1224 3950">
     <span class='ocr_line' id='line_1_33' title="bbox 214 3379 1224 3466; baseline -0.009 -17"><span class='ocrx_word' id='word_1_235' title='bbox 214 3383 289 3466; x_wconf 87' lang='grc'><strong>696,</strong></span> <span class='ocrx_word' id='word_1_236' title='bbox 313 3385 341 3450; x_wconf 85' lang='grc'><strong>1.</strong></span> <span class='ocrx_word' id='word_1_237' title='bbox 384 3379 414 3447; x_wconf 81' lang='lat' dir='ltr'>oi</span> <span class='ocrx_word' id='word_1_238' title='bbox 444 3385 507 3448; x_wconf 80' lang='grc' dir='ltr'>τοῖκ</span> <span class='ocrx_word' id='word_1_239' title='bbox 538 3379 601 3448; x_wconf 75' lang='grc' dir='ltr'>ἔσω</span> <span class='ocrx_word' id='word_1_240' title='bbox 621 3381 801 3466; x_wconf 76' lang='grc' dir='ltr'><strong><em>ταγμάτωκ]</em></strong></span> <span class='ocrx_word' id='word_1_241' title='bbox 824 3385 912 3448; x_wconf 86' lang='lat' dir='ltr'>urbis</span> <span class='ocrx_word' id='word_1_242' title='bbox 935 3383 1093 3448; x_wconf 87' lang='lat' dir='ltr'>costodiae</span> <span class='ocrx_word' id='word_1_243' title='bbox 1115 3390 1146 3446; x_wconf 89' lang='lat' dir='ltr'>el</span> <span class='ocrx_word' id='word_1_244' title='bbox 1168 3381 1224 3444; x_wconf 89' lang='lat' dir='ltr'>de.</span> 
     </span>
     <span class='ocr_line' id='line_1_34' title="bbox 129 3466 1223 3552; baseline -0.003 -22"><span class='ocrx_word' id='word_1_245' title='bbox 129 3469 262 3532; x_wconf 85' lang='lat' dir='ltr'>scnsioai</span> <span class='ocrx_word' id='word_1_246' title='bbox 292 3471 406 3532; x_wconf 82' lang='lat' dir='ltr'>milites</span> <span class='ocrx_word' id='word_1_247' title='bbox 437 3469 595 3552; x_wconf 86' lang='lat' dir='ltr'>deputati,</span> <span class='ocrx_word' id='word_1_248' title='bbox 624 3471 753 3531; x_wconf 82' lang='lat' dir='ltr'>urbicae</span> <span class='ocrx_word' id='word_1_249' title='bbox 780 3471 951 3543; x_wconf 90' lang='lat' dir='ltr'>excubiae,</span> <span class='ocrx_word' id='word_1_250' title='bbox 972 3471 1017 3530; x_wconf 85' lang='lat' dir='ltr'>les</span> <span class='ocrx_word' id='word_1_251' title='bbox 1035 3469 1157 3530; x_wconf 67' lang='lat' dir='ltr'>aretam</span> <span class='ocrx_word' id='word_1_252' title='bbox 1182 3466 1223 3528; x_wconf 87' lang='lat' dir='ltr'>de</span> 
     </span>
     <span class='ocr_line' id='line_1_35' title="bbox 130 3551 1223 3633; baseline -0.005 -17"><span class='ocrx_word' id='word_1_253' title='bbox 130 3555 224 3616; x_wconf 82' lang='lat' dir='ltr'>ville:</span> <span class='ocrx_word' id='word_1_254' title='bbox 250 3553 307 3616; x_wconf 86' lang='lat' dir='ltr'>nisi</span> <span class='ocrx_word' id='word_1_255' title='bbox 331 3555 413 3616; x_wconf 88' lang='lat' dir='ltr'>forte</span> <span class='ocrx_word' id='word_1_256' title='bbox 434 3555 506 3616; x_wconf 86' lang='lat' dir='ltr'>velis</span> <span class='ocrx_word' id='word_1_257' title='bbox 527 3555 638 3616; x_wconf 90' lang='lat' dir='ltr'>milites</span> <span class='ocrx_word' id='word_1_258' title='bbox 666 3553 827 3614; x_wconf 85' lang='lat' dir='ltr'>incastris</span> <span class='ocrx_word' id='word_1_259' title='bbox 849 3555 935 3629; x_wconf 90' lang='lat' dir='ltr'>alios,</span> <span class='ocrx_word' id='word_1_260' title='bbox 955 3554 1030 3613; x_wconf 89' lang='lat' dir='ltr'>alios</span> <span class='ocrx_word' id='word_1_261' title='bbox 1054 3552 1084 3612; x_wconf 89' lang='lat' dir='ltr'>in</span> <span class='ocrx_word' id='word_1_262' title='bbox 1105 3551 1223 3633; x_wconf 86' lang='lat' dir='ltr'>praesi-</span> 
     </span>
     <span class='ocr_line' id='line_1_36' title="bbox 130 3629 1224 3720; baseline -0.004 -22"><span class='ocrx_word' id='word_1_263' title='bbox 130 3639 189 3698; x_wconf 83' lang='lat' dir='ltr'>diis</span> <span class='ocrx_word' id='word_1_264' title='bbox 211 3658 385 3720; x_wconf 81' lang='lat' dir='ltr'>agnoscere,</span> <span class='ocrx_word' id='word_1_265' title='bbox 408 3646 439 3698; x_wconf 93' lang='lat' dir='ltr'>et</span> <span class='ocrx_word' id='word_1_266' title='bbox 459 3637 513 3698; x_wconf 84' lang='lat' dir='ltr'>lios</span> <span class='ocrx_word' id='word_1_267' title='bbox 532 3632 570 3700; x_wconf 81' lang='grc' dir='ltr'>τοὶ</span> <span class='ocrx_word' id='word_1_268' title='bbox 592 3631 655 3697; x_wconf 78' lang='grc' dir='ltr'>ἔσω</span> <span class='ocrx_word' id='word_1_269' title='bbox 677 3629 825 3715; x_wconf 73' lang='grc' dir='ltr'><strong><em>τάγματα</em></strong></span> <span class='ocrx_word' id='word_1_270' title='bbox 848 3657 1036 3718; x_wconf 84' lang='lat' dir='ltr'>nuncupare.</span> <span class='ocrx_word' id='word_1_271' title='bbox 1079 3655 1170 3716; x_wconf 85' lang='lat' dir='ltr'>penes</span> <span class='ocrx_word' id='word_1_272' title='bbox 1192 3644 1224 3694; x_wconf 91' lang='lat' dir='ltr'>te</span> 
     </span>
     <span class='ocr_line' id='line_1_37' title="bbox 129 3710 1222 3798; baseline -0.005 -16"><span class='ocrx_word' id='word_1_273' title='bbox 129 3721 243 3798; x_wconf 88' lang='lat' dir='ltr'>lector,</span> <span class='ocrx_word' id='word_1_274' title='bbox 264 3721 421 3782; x_wconf 89' lang='lat' dir='ltr'>iudicium.</span> <span class='ocrx_word' id='word_1_275' title='bbox 465 3720 626 3782; x_wconf 84' lang='lat' dir='ltr'>contrario</span> <span class='ocrx_word' id='word_1_276' title='bbox 650 3729 753 3780; x_wconf 89' lang='lat' dir='ltr'>tameo</span> <span class='ocrx_word' id='word_1_277' title='bbox 774 3739 864 3781; x_wconf 86' lang='lat' dir='ltr'>sensu</span> <span class='ocrx_word' id='word_1_278' title='bbox 883 3713 957 3794; x_wconf 76' lang='grc' dir='ltr'>τούς</span> <span class='ocrx_word' id='word_1_279' title='bbox 976 3719 1040 3780; x_wconf 75' lang='grc' dir='ltr'>τοῖν</span> <span class='ocrx_word' id='word_1_280' title='bbox 1058 3710 1122 3782; x_wconf 72' lang='grc' dir='ltr'><strong><em>ἴσοι</em></strong></span> <span class='ocrx_word' id='word_1_281' title='bbox 1142 3737 1222 3794; x_wconf 79' lang='grc' dir='ltr'><strong><em>ταγ-</em></strong></span> 
     </span>
     <span class='ocr_line' id='line_1_38' title="bbox 127 3797 1223 3884; baseline -0.002 -20"><span class='ocrx_word' id='word_1_282' title='bbox 127 3797 237 3883; x_wconf 78' lang='grc' dir='ltr'><strong><em>μάτων</em></strong></span> <span class='ocrx_word' id='word_1_283' title='bbox 256 3808 422 3866; x_wconf 77' lang='lat' dir='ltr'>exteriores</span> <span class='ocrx_word' id='word_1_284' title='bbox 438 3803 576 3881; x_wconf 84' lang='lat' dir='ltr'>ordines,</span> <span class='ocrx_word' id='word_1_285' title='bbox 596 3809 772 3884; x_wconf 88' lang='lat' dir='ltr'>posuernnt</span> <span class='ocrx_word' id='word_1_286' title='bbox 787 3805 921 3866; x_wconf 74' lang='lat' dir='ltr'>tamtus.</span> <span class='ocrx_word' id='word_1_287' title='bbox 945 3811 976 3864; x_wconf 85' lang='lat' dir='ltr'>et</span> <span class='ocrx_word' id='word_1_288' title='bbox 988 3801 1131 3864; x_wconf 82' lang='lat' dir='ltr'>miscella.</span> <span class='ocrx_word' id='word_1_289' title='bbox 1153 3797 1223 3862; x_wconf 76' lang='lat' dir='ltr'>vide</span> 
     </span>
     <span class='ocr_line' id='line_1_39' title="bbox 131 3883 833 3950; baseline -0.001 -3"><span class='ocrx_word' id='word_1_290' title='bbox 131 3887 327 3950; x_wconf 88' lang='lat' dir='ltr'>Constantini</span> <span class='ocrx_word' id='word_1_291' title='bbox 348 3887 459 3950; x_wconf 88' lang='lat' dir='ltr'>Leonis</span> <span class='ocrx_word' id='word_1_292' title='bbox 483 3887 572 3949; x_wconf 77' lang='lat' dir='ltr'>hrains</span> <span class='ocrx_word' id='word_1_293' title='bbox 596 3887 651 3947; x_wconf 85' lang='lat' dir='ltr'>lilii</span> <span class='ocrx_word' id='word_1_294' title='bbox 675 3907 791 3947; x_wconf 88' lang='lat' dir='ltr'>annum</span> <span class='ocrx_word' id='word_1_295' title='bbox 803 3883 833 3947; x_wconf 86' lang='grc'>7.</span> 
     </span>
    </p>
   </div>
   <div class='ocr_carea' id='block_1_11' title="bbox 129 4013 1278 4249">
    <p class='ocr_par' dir='ltr' id='par_1_12' title="bbox 129 4013 1278 4249">
     <span class='ocr_line' id='line_1_40' title="bbox 213 4013 1220 4102; baseline -0.007 -20"><span class='ocrx_word' id='word_1_296' title='bbox 213 4018 293 4082; x_wconf 83' lang='lat' dir='ltr'>Ibid.</span> <span class='ocrx_word' id='word_1_297' title='bbox 316 4020 347 4082; x_wconf 73' lang='grc'>9.</span> <span class='ocrx_word' id='word_1_298' title='bbox 400 4017 671 4102; x_wconf 73' lang='grc' dir='ltr'><strong><em>ἐργασιηριακῶκ]</em></strong></span> <span class='ocrx_word' id='word_1_299' title='bbox 712 4013 999 4100; x_wconf 70' lang='grc' dir='ltr'><strong><em>ἐργαστρριάρηδις</em></strong></span> <span class='ocrx_word' id='word_1_300' title='bbox 1038 4017 1220 4098; x_wconf 88' lang='lat' dir='ltr'>corruptius</span> 
     </span>
     <span class='ocr_line' id='line_1_41' title="bbox 129 4101 1220 4186; baseline 0 -24"><span class='ocrx_word' id='word_1_301' title='bbox 129 4103 238 4186; x_wconf 78' lang='lat' dir='ltr'>vulgus</span> <span class='ocrx_word' id='word_1_302' title='bbox 263 4113 353 4164; x_wconf 82' lang='lat' dir='ltr'>vocat</span> <span class='ocrx_word' id='word_1_303' title='bbox 373 4102 448 4174; x_wconf 80' lang='grc' dir='ltr'>τούς</span> <span class='ocrx_word' id='word_1_304' title='bbox 480 4103 513 4164; x_wconf 78' lang='grc' dir='ltr'>ἐκ</span> <span class='ocrx_word' id='word_1_305' title='bbox 535 4101 764 4186; x_wconf 69' lang='grc' dir='ltr'><strong><em>ἐργαστηρίοις,</em></strong></span> <span class='ocrx_word' id='word_1_306' title='bbox 786 4101 937 4170; x_wconf 85' lang='lat' dir='ltr'>mercium</span> <span class='ocrx_word' id='word_1_307' title='bbox 956 4101 1166 4186; x_wconf 83' lang='lat' dir='ltr'>quarumlibet</span> <span class='ocrx_word' id='word_1_308' title='bbox 1184 4103 1220 4162; x_wconf 71' lang='lat' dir='ltr'>ta</span> 
     </span>
     <span class='ocr_line' id='line_1_42' title="bbox 129 4187 1278 4249; baseline -0.003 -3"><span class='ocrx_word' id='word_1_309' title='bbox 129 4207 149 4246; x_wconf 92' lang='lat' dir='ltr'>o</span> <span class='ocrx_word' id='word_1_310' title='bbox 172 4189 260 4248; x_wconf 81' lang='grc' dir='ltr'><strong><em>ιοὶιιιί</em></strong></span> <span class='ocrx_word' id='word_1_311' title='bbox 282 4187 464 4249; x_wconf 78' lang='lat' dir='ltr'>venditores.</span> <span class='ocrx_word' id='word_1_312' title='bbox 1095 4208 1098 4212; x_wconf 55' lang='lat'><em>⁴</em></span> <span class='ocrx_word' id='word_1_313' title='bbox 1275 4191 1278 4195; x_wconf 80' lang='grc'><em>’</em></span> 
     </span>
    </p>
   </div>
   <div class='ocr_carea' id='block_1_12' title="bbox 0 0 1530 4900">
    <p class='ocr_par' dir='ltr' id='par_1_13' title="bbox 0 0 1530 4900">
     <span class='ocr_line' id='line_1_43' title="bbox 0 0 1530 4900; baseline 0 0"><span class='ocrx_word' id='word_1_314' title='bbox 0 0 1530 4900; x_wconf 95' lang='lat' dir='ltr'> </span> 
     </span>
    </p>
   </div>
  </div>
 </body>
</html>
