3050 4900
495 365 545 428 EX
580 361 840 430 mteoeflsns.
1144 361 1209 428 121

137 531 266 608 tament,
288 531 325 592 fit
354 531 485 592 marium
506 532 653 594 Romanis
684 533 828 594 victoria.
881 530 1088 614 dispoliantur
1115 533 1212 617 igitur

135 615 258 695 barbari,
278 622 310 676 et
331 613 492 698 sepultura
520 626 660 678 carentes
689 615 867 678 efficiuntur
895 615 999 677 hestiis
1032 637 1108 676 esca.
1150 618 1212 682 boc

134 699 228 758 audito
263 696 443 760 Hormisdas
469 699 637 763 Persarum
664 721 736 777 rex,
769 698 983 762 confusionem
1014 720 1077 760 non
1098 700 1209 782 ferens,

133 781 302 845 muliebrem
323 792 438 846 vestem
456 783 567 844 Buram
597 783 788 863 transmisit,
811 791 844 844 et
864 780 948 845 bunc
968 793 1118 866 praetura
1140 787 1210 867 pri.

133 867 214 928 ursit.
262 875 357 947 parat
388 875 540 930 econtra
571 867 773 930 rebellionem
799 867 930 944 Buram,
948 867 1155 950 progreditur
1177 871 1209 932 ia

133 949 326 1032 tyrannidem,
345 959 379 1012 et
401 951 572 1032 reciprocis
594 950 715 1014 iniuriis
736 971 796 1033 per
815 951 933 1013 litteras
944 950 1142 1012 Honnisdam
1161 952 1209 1014 la.

130 1033 215 1109 cessit,
232 1033 463 1118 superscribens
483 1035 633 1116 epistolae
654 1035 697 1095 ita
717 1033 921 1096 “Hormisdae
942 1033 1023 1094 filiae
1050 1034 1211 1098 Cbosroae

128 1115 228 1178 Buram
240 1117 316 1180 baec
328 1117 453 1179 mittit.”
475 1119 612 1181 collectis
628 1140 704 1180 vcro
715 1118 833 1181 militiis
848 1117 1000 1179 asserebat
1010 1118 1210 1180 Hormisdam

129 1197 311 1284 indignatum
330 1199 475 1264 adversus
495 1202 629 1280 militias,
650 1210 762 1282 utpote
784 1223 865 1286 quae
888 1203 1061 1264 aRomanis
1083 1204 1208 1265 fuerant
1215 1221 1241 1274 1·-
1256 1201 1311 1257 406

126 1294 288 1363 superatae.
309 1283 492 1347 ostendebat
504 1294 607 1346 autem
620 1294 652 1348 et
663 1285 747 1348 fictas
760 1287 878 1347 litteras
890 1285 975 1368 quasi
990 1285 1028 1346 als
1039 1286 1206 1349 Hormisda

126 1367 213 1430 missas
225 1367 266 1428 ad
280 1368 460 1431 minuendas
475 1368 607 1430 militum
628 1389 728 1450 rogas,
747 1367 980 1430 admemoriam
999 1368 1041 1430 eis
1056 1368 1206 1433 reducens

127 1452 313 1516 atrocitatem
324 1452 517 1526 Hormisdae,
539 1474 594 1514 seu
609 1451 826 1514 crudelitatem
848 1452 1010 1514 avaritiam
1029 1461 1061 1513 et
1085 1453 1207 1516 uiolen·
1231 1479 1235 1483 ’

126 1533 198 1608 tiam,
214 1545 249 1598 et
269 1536 406 1618 qualiter
428 1535 602 1610 homicidiis
625 1536 794 1598 delectatus
815 1545 847 1597 et
861 1557 877 1596 a
891 1537 1095 1617 pacealienus
1117 1545 1204 1616 esset,

126 1617 313 1702 qualiterque
326 1619 491 1702 optimates
506 1619 634 1682 vinculis
646 1618 815 1696 dediderit,
840 1639 977 1703 quorum
988 1619 1064 1680 alios
1077 1620 1204 1703 quidem

124 1697 212 1780 gladio
240 1702 411 1778 reciderit,
446 1703 521 1766 alios
543 1713 646 1766 autem
678 1705 838 1766 necaverit
857 1703 994 1784 Tigride,
1017 1713 1049 1763 et
1070 1703 1204 1784 qualiter

123 1785 361 1866 cogebutPersas
375 1787 407 1848 ia
426 1789 543 1870 magnis
564 1787 688 1868 praeliis
709 1787 859 1870 separari,
872 1807 935 1869 quo
950 1785 1205 1868 disperderentur

122 1875 149 1927 et
169 1889 229 1930 uon
264 1877 377 1932 contra
406 1870 495 1932 illum
524 1871 804 1933 tumultuarentur.
856 1871 969 1932 talibus
997 1891 1072 1952 ergo
1099 1870 1204 1935 verbis

120 1947 216 2012 Raram
242 1952 383 2015 militiam
406 1953 514 2018 offatm
534 1953 729 2037 tyrannidem
761 1953 925 2015 maximam
946 1953 1092 2038 adversus
1115 1953 1202 2040 Hor-5

119 2033 240 2097 misdam
258 2037 435 2113 succendit,
459 2047 490 2100 et
511 2038 690 2100 iuramentis
720 2041 831 2100 Boram
851 2036 1024 2099 munientes
1046 2037 1202 2119 dogmati.

119 2127 177 2178 sant
196 2141 306 2182 omnes
332 2141 364 2182 se
394 2119 591 2202 deposituros
622 2121 832 2184 Hormisdam.
885 2119 1064 2182 Hormisdas
1095 2132 1201 2183 autem

117 2199 312 2266 Ferocbanen
334 2204 515 2288 magistram
549 2225 638 2266 suum
659 2215 812 2267 armatum
833 2225 906 2266 cum
927 2204 1046 2266 virtute
1068 2202 1202 2268 destinat

116 2283 247 2348 adsersus
265 2289 387 2352 Buram.
409 2289 522 2350 Raram
542 2309 619 2351 vero
639 2289 824 2370 significavit
843 2286 1021 2350 Ferocbani
1040 2308 1096 2350 seu
1117 2289 1199 2350 mili.

117 2365 159 2428 tiis
197 2372 246 2433 uia
271 2393 336 2434 nou
357 2373 505 2434 convenit
525 2393 611 2434 arma
634 2373 743 2434 Persas
766 2373 913 2434 adsersus
932 2373 1042 2434 Persas
1064 2370 1198 2451 efferre,
1291 2389 1296 2396 ·

116 2460 142 2513 et
159 2391 194 2515 ad
215 2455 404 2519 memoriam
424 2458 466 2519 eis
488 2454 656 2519 reducebat
674 2456 861 2519 Hormisdae
881 2456 1092 2535 asperitatem,
1112 2455 1196 2516 inia-

115 2536 226 2617 stitiam,
249 2540 285 2601 iu
305 2540 506 2621 sanguinibus
526 2540 684 2623 gaudium,
706 2542 737 2601 iu
760 2537 934 2603 homicidiis
955 2560 1106 2615 amorem,
1124 2536 1196 2599 inti-

114 2614 272 2703 delitatem,
293 2624 473 2687 iactantiam
496 2634 529 2687 et
547 2624 740 2685 violentiam.
792 2622 869 2683 baec
888 2622 1054 2685 sentientes
1076 2622 1196 2683 veraci-

115 2707 156 2763 ler
173 2707 211 2768 ab
232 2730 275 2771 ec
298 2708 381 2771 dicta
401 2708 493 2771 luisse
513 2708 624 2790 populi
648 2709 702 2791 qui
724 2707 809 2769 circa
820 2704 1023 2769 Ferocbanen
1045 2713 1136 2767 erant
1155 2702 1291 2778 raptor

112 2782 209 2851 Raram
229 2794 506 2868 saecuculorum,
534 2801 566 2853 et
592 2791 797 2853 Ferocbanen
827 2790 1006 2853 occidentes
1026 2810 1060 2851 se
1081 2790 1195 2850 Buram

111 2872 231 2952 uniunt,
261 2881 295 2937 et
316 2884 429 2937 contra
450 2874 676 2958 Ctisiphontem
707 2877 827 2957 impetu
847 2875 972 2936 abeunt.
1014 2872 1195 2935 Hormisdou

111 2964 202 3017 autem
225 2958 365 3021 babebat
379 2957 553 3036 Bindoben,
573 2980 702 3041 magnac
723 2958 880 3041 dignitatis
901 2958 1015 3040 virum,
1035 2957 1068 3019 in
1086 2957 1199 3019 vinca·

109 3032 154 3097 lis:
175 3041 285 3126 itaque
305 3063 378 3105 cam
399 3044 431 3105 in
448 3064 559 3125 magna
580 3041 786 3105 fluctuatione
808 3040 931 3124 negotia
953 3041 1112 3123 degerent,
1133 3042 1194 3103 Be.

108 3129 165 3181 stau
184 3126 323 3189 Rindobi
344 3128 457 3205 frater,
479 3128 510 3187 ia
535 3126 708 3189 custodiam
736 3126 880 3202 insiliens,
903 3124 1009 3188 eduxit
1028 3122 1192 3185 Biudoben

108 3202 228 3271 fratrem
250 3231 361 3287 saum,
381 3218 413 3273 et
442 3219 630 3293 congregata
651 3210 850 3271 multitudine
879 3210 996 3271 rustica
1020 3228 1075 3268 seu
1094 3206 1192 3285 cirili,

108 3290 189 3352 tertia
213 3293 296 3355 bora
318 3294 379 3356 diei
400 3296 512 3379 regalia
535 3293 675 3369 intrant,
705 3302 737 3355 ct
758 3293 885 3355 invento
909 3290 1074 3352 Hormisda
1097 3310 1192 3371 saper

105 3372 206 3437 solium
230 3378 319 3460 regio
341 3399 431 3441 more
450 3376 576 3440 sedente
598 3376 700 3437 multis
721 3376 806 3437 hasne
827 3374 948 3437 iniuriis
968 3372 1116 3436 subdunt.
1138 3374 1190 3433 ln.

105 3450 169 3517 (lues
190 3471 297 3522 autem
313 3468 419 3523 tenens
435 3460 634 3523 Hormisdam
650 3460 775 3522 abstulit
789 3458 928 3521 diadema
950 3480 968 3518 a
990 3458 1092 3540 capite
1108 3456 1187 3533 eius,

103 3544 128 3596 el
147 3539 231 3605 bunc
251 3545 284 3605 in
305 3566 464 3609 carcerem
478 3538 702 3623 tradiderunt,
723 3544 918 3628 rogabatque
947 3542 1108 3605 Cbosroeu
1130 3562 1189 3624 pa-

102 3622 157 3681 tn'c
177 3627 261 3689 solio
282 3628 391 3691 tribui.
445 3638 608 3712 praeterea
631 3627 808 3692 Hormisdas
843 3626 1024 3689 ecastodia
1046 3624 1190 3687 nuntium

101 3706 190 3785 nisit,
213 3712 318 3773 Persis
338 3724 446 3797 petens
466 3713 564 3796 loqui,
584 3712 705 3775 Persidi
726 3734 807 3793 quae
827 3710 1019 3792 expedirent.
1062 3709 1095 3770 in
1115 3728 1190 3770 ora-

99 3788 208 3853 stinum
231 3794 331 3877 igitur
349 3796 497 3859 collectus
509 3806 630 3859 senatus
639 3797 804 3858 Persarum
818 3796 850 3855 in
862 3795 1014 3877 regalibus
1035 3814 1095 3854 aaa
1117 3812 1189 3852 cum

99 3872 295 3941 multitudine
309 3881 450 3945 vinctum
464 3878 661 3943 Hormisdam
674 3880 803 3941 ducunt.
831 3886 878 3939 ast
900 3876 1079 3941 Hormisdas
1100 3896 1188 3937 com·

99 3960 246 4024 monebat
270 3962 377 4027 Persas
409 3965 497 4049 quod
520 3986 583 4026 uon
619 3972 769 4046 oporteat
798 3959 1014 4024 huiuscemodi
1038 3959 1070 4021 in
1101 3980 1187 4042 reges

99 4044 314 4125 committere,
344 4056 382 4110 et.
403 4056 519 4132 quanta
542 4070 577 4110 er
608 4068 672 4131 quc
703 4050 880 4128 regnaverit
909 4055 1041 4126 tropaea
1061 4042 1282 4124 seceritpdtlss

97 4128 126 4179 et
144 4124 174 4184 in
197 4129 313 4212 quibus
335 4152 408 4217 erga
428 4133 536 4194 Perses
558 4132 641 4193 bona
660 4131 844 4213 patraverit,
865 4136 898 4190 et
916 4127 1052 4210 qualiter
1063 4128 1185 4189 Tuscos

97 4200 211 4271 Persidi
237 4214 355 4277 tributa
384 4216 507 4279 solvere
528 4216 746 4298 Romanosque
775 4234 884 4296 pacem
906 4232 1013 4275 amare
1033 4211 1184 4297 eoiigerit,
