<?xml version="1.0" encoding="UTF-8"?>
<!DOCTYPE html PUBLIC "-//W3C//DTD XHTML 1.0 Transitional//EN"
    "http://www.w3.org/TR/xhtml1/DTD/xhtml1-transitional.dtd">
<html xmlns="http://www.w3.org/1999/xhtml" xml:lang="en" lang="en">
 <head>
  <title>
</title>
<meta http-equiv="Content-Type" content="text/html;charset=utf-8" />
  <meta name='ocr-system' content='tesseract 3.04.00' />
  <meta name='ocr-capabilities' content='ocr_page ocr_carea ocr_par ocr_line ocrx_word'/>
</head>
<body>
  <div class='ocr_page' id='page_1' title='image "./corpusscriptoru34theogoog_0239.png"; bbox 0 0 3050 4900; ppageno 0'>
   <div class='ocr_carea' id='block_1_1' title="bbox 306 348 1233 423">
    <p class='ocr_par' dir='ltr' id='par_1_1' title="bbox 306 348 1233 423">
     <span class='ocr_line' id='line_1_1' title="bbox 306 348 1233 423; baseline -0.002 -2"><span class='ocrx_word' id='word_1_1' title='bbox 306 352 380 423; x_wconf 73' lang='lat'><strong>228</strong></span> <span class='ocrx_word' id='word_1_2' title='bbox 467 356 678 421; x_wconf 72' lang='lat' dir='ltr'><strong>Anastasis</strong></span> <span class='ocrx_word' id='word_1_3' title='bbox 708 353 905 423; x_wconf 72' lang='lat' dir='ltr'><strong>amoma</strong></span> <span class='ocrx_word' id='word_1_4' title='bbox 920 348 1233 423; x_wconf 66' lang='lat' dir='ltr'><strong>tcclnstts&#39;nct</strong></span> 
     </span>
    </p>
   </div>
   <div class='ocr_carea' id='block_1_2' title="bbox 304 520 1396 693">
    <p class='ocr_par' dir='ltr' id='par_1_2' title="bbox 304 520 1396 693">
     <span class='ocr_line' id='line_1_2' title="bbox 305 520 1396 609; baseline 0 -22"><span class='ocrx_word' id='word_1_5' title='bbox 305 526 490 609; x_wconf 84' lang='lat' dir='ltr'><strong>imperatori</strong></span> <span class='ocrx_word' id='word_1_6' title='bbox 514 526 719 588; x_wconf 86' lang='lat' dir='ltr'><strong>Constantino</strong></span> <span class='ocrx_word' id='word_1_7' title='bbox 745 526 842 603; x_wconf 83' lang='lat' dir='ltr'><strong>filins,</strong></span> <span class='ocrx_word' id='word_1_8' title='bbox 865 546 959 609; x_wconf 82' lang='lat' dir='ltr'><strong>quein</strong></span> <span class='ocrx_word' id='word_1_9' title='bbox 987 520 1162 585; x_wconf 82' lang='lat' dir='ltr'><strong>nominarit</strong></span> <span class='ocrx_word' id='word_1_10' title='bbox 1181 524 1339 601; x_wconf 78' lang='lat' dir='ltr'><strong>Leonem,</strong></span> <span class='ocrx_word' id='word_1_11' title='bbox 1358 543 1396 587; x_wconf 77' lang='lat' dir='ltr'><strong>ex</strong></span> 
     </span>
     <span class='ocr_line' id='line_1_3' title="bbox 304 609 716 693; baseline -0.015 -20"><span class='ocrx_word' id='word_1_12' title='bbox 304 610 434 693; x_wconf 78' lang='lat' dir='ltr'><strong>chagani</strong></span> <span class='ocrx_word' id='word_1_13' title='bbox 458 609 623 672; x_wconf 83' lang='lat' dir='ltr'><strong>Chesariae</strong></span> <span class='ocrx_word' id='word_1_14' title='bbox 644 609 716 675; x_wconf 86' lang='lat' dir='ltr'><strong>filia.</strong></span> 
     </span>
    </p>
   </div>
   <div class='ocr_carea' id='block_1_3' title="bbox 206 713 1405 2030">
    <p class='ocr_par' dir='ltr' id='par_1_3' title="bbox 302 713 1405 1718">
     <span class='ocr_line' id='line_1_4' title="bbox 388 713 1399 798; baseline -0.002 -21"><span class='ocrx_word' id='word_1_15' title='bbox 388 720 478 779; x_wconf 75' lang='lat' dir='ltr'><strong>Anno</strong></span> <span class='ocrx_word' id='word_1_16' title='bbox 502 736 577 777; x_wconf 87' lang='lat' dir='ltr'><strong>vero</strong></span> <span class='ocrx_word' id='word_1_17' title='bbox 610 716 720 779; x_wconf 88' lang='lat' dir='ltr'><strong>eodem</strong></span> <span class='ocrx_word' id='word_1_18' title='bbox 750 716 850 777; x_wconf 83' lang='lat' dir='ltr'><strong>lactus</strong></span> <span class='ocrx_word' id='word_1_19' title='bbox 871 724 917 778; x_wconf 88' lang='lat' dir='ltr'><strong>est</strong></span> <span class='ocrx_word' id='word_1_20' title='bbox 942 725 1049 778; x_wconf 85' lang='lat' dir='ltr'><strong>terrae</strong></span> <span class='ocrx_word' id='word_1_21' title='bbox 1069 722 1172 776; x_wconf 87' lang='lat' dir='ltr'><strong>motus</strong></span> <span class='ocrx_word' id='word_1_22' title='bbox 1192 713 1343 798; x_wconf 78' lang='lat' dir='ltr'><strong>insyria,</strong></span> <span class='ocrx_word' id='word_1_23' title='bbox 1365 722 1399 775; x_wconf 77' lang='lat' dir='ltr'><strong>et</strong></span> 
     </span>
     <span class='ocr_line' id='line_1_5' title="bbox 304 798 1405 883; baseline -0.003 -22"><span class='ocrx_word' id='word_1_24' title='bbox 304 802 409 883; x_wconf 86' lang='lat' dir='ltr'><strong>ingens</strong></span> <span class='ocrx_word' id='word_1_25' title='bbox 440 821 476 861; x_wconf 89' lang='lat' dir='ltr'><strong>ae</strong></span> <span class='ocrx_word' id='word_1_26' title='bbox 497 800 643 861; x_wconf 86' lang='lat' dir='ltr'><strong>terribilis</strong></span> <span class='ocrx_word' id='word_1_27' title='bbox 677 821 782 876; x_wconf 86' lang='lat' dir='ltr'><strong>casus,</strong></span> <span class='ocrx_word' id='word_1_28' title='bbox 802 799 887 861; x_wconf 90' lang='lat' dir='ltr'><strong>unde</strong></span> <span class='ocrx_word' id='word_1_29' title='bbox 906 798 1068 860; x_wconf 85' lang='lat' dir='ltr'><strong>civitatum</strong></span> <span class='ocrx_word' id='word_1_30' title='bbox 1089 798 1166 861; x_wconf 87' lang='lat' dir='ltr'><strong>aliae</strong></span> <span class='ocrx_word' id='word_1_31' title='bbox 1187 798 1315 883; x_wconf 89' lang='lat' dir='ltr'><strong>quidem</strong></span> <span class='ocrx_word' id='word_1_32' title='bbox 1337 818 1405 880; x_wconf 87' lang='lat' dir='ltr'><strong>pe.·</strong></span> 
     </span>
     <span class='ocr_line' id='line_1_6' title="bbox 305 881 1396 960; baseline -0.002 -17"><span class='ocrx_word' id='word_1_33' title='bbox 305 886 387 944; x_wconf 88' lang='lat' dir='ltr'><strong>nitus</strong></span> <span class='ocrx_word' id='word_1_34' title='bbox 408 884 629 945; x_wconf 76' lang='lat' dir='ltr'><strong>exterminatae</strong></span> <span class='ocrx_word' id='word_1_35' title='bbox 649 891 741 960; x_wconf 88' lang='lat' dir='ltr'><strong>sunt,</strong></span> <span class='ocrx_word' id='word_1_36' title='bbox 762 883 840 944; x_wconf 87' lang='lat' dir='ltr'><strong>alise</strong></span> <span class='ocrx_word' id='word_1_37' title='bbox 860 902 938 944; x_wconf 83' lang='lat' dir='ltr'><strong>vero</strong></span> <span class='ocrx_word' id='word_1_38' title='bbox 959 882 1171 959; x_wconf 75' lang='lat' dir='ltr'>mediocriter,</span> <span class='ocrx_word' id='word_1_39' title='bbox 1194 881 1271 943; x_wconf 87' lang='lat' dir='ltr'><strong>aliae</strong></span> <span class='ocrx_word' id='word_1_40' title='bbox 1292 890 1396 943; x_wconf 83' lang='lat' dir='ltr'><strong>entem</strong></span> 
     </span>
     <span class='ocr_line' id='line_1_7' title="bbox 306 964 1395 1047; baseline -0.005 -20"><span class='ocrx_word' id='word_1_41' title='bbox 306 990 322 1027; x_wconf 89' lang='lat' dir='ltr'><strong>a</strong></span> <span class='ocrx_word' id='word_1_42' title='bbox 345 968 497 1028; x_wconf 89' lang='lat' dir='ltr'><strong>montanis</strong></span> <span class='ocrx_word' id='word_1_43' title='bbox 518 966 557 1028; x_wconf 87' lang='lat' dir='ltr'><strong>ad</strong></span> <span class='ocrx_word' id='word_1_44' title='bbox 576 968 712 1028; x_wconf 85' lang='lat' dir='ltr'><strong>subiecta</strong></span> <span class='ocrx_word' id='word_1_45' title='bbox 734 966 916 1047; x_wconf 75' lang='lat' dir='ltr'><strong>campestria</strong></span> <span class='ocrx_word' id='word_1_46' title='bbox 938 986 1010 1029; x_wconf 86' lang='lat' dir='ltr'><strong>cum</strong></span> <span class='ocrx_word' id='word_1_47' title='bbox 1029 966 1123 1027; x_wconf 85' lang='lat' dir='ltr'><strong>muris</strong></span> <span class='ocrx_word' id='word_1_48' title='bbox 1139 974 1172 1027; x_wconf 91' lang='lat' dir='ltr'><strong>et</strong></span> <span class='ocrx_word' id='word_1_49' title='bbox 1191 964 1395 1026; x_wconf 86' lang='lat' dir='ltr'><strong>habitationi..</strong></span> 
     </span>
     <span class='ocr_line' id='line_1_8' title="bbox 305 1048 1395 1138; baseline -0.003 -27"><span class='ocrx_word' id='word_1_50' title='bbox 305 1050 361 1111; x_wconf 86' lang='lat' dir='ltr'><strong>bus</strong></span> <span class='ocrx_word' id='word_1_51' title='bbox 382 1052 441 1111; x_wconf 86' lang='lat' dir='ltr'><strong>anis</strong></span> <span class='ocrx_word' id='word_1_52' title='bbox 466 1051 603 1133; x_wconf 80' lang='lat' dir='ltr'><strong>integrae</strong></span> <span class='ocrx_word' id='word_1_53' title='bbox 634 1052 849 1133; x_wconf 79' lang='lat' dir='ltr'><strong>migraverunt</strong></span> <span class='ocrx_word' id='word_1_54' title='bbox 878 1058 910 1111; x_wconf 89' lang='lat' dir='ltr'><strong>et</strong></span> <span class='ocrx_word' id='word_1_55' title='bbox 938 1050 1040 1111; x_wconf 87' lang='lat' dir='ltr'><strong>salvae</strong></span> <span class='ocrx_word' id='word_1_56' title='bbox 1073 1049 1160 1133; x_wconf 89' lang='lat' dir='ltr'><strong>quasi</strong></span> <span class='ocrx_word' id='word_1_57' title='bbox 1195 1049 1235 1110; x_wconf 91' lang='lat' dir='ltr'><strong>ad</strong></span> <span class='ocrx_word' id='word_1_58' title='bbox 1264 1048 1395 1138; x_wconf 75' lang='lat' dir='ltr'><strong>miliaria</strong></span> 
     </span>
     <span class='ocr_line' id='line_1_9' title="bbox 305 1131 1397 1217; baseline 0 -24"><span class='ocrx_word' id='word_1_59' title='bbox 305 1154 354 1196; x_wconf 89' lang='lat' dir='ltr'><strong>sex</strong></span> <span class='ocrx_word' id='word_1_60' title='bbox 377 1136 424 1195; x_wconf 90' lang='lat' dir='ltr'><strong>vel</strong></span> <span class='ocrx_word' id='word_1_61' title='bbox 450 1135 542 1197; x_wconf 89' lang='lat' dir='ltr'><strong>etiam</strong></span> <span class='ocrx_word' id='word_1_62' title='bbox 567 1133 723 1197; x_wconf 86' lang='lat' dir='ltr'><strong>modicum</strong></span> <span class='ocrx_word' id='word_1_63' title='bbox 754 1132 829 1217; x_wconf 89' lang='lat' dir='ltr'><strong>quid</strong></span> <span class='ocrx_word' id='word_1_64' title='bbox 854 1132 947 1195; x_wconf 83' lang='lat' dir='ltr'><strong>ultra.</strong></span> <span class='ocrx_word' id='word_1_65' title='bbox 988 1131 1397 1215; x_wconf 61' lang='lat' dir='ltr'><strong>denique‘asseveraverunt</strong></span> 
     </span>
     <span class='ocr_line' id='line_1_10' title="bbox 303 1214 1396 1301; baseline -0.003 -24"><span class='ocrx_word' id='word_1_66' title='bbox 303 1214 335 1278; x_wconf 89' lang='lat' dir='ltr'><strong>hi</strong></span> <span class='ocrx_word' id='word_1_67' title='bbox 366 1218 420 1301; x_wconf 89' lang='lat' dir='ltr'><strong>qni</strong></span> <span class='ocrx_word' id='word_1_68' title='bbox 449 1218 587 1300; x_wconf 85' lang='lat' dir='ltr'><strong>propriis</strong></span> <span class='ocrx_word' id='word_1_69' title='bbox 621 1218 732 1279; x_wconf 80' lang='lat' dir='ltr'><strong>visibus</strong></span> <span class='ocrx_word' id='word_1_70' title='bbox 764 1228 882 1278; x_wconf 86' lang='lat' dir='ltr'><strong>terram</strong></span> <span class='ocrx_word' id='word_1_71' title='bbox 915 1216 1160 1300; x_wconf 68' lang='lat' dir='ltr'><strong>Mesopotamiae</strong></span> <span class='ocrx_word' id='word_1_72' title='bbox 1192 1216 1396 1298; x_wconf 83' lang='lat' dir='ltr'><strong>contemplati</strong></span> 
     </span>
     <span class='ocr_line' id='line_1_11' title="bbox 303 1298 1394 1383; baseline 0.002 -24"><span class='ocrx_word' id='word_1_73' title='bbox 303 1312 385 1376; x_wconf 82' lang='lat' dir='ltr'><strong>sunt,</strong></span> <span class='ocrx_word' id='word_1_74' title='bbox 408 1302 437 1362; x_wconf 93' lang='lat' dir='ltr'><strong>in</strong></span> <span class='ocrx_word' id='word_1_75' title='bbox 461 1300 683 1383; x_wconf 83' lang='lat' dir='ltr'><strong>longitudinem</strong></span> <span class='ocrx_word' id='word_1_76' title='bbox 709 1300 868 1381; x_wconf 86' lang='lat' dir='ltr'><strong>diruptam</strong></span> <span class='ocrx_word' id='word_1_77' title='bbox 891 1300 983 1362; x_wconf 86' lang='lat' dir='ltr'><strong>inisse</strong></span> <span class='ocrx_word' id='word_1_78' title='bbox 1004 1302 1043 1361; x_wconf 93' lang='lat' dir='ltr'><strong>ad</strong></span> <span class='ocrx_word' id='word_1_79' title='bbox 1055 1300 1189 1361; x_wconf 89' lang='lat' dir='ltr'><strong>miliaria</strong></span> <span class='ocrx_word' id='word_1_80' title='bbox 1208 1298 1282 1379; x_wconf 87' lang='lat' dir='ltr'><strong>dno,</strong></span> <span class='ocrx_word' id='word_1_81' title='bbox 1304 1308 1336 1361; x_wconf 89' lang='lat' dir='ltr'><strong>et</strong></span> <span class='ocrx_word' id='word_1_82' title='bbox 1357 1320 1394 1361; x_wconf 80' lang='lat' dir='ltr'><strong>ex</strong></span> 
     </span>
     <span class='ocr_line' id='line_1_12' title="bbox 303 1384 1398 1466; baseline -0.001 -23"><span class='ocrx_word' id='word_1_83' title='bbox 303 1384 463 1466; x_wconf 79' lang='lat' dir='ltr'><strong>profundo</strong></span> <span class='ocrx_word' id='word_1_84' title='bbox 488 1386 551 1447; x_wconf 90' lang='lat' dir='ltr'><strong>eius</strong></span> <span class='ocrx_word' id='word_1_85' title='bbox 572 1384 738 1447; x_wconf 80' lang='lat' dir='ltr'><strong>ascendisse</strong></span> <span class='ocrx_word' id='word_1_86' title='bbox 755 1384 846 1445; x_wconf 87' lang='lat' dir='ltr'><strong>aliam</strong></span> <span class='ocrx_word' id='word_1_87' title='bbox 863 1395 981 1445; x_wconf 90' lang='lat' dir='ltr'><strong>terram</strong></span> <span class='ocrx_word' id='word_1_88' title='bbox 1001 1384 1090 1445; x_wconf 89' lang='lat' dir='ltr'><strong>nimis</strong></span> <span class='ocrx_word' id='word_1_89' title='bbox 1106 1384 1206 1445; x_wconf 87' lang='lat' dir='ltr'><strong>elbam</strong></span> <span class='ocrx_word' id='word_1_90' title='bbox 1226 1392 1259 1445; x_wconf 89' lang='lat' dir='ltr'><strong>et</strong></span> <span class='ocrx_word' id='word_1_91' title='bbox 1278 1402 1398 1444; x_wconf 62' lang='lat' dir='ltr'><strong>arene-³</strong></span> 
     </span>
     <span class='ocr_line' id='line_1_13' title="bbox 302 1467 1396 1547; baseline -0.003 -18"><span class='ocrx_word' id='word_1_92' title='bbox 302 1490 380 1543; x_wconf 83' lang='lat' dir='ltr'><strong>sam,</strong></span> <span class='ocrx_word' id='word_1_93' title='bbox 404 1468 443 1529; x_wconf 91' lang='lat' dir='ltr'><strong>de</strong></span> <span class='ocrx_word' id='word_1_94' title='bbox 468 1470 553 1528; x_wconf 86' lang='lat' dir='ltr'><strong>cuius</strong></span> <span class='ocrx_word' id='word_1_95' title='bbox 576 1468 680 1529; x_wconf 90' lang='lat' dir='ltr'><strong>medio</strong></span> <span class='ocrx_word' id='word_1_96' title='bbox 701 1467 846 1546; x_wconf 82' lang='lat' dir='ltr'><strong>aseendit,</strong></span> <span class='ocrx_word' id='word_1_97' title='bbox 868 1474 905 1527; x_wconf 89' lang='lat' dir='ltr'><strong>ut</strong></span> <span class='ocrx_word' id='word_1_98' title='bbox 926 1468 1022 1547; x_wconf 83' lang='lat' dir='ltr'><strong>siunt,</strong></span> <span class='ocrx_word' id='word_1_99' title='bbox 1044 1468 1158 1528; x_wconf 85' lang='lat' dir='ltr'><strong>animal</strong></span> <span class='ocrx_word' id='word_1_100' title='bbox 1179 1468 1330 1528; x_wconf 89' lang='lat' dir='ltr'><strong>mulinum</strong></span> <span class='ocrx_word' id='word_1_101' title='bbox 1348 1468 1396 1527; x_wconf 89' lang='lat' dir='ltr'><strong>in·</strong></span> 
     </span>
     <span class='ocr_line' id='line_1_14' title="bbox 302 1550 1395 1635; baseline -0.003 -23"><span class='ocrx_word' id='word_1_102' title='bbox 302 1553 556 1629; x_wconf 85' lang='lat' dir='ltr'><strong>contaminatum,</strong></span> <span class='ocrx_word' id='word_1_103' title='bbox 581 1552 710 1635; x_wconf 88' lang='lat' dir='ltr'><strong>loquens</strong></span> <span class='ocrx_word' id='word_1_104' title='bbox 733 1551 868 1612; x_wconf 87' lang='lat' dir='ltr'><strong>hnmana</strong></span> <span class='ocrx_word' id='word_1_105' title='bbox 892 1571 979 1628; x_wconf 88' lang='lat' dir='ltr'><strong>voce,</strong></span> <span class='ocrx_word' id='word_1_106' title='bbox 997 1559 1029 1613; x_wconf 91' lang='lat' dir='ltr'><strong>et</strong></span> <span class='ocrx_word' id='word_1_107' title='bbox 1049 1552 1270 1635; x_wconf 87' lang='lat' dir='ltr'><strong>praenuntians</strong></span> <span class='ocrx_word' id='word_1_108' title='bbox 1295 1550 1395 1634; x_wconf 81' lang='lat' dir='ltr'><strong>gentis</strong></span> 
     </span>
     <span class='ocr_line' id='line_1_15' title="bbox 303 1633 1390 1718; baseline -0.001 -22"><span class='ocrx_word' id='word_1_109' title='bbox 303 1635 513 1697; x_wconf 85' lang='lat' dir='ltr'><strong>incursionem</strong></span> <span class='ocrx_word' id='word_1_110' title='bbox 535 1635 573 1696; x_wconf 85' lang='lat' dir='ltr'><strong>ab</strong></span> <span class='ocrx_word' id='word_1_111' title='bbox 595 1656 699 1697; x_wconf 89' lang='lat' dir='ltr'><strong>eremo</strong></span> <span class='ocrx_word' id='word_1_112' title='bbox 721 1634 868 1696; x_wconf 81' lang='lat' dir='ltr'><strong>adversus</strong></span> <span class='ocrx_word' id='word_1_113' title='bbox 889 1634 1012 1695; x_wconf 79' lang='lat' dir='ltr'><strong>Arabes.</strong></span> <span class='ocrx_word' id='word_1_114' title='bbox 1035 1633 1121 1718; x_wconf 87' lang='lat' dir='ltr'><strong>qnod</strong></span> <span class='ocrx_word' id='word_1_115' title='bbox 1143 1642 1176 1699; x_wconf 88' lang='lat' dir='ltr'><strong>et</strong></span> <span class='ocrx_word' id='word_1_116' title='bbox 1197 1635 1313 1697; x_wconf 81' lang='lat' dir='ltr'><strong>tactum</strong></span> <span class='ocrx_word' id='word_1_117' title='bbox 1332 1640 1390 1696; x_wconf 83' lang='lat' dir='ltr'><strong>est.</strong></span> 
     </span>
    </p>

    <p class='ocr_par' dir='ltr' id='par_1_4' title="bbox 206 1716 1395 2030">
     <span class='ocr_line' id='line_1_16' title="bbox 206 1716 1394 1801; baseline -0.003 -19"><span class='ocrx_word' id='word_1_118' title='bbox 206 1726 469 1799; x_wconf 72' lang='lat' dir='ltr'><strong>neseprseteres</strong></span> <span class='ocrx_word' id='word_1_119' title='bbox 499 1718 641 1801; x_wconf 84' lang='lat' dir='ltr'><strong>sequenti</strong></span> <span class='ocrx_word' id='word_1_120' title='bbox 678 1734 760 1779; x_wconf 89' lang='lat' dir='ltr'><strong>anuo</strong></span> <span class='ocrx_word' id='word_1_121' title='bbox 792 1728 925 1801; x_wconf 79' lang='lat' dir='ltr'><strong>quartae</strong></span> <span class='ocrx_word' id='word_1_122' title='bbox 963 1716 1162 1796; x_wconf 83' lang='lat' dir='ltr'><strong>indictionis,</strong></span> <span class='ocrx_word' id='word_1_123' title='bbox 1196 1720 1394 1781; x_wconf 82' lang='lat' dir='ltr'><strong>solemnitate</strong></span> 
     </span>
     <span class='ocr_line' id='line_1_17' title="bbox 301 1802 1395 1884; baseline 0 -21"><span class='ocrx_word' id='word_1_124' title='bbox 301 1811 424 1863; x_wconf 85' lang='lat' dir='ltr'><strong>sanetae</strong></span> <span class='ocrx_word' id='word_1_125' title='bbox 445 1810 656 1884; x_wconf 84' lang='lat' dir='ltr'><strong>pentecostes,</strong></span> <span class='ocrx_word' id='word_1_126' title='bbox 678 1802 844 1863; x_wconf 78' lang='lat' dir='ltr'><strong>coronavit</strong></span> <span class='ocrx_word' id='word_1_127' title='bbox 872 1802 1090 1865; x_wconf 80' lang='lat' dir='ltr'><strong>Constantinus</strong></span> <span class='ocrx_word' id='word_1_128' title='bbox 1116 1803 1291 1884; x_wconf 74' lang='lat' dir='ltr'><strong>imperatos</strong></span> <span class='ocrx_word' id='word_1_129' title='bbox 1309 1804 1395 1863; x_wconf 89' lang='lat' dir='ltr'><strong>Leo-</strong></span> 
     </span>
     <span class='ocr_line' id='line_1_18' title="bbox 302 1884 1395 1970; baseline 0.002 -25"><span class='ocrx_word' id='word_1_130' title='bbox 302 1904 373 1945; x_wconf 88' lang='lat' dir='ltr'><strong>nem</strong></span> <span class='ocrx_word' id='word_1_131' title='bbox 406 1884 504 1945; x_wconf 89' lang='lat' dir='ltr'><strong>lilinm</strong></span> <span class='ocrx_word' id='word_1_132' title='bbox 524 1906 613 1946; x_wconf 85' lang='lat' dir='ltr'><strong>anum</strong></span> <span class='ocrx_word' id='word_1_133' title='bbox 631 1884 854 1967; x_wconf 82' lang='lat' dir='ltr'><strong>imperatorem</strong></span> <span class='ocrx_word' id='word_1_134' title='bbox 885 1906 946 1969; x_wconf 87' lang='lat' dir='ltr'><strong>per</strong></span> <span class='ocrx_word' id='word_1_135' title='bbox 970 1886 1161 1949; x_wconf 78' lang='lat' dir='ltr'><strong>Anastasinm</strong></span> <span class='ocrx_word' id='word_1_136' title='bbox 1182 1884 1395 1970; x_wconf 71' lang='lat' dir='ltr'><strong>patriercham</strong></span> 
     </span>
     <span class='ocr_line' id='line_1_19' title="bbox 301 1975 662 2030; baseline 0 -1"><span class='ocrx_word' id='word_1_137' title='bbox 301 1975 543 2030; x_wconf 83' lang='lat' dir='ltr'><strong>consentaneum</strong></span> <span class='ocrx_word' id='word_1_138' title='bbox 563 1988 662 2029; x_wconf 84' lang='lat' dir='ltr'><strong>snum.</strong></span> 
     </span>
    </p>
   </div>
   <div class='ocr_carea' id='block_1_4' title="bbox 302 2088 1399 2764">
    <p class='ocr_par' dir='ltr' id='par_1_5' title="bbox 302 2088 1399 2764">
     <span class='ocr_line' id='line_1_20' title="bbox 383 2088 1393 2173; baseline 0.002 -18"><span class='ocrx_word' id='word_1_139' title='bbox 383 2092 492 2155; x_wconf 87' lang='lat' dir='ltr'><strong>Mundi</strong></span> <span class='ocrx_word' id='word_1_140' title='bbox 513 2114 594 2155; x_wconf 89' lang='lat' dir='ltr'><strong>anno</strong></span> <span class='ocrx_word' id='word_1_141' title='bbox 616 2088 707 2169; x_wconf 68' lang='lat'><strong>6242,</strong></span> <span class='ocrx_word' id='word_1_142' title='bbox 729 2093 851 2158; x_wconf 88' lang='lat' dir='ltr'><strong>divinae</strong></span> <span class='ocrx_word' id='word_1_143' title='bbox 873 2094 1092 2158; x_wconf 76' lang='lat' dir='ltr'><strong>incarnationis</strong></span> <span class='ocrx_word' id='word_1_144' title='bbox 1114 2118 1195 2158; x_wconf 86' lang='lat' dir='ltr'><strong>anno</strong></span> <span class='ocrx_word' id='word_1_145' title='bbox 1215 2094 1287 2173; x_wconf 68' lang='lat'><strong>742,</strong></span> <span class='ocrx_word' id='word_1_146' title='bbox 1309 2116 1393 2157; x_wconf 87' lang='lat' dir='ltr'><strong>anno</strong></span> 
     </span>
     <span class='ocr_line' id='line_1_21' title="bbox 302 2174 1394 2273; baseline 0.007 -38"><span class='ocrx_word' id='word_1_147' title='bbox 302 2194 378 2271; x_wconf 74' lang='lat' dir='ltr'><strong>vero</strong></span> <span class='ocrx_word' id='word_1_148' title='bbox 402 2174 525 2273; x_wconf 79' lang='lat' dir='ltr'><strong>imperii</strong></span> <span class='ocrx_word' id='word_1_149' title='bbox 551 2178 744 2240; x_wconf 85' lang='lat' dir='ltr'><strong>Constantini</strong></span> <span class='ocrx_word' id='word_1_150' title='bbox 778 2177 816 2241; x_wconf 87' lang='grc'><strong>10</strong></span> <span class='ocrx_word' id='word_1_151' title='bbox 838 2178 1005 2241; x_wconf 88' lang='lat' dir='ltr'><strong>Muhamed</strong></span> <span class='ocrx_word' id='word_1_152' title='bbox 1027 2180 1063 2241; x_wconf 83' lang='lat' dir='ltr'><strong>fit</strong></span> <span class='ocrx_word' id='word_1_153' title='bbox 1085 2180 1223 2241; x_wconf 76' lang='lat' dir='ltr'><strong>Arabum</strong></span> <span class='ocrx_word' id='word_1_154' title='bbox 1242 2180 1315 2250; x_wconf 76' lang='lat' dir='ltr'><strong>dux.</strong></span> <span class='ocrx_word' id='word_1_155' title='bbox 1338 2178 1394 2265; x_wconf 87' lang='lat' dir='ltr'><strong>qni</strong></span> 
     </span>
     <span class='ocr_line' id='line_1_22' title="bbox 303 2262 1396 2428; baseline 0.005 -26"><span class='ocrx_word' id='word_1_156' title='bbox 303 2278 517 2405; x_wconf 73' lang='lat' dir='ltr'><strong>ttltttltt</strong></span> <span class='ocrx_word' id='word_1_157' title='bbox 527 2262 948 2428; x_wconf 56' lang='lat' dir='ltr'><strong>litltltlttsttlt&#39;</strong></span> <span class='ocrx_word' id='word_1_158' title='bbox 960 2262 1396 2424; x_wconf 53' lang='lat' dir='ltr'><strong>assisinatensis</strong></span> 
     </span>
     <span class='ocr_line' id='line_1_23' title="bbox 303 2424 1399 2516; baseline 0.005 -30"><span class='ocrx_word' id='word_1_159' title='bbox 303 2424 490 2510; x_wconf 86' lang='lat' dir='ltr'><strong>interempta</strong></span> <span class='ocrx_word' id='word_1_160' title='bbox 501 2434 573 2488; x_wconf 88' lang='lat' dir='ltr'><strong>sunt</strong></span> <span class='ocrx_word' id='word_1_161' title='bbox 585 2449 619 2490; x_wconf 89' lang='lat' dir='ltr'><strong>ex</strong></span> <span class='ocrx_word' id='word_1_162' title='bbox 632 2428 673 2492; x_wconf 87' lang='lat' dir='ltr'><strong>eis</strong></span> <span class='ocrx_word' id='word_1_163' title='bbox 689 2426 720 2490; x_wconf 90' lang='lat' dir='ltr'><strong>in</strong></span> <span class='ocrx_word' id='word_1_164' title='bbox 741 2430 895 2493; x_wconf 86' lang='lat' dir='ltr'><strong>montanis</strong></span> <span class='ocrx_word' id='word_1_165' title='bbox 908 2430 1067 2494; x_wconf 81' lang='lat' dir='ltr'><strong>Hemessae</strong></span> <span class='ocrx_word' id='word_1_166' title='bbox 1079 2453 1138 2514; x_wconf 88' lang='lat' dir='ltr'><strong>per</strong></span> <span class='ocrx_word' id='word_1_167' title='bbox 1154 2429 1222 2495; x_wconf 84' lang='lat' dir='ltr'><strong>illos</strong></span> <span class='ocrx_word' id='word_1_168' title='bbox 1245 2439 1399 2516; x_wconf 88' lang='lat' dir='ltr'><strong>quattuor</strong></span> 
     </span>
     <span class='ocr_line' id='line_1_24' title="bbox 302 2507 1397 2598; baseline 0.005 -28"><span class='ocrx_word' id='word_1_169' title='bbox 302 2507 399 2572; x_wconf 87' lang='lat' dir='ltr'><strong>milia.</strong></span> <span class='ocrx_word' id='word_1_170' title='bbox 441 2509 474 2570; x_wconf 90' lang='lat' dir='ltr'><strong>id</strong></span> <span class='ocrx_word' id='word_1_171' title='bbox 495 2510 595 2592; x_wconf 87' lang='lat' dir='ltr'><strong>ipsum</strong></span> <span class='ocrx_word' id='word_1_172' title='bbox 616 2535 693 2574; x_wconf 88' lang='lat' dir='ltr'><strong>vero</strong></span> <span class='ocrx_word' id='word_1_173' title='bbox 715 2513 833 2577; x_wconf 84' lang='lat' dir='ltr'><strong>laetum</strong></span> <span class='ocrx_word' id='word_1_174' title='bbox 852 2525 898 2577; x_wconf 84' lang='lat' dir='ltr'><strong>est</strong></span> <span class='ocrx_word' id='word_1_175' title='bbox 920 2523 952 2576; x_wconf 87' lang='lat' dir='ltr'><strong>et</strong></span> <span class='ocrx_word' id='word_1_176' title='bbox 970 2537 1029 2598; x_wconf 90' lang='lat' dir='ltr'><strong>per</strong></span> <span class='ocrx_word' id='word_1_177' title='bbox 1052 2513 1198 2576; x_wconf 81' lang='lat' dir='ltr'><strong>Arabiam</strong></span> <span class='ocrx_word' id='word_1_178' title='bbox 1219 2515 1250 2576; x_wconf 93' lang='lat' dir='ltr'><strong>in</strong></span> <span class='ocrx_word' id='word_1_179' title='bbox 1273 2513 1397 2578; x_wconf 82' lang='lat' dir='ltr'><strong>Chalei-</strong></span> 
     </span>
     <span class='ocr_line' id='line_1_25' title="bbox 304 2591 1396 2684; baseline 0.005 -30"><span class='ocrx_word' id='word_1_180' title='bbox 304 2613 360 2654; x_wconf 88' lang='lat' dir='ltr'><strong>nos</strong></span> <span class='ocrx_word' id='word_1_181' title='bbox 382 2591 420 2655; x_wconf 90' lang='lat' dir='ltr'><strong>ab</strong></span> <span class='ocrx_word' id='word_1_182' title='bbox 440 2593 553 2658; x_wconf 89' lang='lat' dir='ltr'><strong>eisdem</strong></span> <span class='ocrx_word' id='word_1_183' title='bbox 585 2595 694 2657; x_wconf 87' lang='lat' dir='ltr'><strong>Persis.</strong></span> <span class='ocrx_word' id='word_1_184' title='bbox 736 2618 809 2659; x_wconf 86' lang='lat' dir='ltr'><strong>eum</strong></span> <span class='ocrx_word' id='word_1_185' title='bbox 842 2607 945 2660; x_wconf 88' lang='lat' dir='ltr'><strong>sutem</strong></span> <span class='ocrx_word' id='word_1_186' title='bbox 965 2606 1061 2680; x_wconf 86' lang='lat' dir='ltr'><strong>capnt</strong></span> <span class='ocrx_word' id='word_1_187' title='bbox 1083 2597 1247 2661; x_wconf 84' lang='lat' dir='ltr'><strong>Maruham</strong></span> <span class='ocrx_word' id='word_1_188' title='bbox 1264 2599 1396 2684; x_wconf 80' lang='lat' dir='ltr'><strong>myrrha</strong></span> 
     </span>
     <span class='ocr_line' id='line_1_26' title="bbox 302 2676 1370 2764; baseline 0.004 -24"><span class='ocrx_word' id='word_1_189' title='bbox 302 2676 465 2740; x_wconf 79' lang='lat' dir='ltr'><strong>eonditum</strong></span> <span class='ocrx_word' id='word_1_190' title='bbox 485 2679 590 2742; x_wconf 85' lang='lat' dir='ltr'><strong>fuisset</strong></span> <span class='ocrx_word' id='word_1_191' title='bbox 612 2678 748 2758; x_wconf 89' lang='lat' dir='ltr'><strong>allatum,</strong></span> <span class='ocrx_word' id='word_1_192' title='bbox 769 2681 874 2764; x_wconf 82' lang='lat' dir='ltr'><strong>plures</strong></span> <span class='ocrx_word' id='word_1_193' title='bbox 896 2704 915 2742; x_wconf 88' lang='lat' dir='ltr'><strong>a</strong></span> <span class='ocrx_word' id='word_1_194' title='bbox 935 2681 1141 2744; x_wconf 86' lang='lat' dir='ltr'><strong>simultatibus</strong></span> <span class='ocrx_word' id='word_1_195' title='bbox 1162 2691 1370 2746; x_wconf 82' lang='lat' dir='ltr'><strong>cessaverunt.</strong></span> 
     </span>
    </p>
   </div>
   <div class='ocr_carea' id='block_1_5' title="bbox 301 2799 1394 3216">
    <p class='ocr_par' dir='ltr' id='par_1_6' title="bbox 301 2799 1394 3216">
     <span class='ocr_line' id='line_1_27' title="bbox 386 2799 1394 2889; baseline 0.01 -28"><span class='ocrx_word' id='word_1_196' title='bbox 386 2802 475 2861; x_wconf 75' lang='lat' dir='ltr'><strong>Anno</strong></span> <span class='ocrx_word' id='word_1_197' title='bbox 510 2799 632 2882; x_wconf 87' lang='lat' dir='ltr'><strong>imperii</strong></span> <span class='ocrx_word' id='word_1_198' title='bbox 662 2803 709 2864; x_wconf 89' lang='lat' dir='ltr'><strong>sui</strong></span> <span class='ocrx_word' id='word_1_199' title='bbox 744 2802 780 2863; x_wconf 91' lang='lat' dir='ltr'><strong>ll</strong></span> <span class='ocrx_word' id='word_1_200' title='bbox 813 2803 1031 2866; x_wconf 79' lang='lat' dir='ltr'><strong>Constantinus</strong></span> <span class='ocrx_word' id='word_1_201' title='bbox 1059 2803 1338 2889; x_wconf 86' lang='lat' dir='ltr'><strong>Tlxeodosiopolim</strong></span> <span class='ocrx_word' id='word_1_202' title='bbox 1360 2818 1394 2872; x_wconf 88' lang='lat' dir='ltr'><strong>et</strong></span> 
     </span>
     <span class='ocr_line' id='line_1_28' title="bbox 302 2881 1394 2968; baseline 0.01 -27"><span class='ocrx_word' id='word_1_203' title='bbox 302 2881 480 2944; x_wconf 79' lang='lat' dir='ltr'><strong>Melitenam</strong></span> <span class='ocrx_word' id='word_1_204' title='bbox 508 2886 611 2964; x_wconf 88' lang='lat' dir='ltr'><strong>cepit,</strong></span> <span class='ocrx_word' id='word_1_205' title='bbox 645 2895 677 2946; x_wconf 87' lang='lat' dir='ltr'><strong>et</strong></span> <span class='ocrx_word' id='word_1_206' title='bbox 706 2887 845 2968; x_wconf 80' lang='lat' dir='ltr'><strong>captivos</strong></span> <span class='ocrx_word' id='word_1_207' title='bbox 866 2888 955 2950; x_wconf 88' lang='lat' dir='ltr'><strong>duxit</strong></span> <span class='ocrx_word' id='word_1_208' title='bbox 982 2889 1152 2950; x_wconf 78' lang='lat' dir='ltr'><strong>Amnenios.</strong></span> <span class='ocrx_word' id='word_1_209' title='bbox 1207 2889 1394 2954; x_wconf 87' lang='lat' dir='ltr'><strong>Theodorus</strong></span> 
     </span>
     <span class='ocr_line' id='line_1_29' title="bbox 303 2966 1394 3120; baseline 0.01 -96"><span class='ocrx_word' id='word_1_210' title='bbox 303 2985 430 3062; x_wconf 65' lang='lat' dir='ltr'><strong>quoque</strong></span> <span class='ocrx_word' id='word_1_211' title='bbox 451 2966 1139 3116; x_wconf 41' lang='lat' dir='ltr'><strong>lssipgovppalpicitpxipippiipczppbiaetopinnplns,</strong></span> <span class='ocrx_word' id='word_1_212' title='bbox 1160 2973 1299 3120; x_wconf 56' lang='lat' dir='ltr'><strong>obpupte</strong></span> <span class='ocrx_word' id='word_1_213' title='bbox 1319 2997 1394 3074; x_wconf 41' lang='lat' dir='ltr'><strong>san..</strong></span> 
     </span>
     <span class='ocr_line' id='line_1_30' title="bbox 301 3058 1393 3216; baseline 0.011 -24"><span class='ocrx_word' id='word_1_214' title='bbox 301 3058 512 3216; x_wconf 59' lang='lat' dir='ltr'><strong>:dislburldeluit</strong></span> <span class='ocrx_word' id='word_1_215' title='bbox 533 3071 621 3195; x_wconf 72' lang='lat' dir='ltr'><strong>abeis</strong></span> <span class='ocrx_word' id='word_1_216' title='bbox 642 3136 801 3198; x_wconf 84' lang='lat' dir='ltr'><strong>eeclesiae.</strong></span> <span class='ocrx_word' id='word_1_217' title='bbox 853 3079 861 3115; x_wconf 82' lang='lat'>¹</span> <span class='ocrx_word' id='word_1_218' title='bbox 883 3075 995 3138; x_wconf 56' lang='lat' dir='ltr'><strong>epu</strong></span> <span class='ocrx_word' id='word_1_219' title='bbox 1025 3077 1060 3117; x_wconf 60' lang='lat' dir='ltr'><strong>m</strong></span> <span class='ocrx_word' id='word_1_220' title='bbox 1083 3079 1100 3117; x_wconf 71' lang='lat'><em>8</em></span> <span class='ocrx_word' id='word_1_221' title='bbox 1120 3077 1199 3138; x_wconf 62' lang='lat' dir='ltr'><strong>pm</strong></span> <span class='ocrx_word' id='word_1_222' title='bbox 1221 3079 1250 3120; x_wconf 78' lang='lat'><strong>0¹</strong></span> <span class='ocrx_word' id='word_1_223' title='bbox 1265 3080 1314 3136; x_wconf 59' lang='lat' dir='ltr'><strong>ul,</strong></span> <span class='ocrx_word' id='word_1_224' title='bbox 1337 3081 1393 3143; x_wconf 70' lang='lat' dir='ltr'><strong>qm</strong></span> 
     </span>
    </p>
   </div>
   <div class='ocr_carea' id='block_1_6' title="bbox 203 3241 1394 3498">
    <p class='ocr_par' dir='ltr' id='par_1_7' title="bbox 203 3241 1394 3498">
     <span class='ocr_line' id='line_1_31' title="bbox 203 3241 1394 3332; baseline 0.009 -31"><span class='ocrx_word' id='word_1_225' title='bbox 203 3262 231 3317; x_wconf 81' lang='lat' dir='ltr'><strong>p·</strong></span> <span class='ocrx_word' id='word_1_226' title='bbox 241 3247 294 3302; x_wconf 83' lang='grc'><strong>659</strong></span> <span class='ocrx_word' id='word_1_227' title='bbox 384 3243 475 3303; x_wconf 80' lang='lat' dir='ltr'><strong>Anno</strong></span> <span class='ocrx_word' id='word_1_228' title='bbox 488 3241 611 3325; x_wconf 89' lang='lat' dir='ltr'><strong>imperii</strong></span> <span class='ocrx_word' id='word_1_229' title='bbox 623 3242 669 3305; x_wconf 84' lang='lat' dir='ltr'><strong>sui</strong></span> <span class='ocrx_word' id='word_1_230' title='bbox 685 3241 722 3304; x_wconf 74' lang='lat'><strong>19</strong></span> <span class='ocrx_word' id='word_1_231' title='bbox 735 3243 955 3308; x_wconf 84' lang='lat' dir='ltr'><strong>Constantinus</strong></span> <span class='ocrx_word' id='word_1_232' title='bbox 969 3247 1082 3332; x_wconf 89' lang='lat' dir='ltr'><strong>impius</strong></span> <span class='ocrx_word' id='word_1_233' title='bbox 1096 3247 1279 3330; x_wconf 87' lang='lat' dir='ltr'><strong>imperator,</strong></span> <span class='ocrx_word' id='word_1_234' title='bbox 1294 3249 1394 3312; x_wconf 76' lang='lat' dir='ltr'><strong>elatus</strong></span> 
     </span>
     <span class='ocr_line' id='line_1_32' title="bbox 301 3325 1390 3410; baseline 0.01 -27"><span class='ocrx_word' id='word_1_235' title='bbox 301 3343 400 3401; x_wconf 83' lang='lat' dir='ltr'><strong>sensu,</strong></span> <span class='ocrx_word' id='word_1_236' title='bbox 422 3325 518 3388; x_wconf 89' lang='lat' dir='ltr'><strong>multa</strong></span> <span class='ocrx_word' id='word_1_237' title='bbox 541 3333 653 3387; x_wconf 87' lang='lat' dir='ltr'><strong>eontra</strong></span> <span class='ocrx_word' id='word_1_238' title='bbox 668 3327 825 3389; x_wconf 81' lang='lat' dir='ltr'><strong>ecelesiam</strong></span> <span class='ocrx_word' id='word_1_239' title='bbox 846 3339 880 3391; x_wconf 89' lang='lat' dir='ltr'><strong>et</strong></span> <span class='ocrx_word' id='word_1_240' title='bbox 895 3331 1102 3394; x_wconf 79' lang='lat' dir='ltr'><strong>orthodoxam</strong></span> <span class='ocrx_word' id='word_1_241' title='bbox 1122 3332 1214 3395; x_wconf 86' lang='lat' dir='ltr'><strong>tidem</strong></span> <span class='ocrx_word' id='word_1_242' title='bbox 1230 3329 1390 3410; x_wconf 80' lang='lat' dir='ltr'><strong>meditans,</strong></span> 
     </span>
     <span class='ocr_line' id='line_1_33' title="bbox 302 3407 1392 3498; baseline 0.01 -32"><span class='ocrx_word' id='word_1_243' title='bbox 302 3416 333 3467; x_wconf 83' lang='lat' dir='ltr'><strong>et</strong></span> <span class='ocrx_word' id='word_1_244' title='bbox 353 3407 473 3470; x_wconf 87' lang='lat' dir='ltr'><strong>silentia</strong></span> <span class='ocrx_word' id='word_1_245' title='bbox 495 3429 553 3490; x_wconf 88' lang='lat' dir='ltr'><strong>per</strong></span> <span class='ocrx_word' id='word_1_246' title='bbox 565 3409 698 3494; x_wconf 77' lang='lat' dir='ltr'><strong>singulos</strong></span> <span class='ocrx_word' id='word_1_247' title='bbox 720 3409 784 3474; x_wconf 84' lang='lat' dir='ltr'><strong>dies</strong></span> <span class='ocrx_word' id='word_1_248' title='bbox 799 3414 921 3495; x_wconf 84' lang='lat' dir='ltr'><strong>faciens,</strong></span> <span class='ocrx_word' id='word_1_249' title='bbox 938 3418 1090 3498; x_wconf 86' lang='lat' dir='ltr'><strong>populum</strong></span> <span class='ocrx_word' id='word_1_250' title='bbox 1107 3415 1279 3480; x_wconf 85' lang='lat' dir='ltr'><strong>adsensum</strong></span> <span class='ocrx_word' id='word_1_251' title='bbox 1302 3438 1392 3477; x_wconf 88' lang='lat' dir='ltr'><strong>sunm</strong></span> 
     </span>
    </p>
   </div>
   <div class='ocr_carea' id='block_1_7' title="bbox 302 3489 1393 3637">
    <p class='ocr_par' dir='ltr' id='par_1_8' title="bbox 302 3489 1393 3637">
     <span class='ocr_line' id='line_1_34' title="bbox 303 3489 1393 3634; baseline 0.012 -84"><span class='ocrx_word' id='word_1_252' title='bbox 303 3489 420 3634; x_wconf 53' lang='grc' dir='ltr'><strong>ἰηῌειιίῑ</strong></span> <span class='ocrx_word' id='word_1_253' title='bbox 442 3491 607 3556; x_wconf 83' lang='lat' dir='ltr'><strong>infeliciter</strong></span> <span class='ocrx_word' id='word_1_254' title='bbox 630 3495 888 3578; x_wconf 84' lang='lat' dir='ltr'><strong>consectandum,</strong></span> <span class='ocrx_word' id='word_1_255' title='bbox 909 3499 1054 3582; x_wconf 83' lang='lat' dir='ltr'><strong>praevius</strong></span> <span class='ocrx_word' id='word_1_256' title='bbox 1078 3501 1203 3564; x_wconf 86' lang='lat' dir='ltr'><strong>laturae</strong></span> <span class='ocrx_word' id='word_1_257' title='bbox 1225 3498 1393 3584; x_wconf 84' lang='lat' dir='ltr'><strong>impietatis</strong></span> 
     </span>
     <span class='ocr_line' id='line_1_35' title="bbox 302 3595 442 3637; baseline -0.007 0"><span class='ocrx_word' id='word_1_258' title='bbox 302 3595 361 3637; x_wconf 86' lang='lat' dir='ltr'><strong>exn</strong></span> <span class='ocrx_word' id='word_1_259' title='bbox 378 3597 442 3637; x_wconf 87' lang='lat' dir='ltr'><strong>ans.</strong></span> 
     </span>
    </p>
   </div>
   <div class='ocr_carea' id='block_1_8' title="bbox 301 3683 1393 4184">
    <p class='ocr_par' dir='ltr' id='par_1_9' title="bbox 301 3683 1393 4184">
     <span class='ocr_line' id='line_1_36' title="bbox 384 3683 1391 3776; baseline 0.009 -33"><span class='ocrx_word' id='word_1_260' title='bbox 384 3684 474 3744; x_wconf 79' lang='lat' dir='ltr'><strong>Anno</strong></span> <span class='ocrx_word' id='word_1_261' title='bbox 503 3683 625 3768; x_wconf 86' lang='lat' dir='ltr'><strong>imperii</strong></span> <span class='ocrx_word' id='word_1_262' title='bbox 660 3684 854 3750; x_wconf 84' lang='lat' dir='ltr'><strong>Constantini</strong></span> <span class='ocrx_word' id='word_1_263' title='bbox 885 3687 924 3752; x_wconf 83' lang='lat'><strong>13</strong></span> <span class='ocrx_word' id='word_1_264' title='bbox 953 3691 1127 3754; x_wconf 79' lang='lat' dir='ltr'><strong>Anastasius</strong></span> <span class='ocrx_word' id='word_1_265' title='bbox 1147 3691 1311 3766; x_wconf 84' lang='lat' dir='ltr'><strong>scelestus,</strong></span> <span class='ocrx_word' id='word_1_266' title='bbox 1335 3691 1391 3776; x_wconf 87' lang='lat' dir='ltr'><strong>qni</strong></span> 
     </span>
     <span class='ocr_line' id='line_1_37' title="bbox 301 3765 1392 3858; baseline 0.008 -32"><span class='ocrx_word' id='word_1_267' title='bbox 301 3765 448 3830; x_wconf 79' lang='lat' dir='ltr'><strong>eeclesiae</strong></span> <span class='ocrx_word' id='word_1_268' title='bbox 471 3767 586 3830; x_wconf 88' lang='lat' dir='ltr'><strong>throno</strong></span> <span class='ocrx_word' id='word_1_269' title='bbox 617 3771 981 3855; x_wconf 87' lang='lat' dir='ltr'><strong>Constantinopolitanae</strong></span> <span class='ocrx_word' id='word_1_270' title='bbox 1009 3775 1155 3858; x_wconf 74' lang='lat' dir='ltr'><strong>praefuit,</strong></span> <span class='ocrx_word' id='word_1_271' title='bbox 1179 3784 1323 3838; x_wconf 80' lang='lat' dir='ltr'><strong>mortuus</strong></span> <span class='ocrx_word' id='word_1_272' title='bbox 1346 3782 1392 3837; x_wconf 86' lang='lat' dir='ltr'><strong>est</strong></span> 
     </span>
     <span class='ocr_line' id='line_1_38' title="bbox 302 3850 1393 3955; baseline 0.012 -48"><span class='ocrx_word' id='word_1_273' title='bbox 302 3871 439 3934; x_wconf 88' lang='lat' dir='ltr'><strong>corpore</strong></span> <span class='ocrx_word' id='word_1_274' title='bbox 465 3850 555 3914; x_wconf 88' lang='lat' dir='ltr'><strong>simul</strong></span> <span class='ocrx_word' id='word_1_275' title='bbox 587 3864 619 3916; x_wconf 87' lang='lat' dir='ltr'><strong>et</strong></span> <span class='ocrx_word' id='word_1_276' title='bbox 640 3854 762 3936; x_wconf 85' lang='lat' dir='ltr'><strong>anima,</strong></span> <span class='ocrx_word' id='word_1_277' title='bbox 795 3857 962 3920; x_wconf 85' lang='lat' dir='ltr'><strong>miserabili</strong></span> <span class='ocrx_word' id='word_1_278' title='bbox 991 3859 1132 3940; x_wconf 86' lang='lat' dir='ltr'><strong>passione</strong></span> <span class='ocrx_word' id='word_1_279' title='bbox 1158 3880 1239 3955; x_wconf 79' lang='lat' dir='ltr'><strong>qnae</strong></span> <span class='ocrx_word' id='word_1_280' title='bbox 1274 3857 1393 3920; x_wconf 85' lang='lat' dir='ltr'><strong>dieitur</strong></span> 
     </span>
     <span class='ocr_line' id='line_1_39' title="bbox 302 3931 1392 4024; baseline 0.01 -32"><span class='ocrx_word' id='word_1_281' title='bbox 302 3931 492 4015; x_wconf 84' lang='lat' dir='ltr'><strong>eliordapsos</strong></span> <span class='ocrx_word' id='word_1_282' title='bbox 513 3935 667 4017; x_wconf 80' lang='lat' dir='ltr'><strong>fatigatus,</strong></span> <span class='ocrx_word' id='word_1_283' title='bbox 689 3959 760 3998; x_wconf 88' lang='lat' dir='ltr'><strong>eum</strong></span> <span class='ocrx_word' id='word_1_284' title='bbox 780 3947 899 4002; x_wconf 82' lang='lat' dir='ltr'><strong>stercus</strong></span> <span class='ocrx_word' id='word_1_285' title='bbox 919 3963 978 4024; x_wconf 90' lang='lat' dir='ltr'><strong>per</strong></span> <span class='ocrx_word' id='word_1_286' title='bbox 998 3964 1032 4005; x_wconf 88' lang='lat' dir='ltr'><strong>os</strong></span> <span class='ocrx_word' id='word_1_287' title='bbox 1052 3951 1248 4020; x_wconf 80' lang='lat' dir='ltr'><strong>evomuisset,</strong></span> <span class='ocrx_word' id='word_1_288' title='bbox 1265 3940 1392 4024; x_wconf 81' lang='lat' dir='ltr'><strong>dignam</strong></span> 
     </span>
     <span class='ocr_line' id='line_1_40' title="bbox 302 4015 1393 4111; baseline 0.012 -35"><span class='ocrx_word' id='word_1_289' title='bbox 302 4015 444 4078; x_wconf 86' lang='lat' dir='ltr'><strong>exolvens</strong></span> <span class='ocrx_word' id='word_1_290' title='bbox 466 4015 643 4095; x_wconf 85' lang='lat' dir='ltr'><strong>vindictam,</strong></span> <span class='ocrx_word' id='word_1_291' title='bbox 668 4041 729 4102; x_wconf 87' lang='lat' dir='ltr'><strong>pro</strong></span> <span class='ocrx_word' id='word_1_292' title='bbox 751 4021 879 4084; x_wconf 77' lang='lat' dir='ltr'><strong>asidaeis</strong></span> <span class='ocrx_word' id='word_1_293' title='bbox 900 4025 1026 4104; x_wconf 84' lang='lat' dir='ltr'><strong>seilicet,</strong></span> <span class='ocrx_word' id='word_1_294' title='bbox 1049 4049 1144 4111; x_wconf 87' lang='lat' dir='ltr'><strong>quam</strong></span> <span class='ocrx_word' id='word_1_295' title='bbox 1166 4024 1393 4089; x_wconf 73' lang='lat' dir='ltr'><strong>contradens</strong></span> 
     </span>
     <span class='ocr_line' id='line_1_41' title="bbox 303 4102 952 4184; baseline 0.015 -24"><span class='ocrx_word' id='word_1_296' title='bbox 303 4107 474 4184; x_wconf 75' lang='lat' dir='ltr'><strong>contraque</strong></span> <span class='ocrx_word' id='word_1_297' title='bbox 494 4102 676 4184; x_wconf 79' lang='lat' dir='ltr'><strong>magistrum</strong></span> <span class='ocrx_word' id='word_1_298' title='bbox 696 4127 787 4166; x_wconf 88' lang='lat' dir='ltr'><strong>snam</strong></span> <span class='ocrx_word' id='word_1_299' title='bbox 804 4105 952 4170; x_wconf 86' lang='lat' dir='ltr'><strong>exhibuit.</strong></span> 
     </span>
    </p>
   </div>
   <div class='ocr_carea' id='block_1_9' title="bbox 384 4207 1393 4302">
    <p class='ocr_par' dir='ltr' id='par_1_10' title="bbox 384 4207 1393 4302">
     <span class='ocr_line' id='line_1_42' title="bbox 384 4207 1393 4302; baseline 0.007 -32"><span class='ocrx_word' id='word_1_300' title='bbox 384 4207 506 4272; x_wconf 84' lang='lat' dir='ltr'><strong>Eodem</strong></span> <span class='ocrx_word' id='word_1_301' title='bbox 539 4231 667 4298; x_wconf 83' lang='lat' dir='ltr'><strong>quoqne</strong></span> <span class='ocrx_word' id='word_1_302' title='bbox 698 4231 782 4275; x_wconf 88' lang='lat' dir='ltr'><strong>anno</strong></span> <span class='ocrx_word' id='word_1_303' title='bbox 818 4223 852 4278; x_wconf 86' lang='lat' dir='ltr'><strong>et</strong></span> <span class='ocrx_word' id='word_1_304' title='bbox 882 4215 1101 4280; x_wconf 82' lang='lat' dir='ltr'><strong>Constantinus</strong></span> <span class='ocrx_word' id='word_1_305' title='bbox 1137 4215 1248 4302; x_wconf 84' lang='lat' dir='ltr'><strong>impius</strong></span> <span class='ocrx_word' id='word_1_306' title='bbox 1278 4225 1393 4280; x_wconf 74' lang='lat' dir='ltr'><strong>eontra</strong></span> 
     </span>
    </p>
   </div>
   <div class='ocr_carea' id='block_1_10' title="bbox 0 0 1530 4900">
    <p class='ocr_par' dir='ltr' id='par_1_11' title="bbox 0 0 1530 4900">
     <span class='ocr_line' id='line_1_43' title="bbox 0 0 1530 4900; baseline 0 0"><span class='ocrx_word' id='word_1_307' title='bbox 0 0 1530 4900; x_wconf 95' lang='lat' dir='ltr'><strong> </strong></span> 
     </span>
    </p>
   </div>
  </div>
 </body>
</html>
