3050 4900
316 343 393 422 694
685 360 743 426 ΑΙ)
768 359 1045 442 ΤΗΕΟΡΗΑΝΕΜ

400 525 476 607 517,
494 525 526 590 9.
566 525 866 626 παραφωσσατεάει]
902 527 996 591 Cedr.
1032 549 1090 592 nec
1120 529 1203 612 quod
1224 527 1333 591 editum
1355 551 1383 592 cr

318 613 396 694 Reg.
415 632 504 693 παρα
530 631 686 692 macerat,
710 613 794 673 aiiud
816 615 855 676 sit
878 635 971 696 quam
1003 635 1061 682 vox
1086 612 1226 694 imperite
1244 623 1382 674 truncata.

317 697 348 756 io
366 697 460 778 Peyr.
494 632 698 756 diruentem
730 692 759 756 oi
787 693 967 777 Σαρατηνυί
992 693 1159 776 Repudia:
1194 695 1333 778 glossema
1351 697 1385 756 sit

317 777 499 841 recentioris
532 776 720 861 antiquarii,
752 778 796 838 ita
818 779 900 841 forte
920 787 1040 841 motato
1062 781 1157 842 amnis
1177 781 1386 856 συντάσσεται]

315 861 393 925 baec
413 861 579 942 exscripsit.
623 883 694 921 nam
712 861 788 923 nulli
812 871 981 946 agnoscunt
1001 861 1063 924 alii.

398 967 470 1046 518,
489 968 518 1030 9.
559 967 712 1049 κατέλαβε
733 969 788 1052 δέ]
813 971 955 1032 omissum
975 969 1005 1032 in
1026 991 1107 1032 vers.
1132 971 1209 1030 venit
1228 981 1324 1032 antem
1333 965 1386 1028 Sa·

316 1052 456 1112 cellarius
477 1051 525 1112 σά
550 1052 697 1118 Baanem.
725 1050 953 1126 στασιάσαντες
974 1053 1009 1114 δὲ
1032 1047 1072 1115 oi.
1104 1057 1179 1136 lieg.
1201 1062 1259 1114 etc.
1279 1046 1388 1122 εἰςτὰς

318 1133 492 1208 στενάδσυς.
516 1133 609 1196 Cedr.
630 1135 725 1219 paulo
748 1137 903 1198 usitatiori
931 1158 1018 1216 voce,
1040 1136 1086 1210 εἰς
1106 1133 1179 1208 τούς
1197 1133 1370 1204 στενάπυυς.

399 1259 479 1321 Ittd.
506 1264 554 1327 17.
605 1267 821 1341 κατηγορεῖται
838 1259 967 1344 Κῦρος]
1004 1261 1130 1342 exponit
1157 1261 1189 1322 S.
1211 1258 1387 1340 Nicephorus

319 1343 393 1427 Cyri
424 1343 483 1403 hac
503 1344 534 1404 in
553 1352 644 1425 parte
663 1347 760 1406 solers
782 1344 953 1422 consilium,
979 1353 1011 1406 et
1031 1353 1066 1404 ut
1087 1355 1227 1425 spretum
1246 1345 1320 1402 male
1334 1341 1389 1402 He-

319 1427 417 1490 raclio
440 1429 577 1508 cesserit,
597 1430 703 1489 emissa
724 1434 877 1512 Aegypto,
899 1427 1012 1510 negatis
1035 1428 1186 1488 Arabibus
1206 1425 1336 1488 tributis.

403 1528 475 1602 519,
495 1525 525 1588 5.
567 1523 635 1590 ά11’
656 1522 717 1608 ἐγώ
738 1521 877 1598 ἔνοπλος.
907 1521 1106 1604 συνάψαντες
1133 1520 1214 1588 κατά
1235 1517 1389 1604 Μανσυήλ]

320 1610 396 1695 Reg.
418 1618 476 1671 etc.
495 1611 566 1688 μετ’
588 1609 702 1690 ὀλίγων
722 1611 824 1672 τινῶν.
845 1611 936 1694 Peyr.
961 1621 1020 1672 etc.
1042 1604 1122 1691 πρὸς
1143 1603 1178 1672 τά
1197 1615 1310 1670 πεῖσαι.

403 1718 482 1782 trid.
506 1722 555 1786 17.
598 1712 720 1800 ἔφησαν
740 1715 789 1798 δέ,
811 1716 886 1780 ου’άὲ
905 1713 993 1799 ἡμῖν]
1016 1718 1090 1802 Reg.
1109 1717 1204 1802 Peyr.
1226 1725 1283 1780 eto.

404 1823 478 1902 590,
502 1823 552 1892 14.
593 1823 652 1898 ἕως
674 1813 715 1885 σά
734 1818 928 1906 ἑπλάθησαν]
951 1825 1054 1888 iidem.

406 1937 479 2007 591,
490 1931 519 1992 9.
560 1929 606 2004 εἷς
629 1931 790 2007 Χαλκίδα]
812 1935 1003 2013 Reg.Anast.
1026 1931 1072 1994 ati
1092 1931 1187 1992 etiam
1203 1931 1282 1993 bene
1300 1947 1391 1990 emen.

322 2013 430 2077 datum
449 2015 578 2098 inPcyr.
604 2035 706 2097 neque
727 2015 809 2076 enim
826 2015 1107 2078 iasdusSaracenus
1131 2013 1322 2076 Chalcedone
1339 2034 1389 2094 po·

235 2163 239 2171 ,
324 2099 478 2174 tiebatur,
501 2108 554 2159 aut
586 2100 715 2178 loannes
747 2099 810 2158 illic
831 2098 907 2158 clam
942 2099 1129 2182 imperatore
1150 2110 1243 2180 pacta
1262 2093 1391 2158 eiusmodi

324 2180 405 2328 icnlilrp
423 2181 602 2326 'potuissets
634 2201 720 2242 aecus
753 2182 783 2243 in
820 2181 920 2243 vicina
952 2183 1152 2260 Osrhois'nae,
1185 2181 1233 2244 cui
1260 2185 1392 2266 praeerit,

374 2287 430 2326 aci
455 2287 481 2326 e.

410 2381 496 2446 Ibid.
521 2378 569 2444 18.
610 2372 855 2459 ἐπεστράτευσεν
871 2375 993 2460 ¹Io'i'doe]
1017 2382 1091 2465 neg.
1111 2381 1205 2444 etism
1225 2384 1322 2444 Anast.
1341 2377 1394 2438 lai·

327 2464 403 2539 άιιε,
438 2465 544 2549 quiet
575 2464 684 2548 legerit
705 2464 840 2542 ε’πὲρασε
872 2464 1065 2541 πανστρατεί
1086 2462 1142 2527 τόυ
1163 2460 1340 2549 Εὐφράτην,
1360 2464 1394 2521 ita

329 2548 471 2627 reddens,
491 2550 686 2611 transmeavit
715 2570 782 2609 cum
814 2551 897 2611 omni
911 2550 1023 2610 militia
1044 2571 1098 2609 ευα
1118 2550 1317 2633 Euphratem
1334 2554 1395 2627 apte

209 2711 212 2716 Ι
328 2656 415 2706 sane,
439 2656 509 2695 nam
528 2644 619 2779 iiam
650 2631 713 2693 eius
744 2654 816 2691 cum
843 2632 935 2693 Cetea
958 2634 988 2691 in
1010 2631 1070 2693 hoc
1092 2642 1194 2709 erant,
1217 2630 1274 2693 rori
1290 2626 1330 2709 μὴ
1349 2647 1395 2687 πε·

229 2719 249 2765 ·‘
328 2712 426 2797 ράσαι
456 2712 509 2778 τὸν
558 2711 720 2799 σ’φράτην,
753 2728 866 2776 utnon
897 2717 1051 2777 traiiceret
1074 2716 1279 2801 Euphratem
1300 2712 1394 2797 quibus

330 2809 442 2881 negato
464 2799 583 2862 tributo
611 2800 727 2874 solutis,
750 2796 793 2857 ita
822 2798 956 2875 traiecit,
981 2820 1016 2859 ac
1039 2800 1292 2881 Mesopotamiam
1311 2804 1395 2857 totam

329 2882 512 2965 subiugavit.
554 2872 746 2961 άπὲρχστται
765 2876 819 2943 ε’πί
842 2880 1073 2943 devoraveras.
1092 2882 1167 2965 Reg.
1192 2891 1250 2945 etc.

411 2998 482 3074 599,
506 3003 554 3065 17.
610 2994 793 3077 άάεριάσας]
817 2998 886 3057 Bar.
916 2997 1007 3081 Peyr.
1030 3008 1089 3060 etc.
1111 3000 1190 3061 maie
1210 3022 1243 3063 ex
1265 2998 1333 3078 Περ.
1351 3012 1395 3053 er·

330 3102 478 3165 pressum,
498 3076 662 3158 ὖάριάσας.
693 3080 724 3139 S.
752 3080 917 3162 Nicephor.
950 3074 1032 3165 νάσῳ
1062 3078 1195 3165 άάερινῇ
1226 3078 1395 3161 περιπίπτει.

330 3167 483 3227 euersum
503 3165 605 3225 nrorbo
631 3165 815 3247 εστνίρίιατς
847 3162 979 3225 distorto
1000 3162 1090 3226 foede
1120 3164 1261 3227 membro
1279 3158 1395 3251 genitali,
1483 3216 1484 3222 ,

331 3260 368 3309 ut
388 3248 536 3329 mingenti
557 3251 679 3308 urinam
700 3249 729 3306 in
761 3268 795 3307 os
819 3256 995 3330 regererct3
1020 3246 1104 3331 qood
1128 3248 1179 3309 iiie
1205 3248 1267 3312 eius
1288 3243 1396 3307 ascribit

331 3330 555 3415 impudicitiae,
575 3340 670 3413 atque
693 3330 813 3392 incestis
833 3352 903 3391 cum
917 3332 1052 3393 Martios
1076 3332 1203 3414 nuptiis.
1242 3330 1295 3393 roi
1314 3321 1394 3405 flde-

331 3434 390 3498 ρσυ
410 3408 617 3494 πατριάρχου.
636 3414 713 3495 fleg.
730 3421 788 3474 etc.

412 3527 485 3605 593,
504 3534 554 3595 91.
597 3527 637 3589 δι’
654 3520 888 3605 Ἠρακλειανιῖν]
910 3544 1035 3612 propter
1053 3530 1288 3605 Heracleonem,
1313 3532 1342 3587 et
1364 3516 1395 3581 ed

332 3614 529 3675 asserendum
542 3610 768 3693 iiiiimperimn.
784 3613 827 3673 sio
839 3612 918 3674 bene
930 3618 1033 3675 Anast.
1051 3634 1112 3674 non
1129 3616 1171 3673 ita
1188 3612 1260 3673 nori
1280 3611 1394 3687 interpr·

327 3718 389 3781 per
405 3696 644 3772 Heracleonear,
665 3694 752 3779 quasi
782 3694 833 3757 ilie
854 3696 989 3759 nefariae
1011 3696 1094 3757 necis
1115 3694 1291 3759 administer
1304 3689 1394 3761 suerit,

333 3780 382 3841 vei
409 3780 441 3840 id
475 3780 503 3841 ei
525 3780 673 3839 Constans
695 3778 846 3854 ascribat,
872 3776 957 3863 quod
989 3778 1081 3861 longe
1108 3801 1127 3841 a
1156 3801 1232 3842 vero
1255 3782 1311 3853 est,
1332 3781 1391 3833 eta

333 3874 438 3925 mente
459 3863 603 3925 auctoris.
642 3882 752 3923 vocem
773 3860 929 3939 α’θεμάως
946 3882 1008 3923 non
1031 3860 1134 3924 reddit
1157 3864 1194 3925 P.
1217 3866 1323 3923 Goar=
1342 3854 1396 3916 ille·

331 3949 434 4027 gitime
455 3959 591 4018 πσευινη·
612 3966 723 4025 nempe
744 3966 780 4006 ex
802 3945 921 4007 incestis
939 3946 1054 4025 nuptiis
1075 3968 1149 4030 quas
1169 3947 1271 4008 multis
1289 3943 1394 4019 vitupe-
1482 4006 1483 4021 ρ

334 4040 385 4089 rat
402 4030 432 4087 S.
452 4028 578 4125 Niceph.
600 4050 638 4090 ex
658 4028 795 4090 Martina
828 4028 943 4090 scilicet
968 4028 1101 4091 Heraclii
1123 4039 1225 4113 nepte,
1243 4048 1277 4088 ac
1296 4020 1395 4087 Mariae
1482 4032 1483 4038 ’

334 4110 413 4174 illios
431 4134 548 4174 sororis
569 4112 652 4187 fitia,
680 4120 716 4172 ut
735 4112 817 4173 idem
839 4110 953 4189 tradit,
984 4122 1019 4173 ut
1051 4114 1134 4175 nulla
1159 4134 1228 4174 cum
1257 4110 1300 4171 sic
1319 4104 1393 4166 affine

277 4213 282 4224 “
334 4204 475 4259 constare
493 4195 655 4279 potuerint
675 4195 740 4258 veri
762 4196 897 4279 coniugii
920 4194 999 4261 iura.
1022 4192 1102 4277 πρὸς
1120 4189 1154 4258 τὸ
1168 4190 1210 4277 μὴ
1227 4194 1302 4259 ἰδεῖν
1321 4188 1393 4249 ἑννο-
