3050 4900
474 355 527 417 EX
557 355 817 420 TllEOPllANE.
971 352 973 355 ⁵
1129 357 1199 426 113

131 520 235 598 videns,
255 539 362 584 omnes
388 525 442 608 qui
469 531 542 584 sunt
573 524 618 584 rei
652 525 797 606 publicae
826 525 922 588 vides.
963 523 1089 592 intendo
1109 528 1202 591 militi

129 615 184 670 tuo.
223 627 261 667 ne
281 607 394 668 milites
415 607 569 689 suscipias,
591 628 630 668 nc
646 607 750 670 dicant
771 609 830 670 tibi
848 611 977 692 quidam
999 613 1073 695 quia
1096 613 1201 674 deces-

128 709 173 748 sor
193 698 261 750 tuus
282 691 389 753 taliter
419 701 618 752 conversatus
646 699 701 752 est.
746 691 822 753 llaec
843 695 925 754 enim
946 695 1067 807 dico,a
1088 695 1202 780 quibus

128 793 217 854 passus
237 795 314 834 sum.
358 774 411 856 qui
441 773 557 836 liabent
585 775 949 853 substantias,'fruantnr
969 780 1035 840 eis:
1058 778 1106 840 bis
1124 799 1203 841 vero
1221 817 1231 824 --

128 856 255 937 quinon
279 857 462 934 habuerint,
486 857 597 919 dona.'’
643 869 675 920 et
704 861 785 920 tacta
804 861 949 922 oratione
975 863 1204 945 a'patriorcba,

127 960 187 998 cum
206 939 349 1002 dixissent
367 961 472 1003 omnes
494 963 593 1019 aman,
615 940 728 1003 cecidit
740 943 852 1004 Caesen
864 945 903 1005 ad
915 945 1010 1026 pedes
1031 947 1205 1028 imperato.

127 1021 217 1098 ris,¹et
239 1024 316 1085 dixit
339 1025 367 1086 ei
388 1025 432 1086 “si
446 1025 498 1100 vis,
521 1047 598 1100 snm,
619 1025 643 1086 si
664 1045 727 1088 uon
742 1027 797 1103 vis,
821 1051 883 1090 non
896 1033 993 1090 sum.''
1014 1037 1047 1090 et
1068 1030 1205 1113 impera·

128 1113 173 1166 tor
187 1108 228 1167 ait
249 1106 357 1186 “deus,
375 1107 428 1190 qui
442 1107 518 1170 fecit
532 1111 652 1169 caelum
665 1117 697 1170 et
717 1118 846 1186 terram,
861 1111 926 1194 ipse
940 1112 1044 1173 omnin
1065 1135 1146 1198 quae
1159 1113 1302 1198 di·p.384
1319 1119 1322 1126 '

126 1209 188 1249 oere
208 1191 323 1252 oblitus
344 1213 421 1268 sum,
442 1191 473 1252 in
496 1211 554 1252 cor
580 1200 668 1252 tunm
695 1194 870 1255 immittet.”
911 1216 1013 1277 porro
1037 1217 1109 1258 cnm
1129 1196 1207 1258 baec

126 1285 362 1356 prosequeretur
387 1277 569 1357 imperator,
593 1277 734 1357 replebat
754 1277 888 1347 lacrimis
908 1286 1012 1340 totum
1029 1279 1206 1362 collegium.

126 1355 282 1438 quodcum
292 1359 427 1419 solutum
444 1359 557 1434 luisset,
567 1359 710 1421 Tiberius
721 1360 805 1422 dona
818 1361 949 1422 subditis
964 1363 1141 1444 impertitus
1152 1372 1207 1442 est,

126 1448 152 1498 et
162 1459 365 1525 quaecunque
376 1443 408 1502 iu
423 1443 620 1523 imperatoris
641 1444 904 1525 appellationibus
915 1446 1012 1507 moris
1024 1446 1166 1508 existunt

196 1539 306 1602 Mundi
328 1561 410 1601 anno
432 1539 523 1621 6071,
549 1539 672 1603 divinae
701 1543 924 1604 incarnationis
946 1565 1029 1606 anno
1050 1544 1122 1622 571,
1147 1547 1208 1606 im.

126 1629 224 1700 perant
250 1625 356 1706 coepit
368 1625 510 1686 Tiberius
532 1625 691 1687 redimitus
703 1628 741 1688 ab
751 1625 909 1712 Eutychio
925 1626 1115 1709 patriarcba,
1136 1649 1209 1690 cum

126 1715 191 1768 esset
211 1717 248 1768 ct
269 1709 333 1789 ipse
360 1729 473 1790 genere
500 1707 618 1770 Thrax.
670 1731 804 1794 cumque
822 1712 1011 1794 imperaret,
1032 1711 1209 1774 clamabant

125 1799 214 1868 partes
230 1791 408 1852 “Anastasia
424 1797 566 1874 Augusta,
590 1803 624 1854 tu
639 1793 750 1855 vincas.
771 1792 864 1870 salva,
886 1793 1025 1875 domine,
1047 1816 1125 1892 (pnes
1147 1796 1208 1856 im.

125 1871 223 1951 pera're
247 1875 388 1936 iussisti.”
440 1874 566 1937 audiens
597 1885 702 1938 autem
723 1877 840 1960 Sophia
866 1876 973 1938 lustiui
995 1898 1109 1942 coniux
1129 1899 1209 1960 per-

124 1977 196 2018 cussa
216 1967 267 2020 est
288 1959 411 2020 animos
434 1960 559 2020 volebat
581 1981 714 2043 namque
734 1962 856 2022 nubere
874 1961 1004 2024 Tiberio
1026 1969 1059 2024 et
1080 1983 1209 2045 parma.

124 2059 187 2102 nere
204 2044 362 2124 Angusta:
385 2042 540 2104 nesciebat
567 2045 651 2104 enim
683 2044 770 2126 quod
798 2044 930 2106 haberet
951 2066 1092 2107 uxorem.
1159 2049 1210 2108 ui·

122 2121 183 2184 darn
205 2133 313 2187 autem
335 2123 479 2186 dicebant
499 2124 585 2210 qnod
617 2126 700 2188 etin
722 2128 787 2188 vita
815 2127 923 2189 lustini
946 2129 1118 2192 adamicata
1135 2070 1209 2193 lue.

121 2207 157 2266 rit
174 2207 208 2288 ei,
229 2217 268 2270 et
289 2208 354 2290 ipsa
382 2210 570 2291 persuaserit
592 2211 710 2272 Iustino
744 2221 781 2272 ut
803 2232 875 2273 eum
897 2211 1061 2274 Caesarem
1076 2214 1207 2276 faceret.

121 2309 219 2354 rernm
236 2292 387 2354 Tiberius
409 2294 532 2354 mittens
551 2291 638 2354 duxit
662 2293 851 2356 Anastasiam
871 2296 1038 2377 coniugem
1058 2317 1155 2376 snam,
1175 2303 1208 2360 et

123 2377 280 2438 coronavit
304 2397 371 2437 eam
385 2381 561 2461 Augustam,
584 2388 615 2438 et
639 2377 768 2437 iactavit
788 2399 896 2460 rogam
915 2378 1059 2440 multam.

193 2474 342 2538 Secundo
365 2476 488 2556 imperii
509 2476 628 2537 Tiberii
644 2476 942 2538 annoAlerandriae
964 2476 1088 2539 antistes
1109 2477 1306 2560 loebe-patt's
1330 2489 1349 2543 3

121 2565 166 2617 ῑιιι·
183 2560 330 2621 ecclesiae
352 2560 510 2642 Eulogius.
552 2558 636 2619 misit
655 2558 776 2620 interea
799 2560 976 2640 imperator
999 2560 1146 2623 Tiberius
1167 2560 1209 2623 ed

121 2662 214 2724 regem
230 2644 402 2706 Persarum
430 2642 601 2705 secundum
628 2662 766 2717 morem,
796 2642 940 2702 nuntians
972 2644 1207 2723 promotionem
1245 2720 1248 2725 Ι

120 2744 213 2800 snam;
236 2748 304 2810 quo
327 2746 436 2807 pacem
456 2748 520 2803 non
550 2724 733 2787 admittente
755 2724 901 2786 Tiberius
928 2747 1052 2807 magnas
1074 2728 1206 2791 virtutes

119 2810 323 2894 congregavit,
346 2820 377 2870 et
401 2809 601 2871 disseminatis
626 2810 717 2889 regiis
745 2808 897 2870 thesauris
919 2810 1033 2871 multos
1054 2810 1130 2871 fecit
1149 2834 1206 2873 ex-

119 2894 245 2973 ercitus,
281 2912 390 2954 creans
411 2894 590 2975 magistrum
617 2892 752 2955 militurn
771 2892 913 2955 Orientis
934 2894 1090 2977 quendam
1111 2894 1205 2958 lusti·

117 2994 249 3040 uranum.

189 3062 303 3123 Tertio
327 3058 452 3142 imperii
468 3057 588 3120 Tiberii
604 3080 686 3120 anno
717 3079 772 3121 rex
792 3057 961 3121 Persarum
989 3058 1118 3142 sumptis
1135 3060 1305 3147 liupana

117 3143 225 3207 tutibus
246 3145 311 3205 suis
343 3144 375 3203 in
395 3142 573 3204 Armeniam
593 3151 757 3225 properat.
808 3142 935 3204 audiens
958 3151 1063 3203 autem
1082 3145 1204 3205 Itoma-

114 3245 220 3290 norum
245 3228 308 3289 dux
330 3248 435 3309 regem
454 3226 620 3287 Persarum
641 3246 700 3309 per
719 3234 816 3290 semet
843 3226 945 3309 ipsum
966 3223 1117 3306 praelium
1139 3226 1202 3289 ini.

115 3316 225 3390 turum,
239 3310 409 3392 'expeditus
442 3310 566 3371 effectus
587 3318 641 3371 est.
697 3310 795 3371 timor
826 3310 910 3371 enim
930 3306 1080 3392 ingrersus
1098 3312 1200 3372 estin

113 3398 261 3475 populum
280 3396 507 3471 Romanorum,
530 3391 697 3454 etidcirco
719 3392 904 3453 lastinianus
925 3390 964 3453 ad
986 3392 1117 3455 uirtutes
1131 3414 1202 3456 ser·

113 3478 252 3541 monibus
281 3500 351 3540 usus
380 3477 573 3558 compescuit
602 3474 777 3536 formidinis
802 3496 949 3558 pugnam.
1000 3486 1201 3539 comantem

112 3558 221 3623 bellum
244 3562 337 3625 fieret
357 3570 389 3623 et
421 3582 453 3622 aa
477 3558 578 3621 ittatio
599 3560 767 3622 Persarum
796 3558 879 3619 lacta
899 3561 998 3620 multa
1019 3560 1134 3637 fuisset,
1154 3560 1202 3621 ita

113 3654 144 3704 ut
164 3646 260 3709 etiam
281 3644 396 3708 solares
415 3581 496 3705 radii
517 3644 705 3719 celarentur,
729 3642 804 3704 dum
819 3642 966 3705 videlicet
985 3642 1119 3704 Romani
1140 3644 1200 3705 cli·

110 3728 169 3807 peis
191 3728 305 3811 iacula,
326 3750 407 3812 quae
437 3747 474 3790 ex
495 3727 629 3789 arcubus
648 3726 863 3803 mittebantur,
884 3726 1071 3788 continuatis
1096 3725 1200 3807 proii-

111 3830 177 3874 cere
204 3814 394 3877 niterentur.
436 3832 508 3872 cum
529 3820 634 3873 autem
653 3808 809 3892 profunda
832 3809 1016 3871 consisteret
1038 3810 1200 3871 Romano.

113 3914 178 3957 rum
198 3898 292 3973 acies,
312 3898 425 3957 Persae
446 3896 529 3957 serre
549 3914 613 3955 non
626 3901 785 3976 poterent,
806 3893 860 3954 sod
882 3894 913 3953 in
935 3894 1040 3974 fugam
1062 3892 1200 3955 vertitur

111 3976 356 4064 Babyloniorum
377 3989 523 4059 caterva,
551 3986 584 4040 et
611 3976 771 4038 iritereuut
796 3975 1009 4043 multitudines
1039 3974 1198 4057 copiosae.

111 4064 268 4147 recipiunt
285 4064 405 4127 interes
428 4069 461 4125 et
482 4062 648 4125 Persarum
677 4058 922 4143 suppellectilem
945 4067 978 4119 et
1005 4060 1125 4141 regiam
1147 4070 1201 4122 ta·

110 4144 314 4209 bernncnluna
336 4154 500 4230 totumque
523 4145 724 4207 clarissimum
746 4150 944 4226 apparatum.
968 4150 1075 4203 tenent
1094 4151 1199 4205 autem

111 4236 140 4287 et
157 4228 336 4313 elephantes
352 4229 495 4308 Roinani,
517 4236 550 4291 et
567 4228 606 4290 ad
623 4226 787 4291 Tiberium
804 4224 1076 4309 mittantinsigncs
1095 4236 1128 4290 et
1145 4248 1198 4289 re-

208 4336 386 4411 liuoplsaner
403 4338 439 4393 11.
