3050 4900
542 250 596 313 Ex
623 248 884 315 retornatas.
972 262 977 272 '
1169 242 1260 313 1215

166 396 369 501 postgeneri
398 416 445 479 sui
475 418 638 481 Artubnsdi
669 420 873 483 rebellionem
892 440 964 481 cum
982 418 1149 500 imperium
1172 420 1260 481 ohti.

166 502 292 579 unisset,
313 501 396 562 hunc
417 502 609 563 Anastasinm
627 524 748 565 caesum
760 513 793 566 et
812 526 885 565 cnm
898 502 963 565 aliis
983 502 1113 563 inimicis
1134 502 1167 563 iu
1179 502 1261 585 Hip.

164 582 370 669 pedromium
400 606 460 667 per
483 586 644 668 Diippium
674 588 855 671 ingressum,
886 587 1005 648 nudum
1026 607 1122 667 super
1140 586 1259 648 asinum

163 689 257 731 verso
283 666 373 729 vultu
390 668 547 729 sedentem
574 672 744 751 pompavit,
767 694 806 733 eo
828 670 915 753 qnod
935 672 993 732 sihi
1015 692 1076 731 una
1099 692 1171 731 cnm
1192 670 1259 731 aliis

165 751 299 815 inimicis
323 752 403 813 mala
424 752 520 815 fuerit
549 752 737 835 imprecatus
761 762 793 816 et
815 754 1021 817 Artabasdum
1046 754 1259 833 coronaverit,

165 834 248 897 sicut
281 836 312 895 in
344 858 400 897 suo
422 834 614 897 indicabitur
643 836 723 901 loco.
765 844 797 901 et
819 838 958 923 Byzantii
987 836 1113 921 quidem
1135 858 1259 920 propo.

188 928 282 979 nator
305 940 366 1000 pro
390 916 583 1005 dogmatibus
612 920 732 1002 pietatis
757 942 848 983 sacer
868 920 920 985 bie
943 929 976 983 et
996 920 1136 1003 egregius
1156 920 1259 1003 polle-

209 1012 221 1065 t
243 1004 427 1079 Genaunes,
449 1024 505 1065 eeu
526 1012 636 1065 contra
660 1004 772 1067 bestias
798 1026 940 1088 pugnans
962 1005 1107 1067 adversus
1128 1004 1260 1088 lerony-

163 1090 289 1161 mum*)
314 1085 543 1149 huncheonem
565 1096 597 1150 et
614 1090 752 1149 fautores
773 1090 846 1151 eius.
877 1090 908 1151 in
930 1088 1053 1151 Seniori
1074 1088 1259 1151 verollomn

164 1168 349 1253 Gregorius,
371 1170 590 1233 sacratisslmus
613 1171 662 1233 vir
672 1173 869 1254 apostolicus,
891 1180 922 1233 et
935 1172 1022 1234 Petri
1034 1173 1157 1235 verticis
1179 1193 1260 1253 apo-

163 1253 320 1316 stolorum
350 1272 510 1315 consessor
534 1254 633 1316 verbo
661 1262 693 1317 et
721 1264 794 1317 actu
826 1276 1011 1334 coruscans,
1046 1256 1100 1339 qui
1124 1256 1260 1316 removit

163 1337 296 1399 Romam
317 1342 348 1397 et
373 1338 503 1413 ltaliam,
525 1359 583 1399 nec
604 1358 666 1400 non
682 1346 713 1401 et
733 1338 836 1401 omnia
859 1347 923 1399 tam
941 1339 986 1399 rei
1002 1338 1146 1421 publicae
1166 1352 1363 1421 quamam

163 1421 311 1483 ecciesiae
333 1420 401 1481 iura
433 1422 464 1481 in
486 1418 661 1504 Hesperiis,
686 1422 724 1483 ab
754 1420 930 1485 obedientia
950 1422 1062 1483 Leonis
1083 1430 1115 1483 et
1134 1423 1259 1503 imperii

162 1506 221 1567 sub
241 1505 310 1585 ipso
334 1504 505 1565 constituti.
547 1526 647 1586 porro
671 1503 702 1567 in
724 1506 815 1590 Syria
835 1525 931 1588 penes
953 1506 1137 1565 Damascum
1166 1509 1260 1566 loan-

164 1610 217 1651 nes
238 1590 369 1651 lllansur
398 1588 564 1670 presbyter
596 1597 628 1651 et
655 1591 846 1665 monachus,
868 1598 1078 1673 cognomento
1101 1590 1259 1673 Chrysor-

163 1692 246 1748 roas,
268 1670 384 1732 doctor
406 1672 542 1755 optimus
571 1672 633 1733 vita
655 1682 686 1733 et
707 1674 807 1735 verbo
829 1674 999 1755 pruclhlslt.
1041 1691 1155 1733 verum
1175 1675 1259 1733 Ger-

162 1776 292 1817 manum
314 1763 425 1837 utpote
453 1754 511 1817 suh
532 1776 564 1816 se
584 1756 789 1818 constitutum
822 1756 975 1818 atbrono
997 1755 1095 1838 pellit.
1137 1756 1261 1838 Grego-

162 1839 227 1903 rius
249 1846 353 1900 antem
375 1860 434 1921 per
455 1837 598 1921 epistolas
621 1862 703 1916 eum,
726 1862 807 1924 qnae
827 1841 931 1901 multis
946 1849 1018 1901 sunt
1031 1850 1135 1915 notae,
1156 1841 1260 1902 mani.

162 1923 240 1983 feste
261 1920 433 2005 redarguit.
485 1922 591 1985 sedet
616 1924 745 1985 loannes
775 1926 858 1985 bunc
879 1943 951 1985 cum
974 1924 1113 1984 Orientis
1135 1926 1260 2006 episeo..

162 2006 210 2086 pis
240 2006 487 2069 anathematibus
513 2005 663 2069 subdidit.
717 2028 818 2090 porro
849 2009 982 2089 septimo
1014 2004 1081 2068 idus
1105 2009 1261 2069 lanuarias

163 2088 303 2151 decimae
324 2090 439 2151 tertiae
459 2087 647 2169 indictionis,
671 2093 765 2153 tertia
786 2092 874 2166 feria,
896 2092 1008 2172 impius
1018 2093 1083 2153 Leo
1103 2091 1261 2153 silentium

163 2184 278 2235 eontra
307 2194 409 2235 sacras
442 2184 475 2235 et
500 2175 690 2236 venerabiles
714 2175 883 2236 celebravit
908 2177 1013 2237 iconas
1036 2176 1067 2235 in
1087 2176 1261 2237 tribunalia

165 2256 274 2317 desem
295 2266 326 2318 et
343 2278 458 2319 novam
471 2259 681 2339 accubituum,
701 2258 857 2320 advocato
875 2266 1049 2341 quoquest
1068 2258 1261 2320 sanctissimo

164 2338 342 2421 patriarcha
365 2344 531 2419 (sermono,
557 2350 641 2403 ratus
661 2364 693 2403 se
715 2364 805 2423 posse
826 2342 869 2403 illi
891 2339 1164 2423 persuadereque
1184 2342 1260 2401 sub-

160 2422 315 2486 scriberet
336 2434 447 2486 contrs
474 2434 593 2486 sanetus
614 2425 725 2487 iconas.
773 2424 881 2487 sedet
904 2424 993 2486 fortis
1016 2424 1131 2487 Christi
1153 2444 1260 2489 servus

162 2507 339 2570 pubetenus
362 2508 557 2592 acquiescens
569 2508 741 2572 detestabili
764 2509 952 2570 cacodoxiae
972 2508 1077 2591 ipsius,
1094 2529 1166 2569 cum
1188 2529 1260 2569 ver.

161 2593 238 2652 husu
262 2591 400 2652 veritatis
423 2603 508 2655 recte
536 2593 714 2668 direxisset,
733 2593 966 2654 abrenuntiavit
982 2614 1134 2654 summum
1154 2611 1258 2652 sacer·

162 2675 296 2752 dotium,
319 2676 445 2738 tradens
464 2675 612 2758 pallium,
634 2685 759 2758 etpost
785 2675 899 2738 multos
919 2695 1076 2737 sermones
1098 2674 1260 2738 didascali-

161 2779 214 2820 cos
239 2758 346 2820 dieens
367 2759 413 2820 “si
446 2779 504 2842 ago
531 2783 601 2822 sum
628 2761 736 2837 lonas,
767 2761 857 2822 mitte
877 2779 928 2821 me
947 2760 979 2820 in
1003 2781 1099 2821 mare.
1141 2759 1259 2842 absque

160 2841 328 2904 universali
350 2844 469 2926 quippe
488 2843 609 2927 synodo
631 2844 783 2906 innovare
801 2841 894 2905 fidem
913 2843 1102 2925 impossibile
1116 2843 1192 2904 mihi
1213 2849 1260 2904 ast

160 2925 334 2986 seeundum
364 2927 567 3009 apostolicam
598 2935 629 2990 et
650 2939 814 3010 paternam
837 2927 1049 3006 traditionem,
1070 2948 1090 2988 ο
1120 2927 1259 3008 impera-

161 3013 246 3071 tor.’'
270 3020 303 3072 et
326 3009 430 3072 abiens
454 3009 493 3072 ad
508 3012 612 3074 locum
633 3011 688 3094 qni
712 3010 1025 3088 dieiturPlatanium,
1049 3012 1079 3071 in
1104 3009 1356 3093 parentium-63⁰

165 3093 261 3153 domo
284 3114 340 3153 sua
360 3093 458 3176 quieti
477 3115 604 3177 operam
619 3093 714 3167 dedit,
729 3117 851 3156 summo
872 3095 1050 3156 sacerdotio
1062 3087 1185 3155 sunctus'
1198 3116 1259 3154 an-

164 3177 209 3236 nis
222 3177 474 3259 quatuordecim,
488 3180 641 3242 mensibus
654 3181 804 3262 quinque,
817 3177 923 3240 diebus
935 3190 1061 3260 septem.
1079 3199 1180 3258 porro
1195 3199 1258 3236 uu-

160 3257 284 3321 deeimo
302 3259 560 3322 hachhruarios
581 3271 691 3323 creant
711 3261 778 3322 falsi
802 3261 1143 3336 nominisllnastasium,
1164 3259 1258 3320 disci.

160 3343 272 3424 pulum
294 3365 330 3404 ae
357 3344 527 3426 syncellum
549 3345 685 3407 eiusdem
714 3345 800 3406 beati
821 3346 989 3422 Germani,
1013 3344 1258 3405 consentientem
1319 3410 1328 3420 Ι

159 3426 274 3488 Leonis
295 3425 446 3507 impietati
464 3439 599 3510 propter
621 3451 761 3490 amorem
776 3428 970 3510 principatus
991 3429 1149 3503 mundani,
1173 3425 1258 3486 hune

161 3509 193 3571 in
216 3509 495 3593 pseudepiscopnm
514 3512 828 3594 Constantinopoleos
849 3511 1065 3594 provehentes.
1089 3513 1257 3572 saneGre-

160 3595 269 3674 gorius
297 3595 502 3655 sanctissimus
533 3599 654 3678 praesul
687 3597 863 3675 Romanus,
884 3595 1144 3680 quemadmodum
1165 3615 1258 3675 prac-

161 3675 239 3754 dixi,
263 3681 453 3739 anastasium
475 3701 535 3740 una
555 3701 625 3741 enm
646 3680 755 3742 libeliis
784 3679 917 3757 abiecit,
942 3681 1079 3741 Leonem
1106 3699 1166 3760 per
1186 3678 1256 3758 epi-

161 3761 256 3823 stolas
287 3770 437 3846 tanquam
466 3763 560 3846 impie
588 3773 729 3848 agentem
760 3763 957 3847 redarguens,
982 3772 1013 3825 et
1032 3765 1163 3824 Romam
1184 3781 1255 3822 cnm

195 3917 223 3990 t)
240 3917 420 3992 leronymum]
448 3919 535 3970 vlrum'
561 3921 677 3972 nominis
698 3921 750 3970 sari.
800 3919 917 3971 Rudinus
945 3922 1077 3987 interpres
1095 3915 1205 3971 Eusehii
1222 3919 1256 3971 ll.

231 3987 494 4112 aarum
511 3990 1123 4117 vairiacum·
1144 3989 1180 4114 r
1198 3990 1256 4115 a:

233 4075 331 4200 lylrepei
349 4093 505 4186 nouimus·
520 4078 569 4186 elit.
593 4081 683 4216 filu:
993 4079 1012 4132 p
1098 4078 1141 4130 lm
1156 4099 1184 4167 ·⁷
