3050 4900
318 369 368 448 at
472 383 684 449 aussrasu
719 379 916 446 ursroau
948 378 1256 448 mcxrsusrrca

318 535 455 600 cundum
466 539 624 600 Christum
645 547 699 612 est,
720 536 880 620 multaque
902 534 1023 596 animae
1042 537 1214 617 profutura
1235 537 1410 618 composuit

317 629 529 698 monumenta,
551 631 616 682 tum
644 619 762 682 seilicet
791 622 824 682 in
847 620 1023 680 Examerou
1052 628 1086 680 et
1119 621 1151 680 in
1183 642 1220 682 ea
1241 643 1321 704 qnae
1341 630 1410 702 post

316 707 491 768 Exameron
506 715 587 780 sunt,
608 705 642 766 in
663 703 759 766 multa
778 703 871 764 etiam
889 701 1128 784 prophetarum,
1147 712 1179 766 et
1192 705 1408 766 maximcEzc-

317 789 423 852 chielis
446 788 647 862 etDaniclis;
670 788 745 870 quin
770 788 855 848 etin
874 787 995 848 cantica
1014 789 1211 849 canticorum
1233 796 1266 850 et
1285 787 1317 848 io
1339 787 1409 848 alias

318 873 453 935 diversas
476 882 594 936 veteres
614 879 647 934 et
661 892 754 932 novas
773 871 961 952 scripturas;
984 869 1103 937 interea
1124 872 1219 934 ctiam
1239 872 1271 932 in
1293 892 1409 969 apoca.

318 955 418 1041 lypsin
440 954 589 1038 theologi,
610 975 706 1038 quam
728 955 758 1014 in
772 955 884 1014 Patmo
905 951 994 1014 vidit.
1036 962 1068 1015 et
1086 965 1198 1017 contra
1220 958 1410 1018 Marcionem

221 1045 490 1115 possessorem
513 1038 652 1102 haereses
674 1036 817 1118 scripsit,
839 1046 871 1098 et
893 1035 932 1098 de
956 1033 994 1099 16
1017 1059 1173 1100 annorum
1194 1038 1334 1118 circulo,
1355 1037 1410 1122 qui

319 1125 350 1186 in
373 1123 505 1205 paschae
528 1122 651 1185 ratione
674 1119 835 1184 observari
859 1118 946 1198 solet,
968 1119 1111 1204 exposuit
1132 1143 1296 1197 canonem,
1319 1144 1410 1220 quem

317 1209 400 1268 intra
421 1207 561 1289 primum
593 1227 708 1266 anasum
740 1202 903 1265 concludit
928 1202 1094 1266 Alexandri
1116 1207 1275 1268 Mamaeae
1296 1205 1359 1266 salsi.
1380 1213 1411 1267 et

317 1300 353 1353 ut
368 1311 437 1352 com
450 1367 452 1372 Ι
464 1289 588 1352 endiose
602 1289 735 1365 dicatur,
748 1286 964 1368 Tlreophrates
986 1293 1011 1365 *l
1026 1287 1137 1350 lluvius
1156 1289 1302 1351 ecclesiae
1324 1290 1411 1350 vivo·

316 1311 532 1437 rumeliacum
553 1380 599 1436 cst
619 1371 821 1447 lluerrtorum,
846 1369 885 1430 ad
905 1380 1077 1432 extremum
1095 1374 1240 1457 martyrii
1260 1393 1411 1435 coronam

317 1457 451 1518 indutus.
501 1479 537 1520 ex
564 1457 628 1518 boo
654 1455 749 1518 etiam
781 1453 884 1516 infelix
904 1453 1055 1536 Origenes
1084 1457 1303 1519 conscribendi
1324 1477 1410 1517 com·

315 1540 485 1602 meritorios
506 1541 537 1600 in
560 1539 731 1621 scripturas
753 1545 872 1598 sanctas
893 1537 1033 1598 somitcm
1046 1539 1187 1622 sumpsit,
1211 1540 1362 1602 incitante
1380 1561 1411 1602 se

315 1623 503 1705 Ambrosio,
525 1633 557 1686 et
577 1621 710 1700 allatim,
733 1643 814 1704 quae
847 1620 879 1680 in
905 1619 966 1680 hoc
989 1643 1068 1702 opos
1104 1633 1203 1686 essent
1229 1623 1409 1703 necessaria,

315 1708 476 1790 largiente.
520 1707 655 1790 denique
678 1713 797 1788 septem
811 1701 952 1764 notarios
973 1705 1125 1768 velociter
1138 1719 1171 1770 et
1190 1707 1312 1789 optime
1331 1708 1411 1768 scri.

314 1791 422 1854 bentes
446 1789 611 1864 adhibuit3
633 1789 687 1852 scd
707 1797 740 1850 et
760 1789 879 1871 puellas
898 1787 1055 1850 scribendi
1072 1800 1141 1852 arte
1161 1789 1350 1852 doctissimas
1370 1789 1409 1852 ad

316 1875 556 1936 inenarrabilem
591 1874 620 1936 ei
645 1872 865 1956 praestandam
895 1871 1089 1934 alacritatem
1110 1875 1261 1936 dictandi.
1303 1873 1410 1938 sedin

315 1957 502 2020 barathrum
522 1957 643 2041 gentilis
665 1955 927 2039 prodigiosacquc
947 1957 1145 2018 fabulationis
1158 1958 1298 2041 delapsus
1320 1959 1412 2020 resti.

316 2043 470 2104 tutionem
492 2051 524 2104 ct
546 2041 814 2124 praeexistentiam
829 2059 952 2102 necnon
972 2048 1005 2101 et
1023 2040 1083 2100 alia
1093 2041 1247 2124 quaedam
1267 2042 1308 2106 do
1361 2051 1411 2104 ata

315 2123 517 2208 praedicavit,
540 2133 573 2186 et
592 2123 663 2186 ideo
685 2146 703 2185 a
723 2123 825 2186 choro
843 2130 1025 2185 sauctorum
1045 2123 1185 2206 expulsus
1208 2133 1265 2188 est.
1320 2135 1410 2188 artur

315 2217 423 2270 autem
443 2207 531 2292 quod
542 2211 691 2282 Mamaea,
713 2215 815 2268 mater
835 2204 1032 2288 imperatoris
1045 2207 1220 2286 Alexandri,
1242 2229 1314 2270 cum
1335 2216 1412 2270 esset

316 2291 435 2375 oppido
455 2291 507 2354 dei
528 2290 650 2370 cultrix,
674 2291 781 2352 locuta
802 2289 842 2350 sit
863 2312 936 2352 cum
952 2291 1089 2374 Origene
1111 2291 1197 2373 apud
1217 2290 1410 2354 Antiochiam

315 2376 450 2459 degens;
475 2397 554 2475 guae
574 2375 666 2437 etiam
688 2395 782 2457 penes
805 2372 980 2459 omnesqui
1002 2375 1110 2436 famosi
1133 2377 1411 2440 tuncChristiano.

314 2482 387 2521 runa
415 2460 554 2543 magistri
582 2456 801 2537 habebantur,
835 2457 1050 2542 benignissime
1082 2461 1244 2523 ferebatur
1276 2468 1412 2543 propter

314 2542 416 2620 fidem,
441 2566 500 2627 qua
523 2564 597 2625 erga
619 2542 778 2605 Christum
802 2540 964 2625 flagrabat.
1012 2544 1125 2604 Emaus
1147 2544 1339 2605 Palaestinae
1361 2564 1413 2603 ca.

314 2627 455 2701 stellam,
477 2628 517 2688 dc
550 2648 614 2711 quo
650 2626 681 2687 in
711 2626 806 2687 sacris
838 2626 953 2708 legitur
972 2626 1155 2709 evangeliis,
1176 2628 1215 2689 ab
1237 2626 1413 2690 Alexandro

315 2710 473 2853 Nicopolis
503 2718 549 2771 est
572 2708 723 2771 honorari
743 2707 882 2786 decreta,
905 2710 1060 2788 legatione
1084 2712 1232 2795 fungente
1253 2712 1413 2787 Africano,

316 2794 372 2876 qui
416 2794 534 2854 istorias
555 2792 587 2855 in
612 2792 751 2877 quinque
772 2791 859 2853 libris
881 2792 1073 2875 conscripsit.
1162 2884 1168 2889 .

219 2906 310 2976 poso
400 2898 510 2961 Mundi
533 2920 616 2959 anno
639 2896 731 2975 5798,
756 2898 879 2960 divinae
901 2898 1123 2961 iucarnationis
1144 2922 1226 2962 anno
1249 2900 1321 2978 998,
1343 2904 1414 2963 Ma.

318 2980 448 3043 siminus
481 2982 635 3065 imperans
670 2990 780 3043 contra
800 2981 990 3043 christianos
1020 2986 1271 3065 persecutionem
1299 2986 1413 3047 movit.

317 3062 363 3125 his
387 3066 581 3149 temporibus
603 3064 757 3127 Antherus
778 3074 812 3129 et
830 3066 1000 3159 Poptiauus
1023 3068 1156 3129 Romani
1174 3068 1329 3152 praesoles
1349 3068 1416 3132 cla-

319 3160 465 3213 ruerunt.

220 3276 247 3331 p·
257 3262 307 3317 681
405 3258 515 3321 Mundi
535 3278 617 3319 anno
631 3254 723 3332 5731,
746 3254 870 3320 divinae
890 3258 1112 3321 iucarnationis
1132 3280 1215 3321 anno
1235 3258 1308 3336 931,
1327 3264 1417 3323 Gor-

320 3340 428 3489 pieatppp
462 3342 605 3424 imperat.
647 3340 801 3402 Fabianae
831 3342 994 3425 episcopus
1022 3344 1182 3406 Romanus
1213 3352 1336 3427 martyr
1355 3341 1419 3405 ha-

403 3531 512 3594 Mundi
535 3552 617 3593 anuo
632 3528 726 3607 5737,
751 3532 876 3595 divinae
897 3534 1117 3595 incarnationis
1136 3555 1219 3596 anno
1240 3532 1315 3611 937,
1334 3535 1420 3599 Por-

220 3641 247 3695 p·
260 3624 311 3682 682
320 3615 450 3703 phyrius
459 3616 575 3679 Plotini
593 3616 747 3677 Platonici
768 3616 948 3699 philosophi
969 3618 1096 3679 auditor
1116 3617 1261 3681 hahetur.
1306 3620 1421 3681 Theo.

319 3722 453 3785 pompus
480 3698 683 3781 philosophus
715 3700 799 3781 apud
829 3701 1037 3762 Chaeroniam
1058 3711 1091 3765 et
1111 3704 1241 3765 Nicator
1268 3704 1417 3784 Soplsista

320 3804 412 3867 penes
443 3784 576 3847 Albanus
607 3784 759 3865 pollebat.
813 3784 975 3866 Philippus
1003 3787 1178 3868 imperator
1199 3787 1278 3849 adeo
1301 3786 1331 3847 in
1354 3786 1420 3848 lide

320 3868 435 3929 Glaristi
453 3867 639 3949 proficiebat
663 3876 698 3927 ut
720 3866 815 3927 etiam
836 3878 965 3951 peccata
994 3890 1048 3929 sua
1098 3878 1223 3951 rompte
1245 3869 1419 3931 confitere-

319 3960 389 4025 tur,
418 3960 450 4011 et
470 3960 562 4011 nocto
582 3948 730 4031 paschalis
752 3950 923 4014 festivitatis
944 3892 1139 4016 multitutlini
1171 3954 1254 4015 inter
1272 3951 1422 4015 ecclesiae

320 4036 477 4096 orationes
502 4034 758 4095 communicaret.
804 4036 887 4099 aalide
906 4038 1024 4100 factum
1045 4048 1091 4100 cst
1113 4045 1148 4098 ut
1169 4036 1289 4099 divinus
1311 4058 1419 4099 sermo

320 4118 505 4201 ampliorem
525 4116 669 4179 fiduciam
692 4127 836 4179 sumeret.

389 4276 414 4344 ⁴¹)
436 4274 582 4346 Euphrates
602 4274 688 4329 codex
705 4272 845 4329 Tlruanus.
