3050 4900
609 296 772 360 ‘notan
999 295 1009 320 ⁸
1170 289 1239 364 391

151 459 356 606 'retiatpphzd
374 461 450 524 aliti
468 463 577 542 Meta,
595 463 636 526 ab
657 467 729 528 alata
752 463 922 540 tradecrtla3
948 465 1103 549 charaque
1123 477 1166 528 est
1182 466 1244 530 ah·-

154 562 226 631 quot
267 567 295 605 re
350 586 359 606 .

238 657 307 729 178,
328 651 360 714 3.
402 645 601 734 δεκάσταοις]
618 656 685 717 Pet.
706 655 800 718 Barb.
814 664 845 718 et
863 656 992 742 Peyrea.
1015 654 1121 737 tegunt
1143 655 1244 738 aptius

151 730 239 808 ἴασις
260 739 302 800 oh
326 746 502 820 respectum
522 737 561 800 ad
579 736 698 818 dyelar.
740 733 929 802 desciscente
948 739 1055 822 posuit
1075 743 1245 800 Aramaua-

152 822 231 881 ensis
252 818 339 905 quod
367 821 471 882 forsan
506 823 624 905 legisset
651 824 670 883 ι’
686 815 770 893 ὅσος.
814 822 944 884 observa
965 843 1089 884 rursum
1108 823 1243 904 χερσέοο

151 911 186 966 et
205 903 365 983 αοπροῖνος
385 904 451 994 sire
469 906 642 988 ασαρεῶνος
664 905 697 966 in
711 906 802 967 variis
825 906 1007 969 lectionibus
1028 905 1149 968 haberi.

236 1002 318 1065 tttd.
342 999 372 1065 6.
424 1001 590 1078 Ἰσοκάσιος
616 1000 635 1065 o‘
657 1001 843 1088 aosarhrop]
876 1027 956 1068 anno
978 1007 1087 1068 Leonis
1110 1003 1244 1082 decimo,

150 1083 271 1147 Pnsaco
303 1095 335 1148 et
368 1087 483 1150 Ioanne
512 1109 587 1153 coss.
616 1091 733 1150 factum
764 1090 846 1152 istud
881 1091 1040 1172 consignat
1069 1087 1243 1150 chronicon

153 1166 405 1249 Alexandrinum,
427 1179 540 1232 auctor
555 1171 740 1234 undecimo:
767 1171 798 1233 in
821 1195 884 1256 quo
899 1171 974 1234 nihil
996 1171 1055 1232 sihi
1077 1171 1245 1233 adversan-

152 1258 216 1312 tnr.
259 1274 341 1314 anno
361 1254 479 1337 qnippe
493 1255 605 1318 Leonis
627 1256 792 1318 undecimo
808 1280 825 1319 a
840 1255 1016 1340 Septembri
1039 1255 1161 1315 initium
1183 1255 1245 1317 du.

152 1345 243 1397 cente
279 1356 339 1417 per
373 1346 525 1420 quattuor
550 1339 614 1400 eius
646 1349 785 1418 menscs‚'
814 1339 914 1401 adiano
935 1337 1045 1400 Pnsaei
1069 1347 1102 1401 et
1122 1338 1245 1399 ioannis

152 1419 322 1480 consolaris
342 1416 473 1503 dignitas
499 1423 730 1504 perseverabat.
773 1423 983 1486 animadverte
1004 1421 1131 1504 Peyrez.
1152 1421 1244 1484 codi-

154 1523 222 1562 cem
246 1503 321 1562 anni
352 1503 509 1566 undecimi
540 1505 703 1568 historiam
724 1506 764 1568 ad
785 1506 939 1568 decimum
959 1505 1092 1582 referre,
1113 1514 1144 1566 et
1164 1525 1246 1588 qnae

151 1582 203 1646 hic
228 1585 339 1648 decimi
374 1587 416 1648 ad
444 1589 642 1652 andecimum
679 1591 912 1672 transposuisse.
973 1585 1134 1650 metathesi
1160 1589 1245 1648 favet

152 1668 325 1731 chronicon
347 1671 489 1732 Alexand.
514 1676 637 1735 lsoeasii
658 1681 803 1735 eventurn
828 1674 867 1736 ad
886 1673 998 1736 Leonis
1021 1692 1137 1734 annum
1156 1670 1244 1734 deci·-

152 1773 240 1814 mum
261 1755 407 1816 reserens.

236 1853 320 1917 thid.
337 1858 387 1920 15.
440 1854 494 1916 καὶ
523 1849 638 1934 μαθών
668 1851 879 1933 siderationis]
908 1855 1091 1937 ampliorem
1120 1853 1245 1916 exhibet

150 1935 234 1996 hanc
253 1936 414 1999 historiam
445 1938 618 2001 chronicon
651 1938 794 2000 hierand.
848 1940 891 2000 his
920 1951 1024 2000 autem
1053 1938 1154 2000 verbis
1175 1958 1245 1998 eam

154 2019 325 2082 concludit.
374 2018 431 2082 arai
450 2019 585 2093 οἰκούσας
610 2013 895 2085 contraxerant
918 2021 1019 2103 δῆμος
1040 2019 1101 2082 τῶν
1119 2019 1245 2096 Βυζαν-

148 2097 226 2164 τίαν
248 2098 416 2186 ου’φῆμησε
435 2100 492 2164 τὸν
511 2105 644 2180 βασιλέα
668 2106 795 2166 Λέοντα
815 2103 923 2166 πολλὰ.
966 2101 1021 2164 καί
1040 2099 1246 2166 ‹inconcione-

150 2205 203 2256 σος
220 2182 279 2246 τὸν
299 2185 396 2248 aritia
412 2185 583 2248 Ἰσοκοὶσιον
603 2177 763 2268 οἷπῇγσγον
785 2186 880 2250 atria
901 2183 963 2248 α’πό
984 2187 1042 2248 τοῦ
1061 2182 1244 2260 Ζεοξίπποα

153 2265 201 2338 εἷς
227 2265 284 2348 τὴν
309 2265 448 2350 μεγάλην
472 2269 662 2351 ῑὲκαλνγσοάν,
691 2272 746 2331 καί
776 2273 966 2352 κατηχηθιίς
986 2267 1170 2350 ἐφωτίσθη,
1192 2265 1247 2326 καί

154 2349 303 2432 ἐπέμφθη
321 2355 367 2424 εἰς
384 2353 443 2431 τὴν
459 2352 571 2430 χώραν
590 2349 700 2417 av’roe‘.
740 2355 827 2437 quod
846 2355 898 2414 ubi
915 2355 1044 2438 popular
1062 2353 1247 2430 Byzantium

153 2434 298 2513 audivit,
321 2434 424 2519 focate
445 2440 567 2522 saepius
595 2439 789 2499 acclamavit
814 2439 887 2519 imp.
909 2449 1117 2519 arreptamque
1138 2433 1245 2494 Isocc-

153 2520 236 2580 cium
255 2519 444 2583 dedecoraret
463 2541 489 2583 a
513 2522 680 2603 Zaraippo
701 2521 746 2581 ad
768 2540 916 2599 magnam
936 2521 1101 2590 ecclesiam,
1122 2516 1172 2577 ubi
1191 2536 1247 2576 ru·

152 2602 292 2665 dthrcata
305 2602 387 2686 fidei
404 2604 533 2685 adamas,
553 2618 582 2667 et
599 2605 790 2682 sacrofonte
817 2605 965 2681 lucratae,
987 2604 1021 2663 in
1038 2600 1175 2685 ρσινίσνα
1198 2619 1247 2657 re·

152 2706 260 2747 αιιααο
277 2700 331 2748 est.

237 2785 323 2847 Ibid.
340 2790 387 2854 18.
429 2786 526 2849 Λέων
547 2782 565 2848 ri
585 2780 748 2864 βασιλεύς]
771 2806 806 2847 ex
826 2783 999 2847 Theodoro
1021 2782 1150 2857 lectore,
1164 2780 1246 2841 Pro·

153 2868 238 2949 copii
259 2869 312 2930 tib.
340 2870 381 2931 de
406 2868 488 2931 hailo
519 2870 651 2941 Vendat.
679 2866 835 2931 tornando
864 2869 903 2931 de
929 2888 1098 2949 regnorum
1124 2882 1246 2925 succes-

152 2952 250 3025 sione,
273 2962 306 3015 et
330 2974 424 3050 ouem
444 2960 557 3015 auctor
570 2954 647 3014 citat
658 2954 777 3031 Prisco,
798 2974 919 3013 necnon
934 2948 1072 3013 Candido
1094 2946 1165 3009 hist.
1189 2947 1243 3007 tib.

155 3034 188 3098 1.
213 3030 255 3095 tri
278 3055 360 3097 aare
381 3032 532 3117 Ἀφρικὴν
552 3037 747 3098 Βασιλίσκοο
771 3028 974 3115 εὖτυχὴματοὶ
993 3053 1036 3109 τε,
1060 3030 1116 3092 καί
1133 3030 1268 3092 δυστυ-“

153 3110 289 3198 χὴματα
311 3118 423 3181 titteris
445 3120 656 3203 consignante,
678 3118 718 3181 de
738 3114 954 3206 qoojPhotins
976 3118 1046 3178 cod.
1063 3112 1113 3175 79.

239 3222 309 3296 179,
329 3225 359 3287 7.
401 3218 602 3302 αεντηνάρια]
624 3221 834 3301 centenariae,
855 3239 918 3280 non
932 3216 1091 3299 ponderis,
1110 3210 1162 3275 sed
1185 3232 1246 3273 nu-

152 3299 233 3363 meri
254 3324 368 3367 nomen
391 3312 446 3382 est,
472 3304 559 3387 qnod
580 3314 706 3366 centum
723 3303 874 3372 librarum
893 3300 1039 3383 ponderis
1059 3298 1107 3359 sit.
1152 3292 1240 3391 quod

148 3382 273 3467 pondus
295 3394 430 3471 propter
449 3387 677 3469 perfectionem
700 3386 870 3449 centenarii
894 3384 1015 3446 numeri
1037 3385 1170 3445 Romam
1190 3398 1242 3437 rn-

149 3467 329 3532 stitnerunt.
381 3470 461 3531 iihra
489 3470 655 3533 duodecim
682 3470 780 3533 unciis
807 3468 980 3553 perficitur.
1003 3463 1139 3527 isidorus
1161 3460 1240 3543 orig.

152 3549 207 3612 lib.
225 3555 264 3618 16
285 3574 353 3635 cap.
375 3552 426 3615 94.

236 3652 322 3719 Ittd.
346 3657 395 3721 19.
435 3654 569 3731 βασιλέα
590 3646 808 3737 πεποιήκασιν]
835 3650 925 3713 aliam
947 3652 1102 3714 rationem
1122 3646 1247 3729 profert

152 3730 274 3795 Snidas.
305 3758 334 3802 v.
356 3726 495 3817 Ἀσπαρ.
532 3728 579 3799 t'n
609 3738 805 3813 Μαρκιανοῠ
831 3736 986 3817 βασιλέως
1015 3730 1158 3813 χρήστων
1187 3728 1247 3803 μὲν

151 3813 334 3894 γεγονότος,
364 3820 482 3881 θᾶττον
511 3818 547 3880 δὲ
574 3817 812 3896 inpediendam,
843 3818 942 3879 οιῖιοῦ
963 3814 1117 3897 astricta
1139 3808 1245 3894 γνώμῃ

143 3892 275 3981 'Aeaco
289 3900 415 3964 Λέοντα
440 3899 588 3979 διάδοχον
601 3901 702 3964 αὐτοῦ
721 3903 869 3981 γενέσθαι
889 3900 1131 3979 παρεσκεύασεν,
1154 3896 1247 3955 Mar·

152 3984 238 4045 σίααι·
260 3984 405 4047 nimirum
434 3987 640 4068 tentamina·
667 3988 832 4069 principis,
862 4000 897 4046 at
926 3986 1013 4045 citius
1039 3982 1153 4041 settara·
1179 4002 1245 4043 sen·

150 4068 250 4211 ppptia
286 4084 317 4131 ct
346 4072 449 4148 harh,
482 4070 631 4156 Asparem
662 4069 757 4131 Leoni
789 4068 912 4152 imperii
943 4066 1152 4129 successionem
1187 4062 1244 4126 de·

199 4172 268 4219 csse.
