3050 4900
598 341 752 409 sorus.
1136 329 1209 409 345

127 517 219 582 uicon
244 509 391 575 Alexand.
431 509 588 591 πρότερον
617 505 757 593 εἰληφός
775 503 809 571 τό
830 500 919 590 tyros
939 505 1103 590 βάπτισμα
1122 506 1210 591 παρὰ

124 595 271 674 Εόζωΐου
302 589 474 658 ἐπισκόπου
498 586 697 672 Ἀντιοχείας
723 595 973 671 μετασταλέκτος
1008 594 1041 655 εἰι
1068 595 1108 680 τῇ
1131 591 1213 676 αὐτῇ

124 685 205 766 μονῇ
225 673 363 739 uinitori
393 674 496 738 αότοό
516 677 750 740 Κωκσταττιόυ.
801 677 887 738 cuins
910 678 1073 758 interpres.
1095 682 1213 760 accepto

124 767 166 828 ab
186 760 506 828 Euzoi‘oAutiochiue
524 761 664 843 episcopo
683 782 725 820 ex
745 761 925 822 monasterio
946 765 1052 842 (pravo
1074 761 1213 820 omnino.

126 867 255 931 repone.
295 841 342 905 ud
360 865 428 904 eam
450 843 548 926 ipsum
570 843 743 904 statimrem:
776 843 817 904 de
834 865 895 926 qua
919 855 991 905 unte
1012 854 1100 904 notas
1120 863 1215 904 unam

128 941 160 996 et
180 931 321 1003 alteram)
340 948 400 1010 per
419 925 627 987 Constantium
655 929 818 1003 accersito,
839 929 1025 1012 baptismate.

209 1023 333 1103 70,16.
375 1024 432 1102 τῆς
464 1023 500 1086 δὲ
526 1019 676 1103 περιόδου
708 1022 781 1106 ρλβ’
802 1018 976 1124 α’ρχομόυης
1002 1025 1056 1108 τῆς
1078 1021 1130 1110 ιβ]
1159 1045 1217 1106 ey..

128 1113 191 1175 clus
215 1105 490 1172 decemnovellanis
509 1105 600 1168 lunae
619 1128 677 1188 per
693 1109 839 1187 solarem,
862 1131 917 1192 qm
939 1118 986 1172 est
1007 1129 1161 1171 annornm
1176 1108 1218 1171 28

128 1197 258 1270 ductus,
280 1191 446 1275 periodum
477 1213 632 1252 annorum
661 1190 722 1251 532
744 1193 915 1255 constitnit.
964 1193 1043 1255 huuc
1063 1194 1162 1255 decies
1181 1213 1217 1253 nc

128 1277 220 1341 sernel
242 1277 372 1358 repetitu
392 1295 487 1335 annos
508 1273 612 1336 reddit
623 1273 714 1351 5852,
756 1296 854 1357 quure
873 1275 996 1356 periodi
1017 1275 1218 1338 duodecimae

129 1383 284 1424 crinorum
304 1357 366 1420 539
386 1358 503 1439 primus
523 1358 608 1418 limes
628 1379 710 1417 anuo
731 1357 813 1420 5853
833 1360 955 1440 ligetur.
997 1359 1151 1420 variantes
1174 1361 1218 1420 le·

129 1449 246 1510 ctiones
269 1441 436 1504 ostendunt
456 1440 508 1502 hic
527 1440 743 1522 reponendum
766 1441 822 1519 τῆς
844 1441 880 1503 δὲ
902 1439 942 1502 ια’
961 1438 1112 1518 περιόδου
1134 1434 1219 1523 ρλβ’.

212 1541 265 1621 71,
286 1539 316 1602 5.
359 1530 413 1601 διό
445 1538 569 1618 πλῆθος
596 1535 761 1620 όμαρτιιόκ
787 1536 887 1620 ἡμῶν]
921 1549 957 1602 ut
983 1541 1098 1601 malum
1126 1561 1219 1602 omne

129 1647 252 1711 poenus
284 1623 380 1685 etiam
408 1623 441 1684 iu
469 1632 672 1704 posterorum
700 1633 864 1704 peccatum
894 1625 1033 1687 velutin
1054 1626 1220 1708 propriam

131 1710 285 1794 originem
306 1704 485 1782 refundunt,
501 1705 628 1768 Graecis
648 1707 805 1768 usitatum.

212 1807 306 1872 Ihm·
321 1806 368 1868 12.
410 1803 605 1867 παντοδαποὶ
620 1802 769 1887 θεήλατοι
792 1801 905 1891 όργαό]
928 1815 1100 1872 narrantur
1120 1829 1138 1868 a
1158 1805 1220 1868 Sc.

132 1913 263 1956 romono
283 1890 336 1950 lib.
357 1887 379 1950 3
400 1909 468 1970 cup.
492 1889 523 1954 2.

214 1990 294 2055 lbr’d.
318 1988 367 2053 15.
410 1983 567 2066 Εόσόβιοκ
596 1985 632 2049 et
655 1981 713 2049 τότ
739 1987 864 2070 πρῶτον
891 1987 953 2051 cciv
972 1987 1146 2068 βασιλικόν
1167 1985 1222 2049 εό-

133 2066 268 2156 scalpus]
290 2071 434 2134 Socrates
455 2069 510 2131 lih.
529 2072 550 2133 3
570 2075 676 2153 cap-1
699 2072 827 2154 exponit
846 2071 1027 2154 προεστῶτα
1048 2073 1107 2134 τοῦ
1125 2073 1223 2150 βασι-

135 2157 225 2218 λικοῦ
244 2155 402 2225 κοιτῶνος.
428 2155 625 2216 Marcellinus
654 2153 707 2215 lih.
721 2153 759 2215 91
784 2156 868 2217 velut
887 2157 1051 2238 interpres.
1094 2158 1225 2216 σιτέεται

136 2239 378 2302 Comtamriaiani
395 2238 530 2298 ‘thalami
549 2259 624 2299 cura
643 2240 810 2300 commissa.
862 2237 914 2299 hic
933 2239 1044 2300 mortis
1065 2239 1128 2300 eius
1150 2260 1223 2300 cuu-

135 2345 202 2383 sam
226 2320 453 2384 intolerabilem
472 2321 648 2402 superbiam
677 2330 710 2382 et
739 2320 834 2382 enimi
856 2323 1033 2385 ferocientis
1055 2321 1226 2384 crudelita-

57 2464 64 2479 ,
136 2415 222 2478 tem;
244 2404 293 2467 ille
313 2404 443 2465 iniurias
464 2402 590 2489 reliquis
611 2404 709 2467 illatas
731 2413 764 2467 ct
792 2406 823 2467 in
845 2404 967 2469 Gallum
988 2407 1149 2468 Caesarem
1171 2425 1226 2467 cu-

139 2489 289 2552 lumniam
312 2488 454 2570 assignat.

219 2570 303 2637 ibid.
325 2568 373 2633 16.
416 2568 525 2643 όόιιοξε
548 2568 584 2631 δὲ
604 2567 660 2631 καὶ
676 2562 751 2640 τοός
771 2556 886 2641 ἄλλους
906 2564 1091 2651 εόυοόχους]
1107 2570 1228 2655 palati..

138 2676 191 2718 uos
210 2675 318 2715 omnes
348 2674 413 2716 nuo
436 2654 535 2716 verho
564 2652 696 2714 includit
715 2654 926 2735 Marcellinus,
948 2674 1083 2738 quornm
1105 2652 1227 2732 deiude,

137 2759 316 2822 coquorum
351 2738 482 2799 maxime
510 2744 542 2798 et
565 2746 746 2809 tonsorum,
778 2736 1046 2799 memorationem
1075 2744 1224 2805 recenset.

139 2820 285 2904 legendus
320 2819 371 2883 ille
391 2820 536 2891 omniuo,
556 2828 593 2881 ut
612 2840 661 2882 ces
681 2831 766 2903 gestu
792 2822 925 2903 penitius
948 2820 1149 2903 inspiciatur:
1172 2842 1228 2885 au-

138 2906 236 2969 ctoris
258 2902 362 2965 autem
375 2902 472 2965 verbu
491 2924 562 2963 cum
576 2902 714 2966 Socratis
734 2911 821 2965 textu
842 2904 1062 2987 comparanda.

139 3088 191 3151 Mu
222 3001 279 3144 7}
296 2999 326 3063 3.
367 2998 422 3065 όιό
456 2998 681 3087 φιλαργυρίαι]
715 3003 803 3088 qnod
833 3003 1064 3068 coniiciendum
1091 3004 1229 3089 suggerit

193 3107 247 3147 rce
271 3106 349 3146 runs.

224 3168 303 3234 lbr‘d.
315 3166 346 3229 8.
388 3162 609 3253 όκεπόμπευοκ]
627 3189 776 3266 pompare
803 3176 836 3230 et
852 3172 1020 3257 paurputr'oe
1033 3168 1132 3231 dum
1154 3168 1230 3231 red-

141 3252 191 3315 dit
210 3251 405 3313 Anastasius:
430 3250 517 3334 qnod
539 3260 603 3327 est,
634 3253 673 3314 ud
697 3252 882 3315 inurendam
901 3252 1057 3315 infamium
1077 3273 1136 3335 per
1158 3251 1229 3337 plu-

139 3346 227 3412 teus,
247 3336 363 3412 lurum,
387 3334 508 3396 circum
529 3344 562 3396 et
582 3334 669 3396 vicos
686 3334 890 3417 ignominiose
910 3334 1084 3415 traducere,
1105 3336 1144 3397 nb
1168 3336 1231 3398 ho..

139 3419 240 3493 noris,
261 3418 293 3477 in
317 3417 446 3480 ludibrii
468 3438 679 3480 sensnmvoce
701 3421 859 3482 translata.
903 3419 1077 3481 chronicon
1098 3419 1231 3482 Alexan.

139 3501 278 3577 cirinum,
295 3522 332 3563 ex
354 3521 418 3584 qno
441 3500 481 3562 ud
502 3502 636 3563 verbnm
655 3502 754 3565 ferme
775 3500 853 3567 haec
874 3502 1049 3588 desumpta.
1091 3500 1134 3566 δι’
1155 3492 1232 3583 όλης

139 3586 197 3667 τῆς
216 3577 337 3658 πόλεως
359 3583 548 3667 περιέφερον
573 3584 710 3667 scripsit.

227 3682 308 3745 Ibid.
329 3678 378 3747 17.
430 3682 630 3765 ἐφυβρίστως
645 3680 871 3783 κρεμάσαντες]
902 3684 938 3747 ir
957 3680 1097 3766 σχήματι
1117 3676 1233 3764 suedri-

141 3766 224 3842 λαις,
247 3766 287 3827 ed
307 3765 456 3847 lampadis
480 3786 632 3864 appensae
661 3787 823 3844 normam,
844 3768 945 3853 iuquit
966 3768 1139 3831 chronicon
1162 3766 1233 3829 Ale·
1337 3788 1346 3803 ·

140 3848 341 3926 auudrinnm,
363 3868 399 3911 ex
422 3870 486 3933 quo
509 3861 576 3911 ists.
601 3869 712 3911 vocem
731 3845 902 3930 κακόήλαις
923 3861 1084 3913 commuto
1107 3851 1139 3915 in
1160 3871 1234 3910 κου·

142 3928 250 4012 δήλης.
291 3932 349 3993 nisi
370 3940 406 3993 ut
427 3940 579 4015 corrupte
600 3932 790 3995 recentiores
804 3935 1021 4017 pronuntiant,
1041 3934 1136 3997 muris
1156 3932 1234 3994 scri·

141 4013 223 4077 here
242 4010 398 4097 κανδήλας
420 4014 452 4077 in
477 4015 626 4099 genitivo.
677 4016 721 4077 itu
742 4036 778 4077 er
799 4016 860 4077 istis
877 4017 979 4099 pluro,
1000 4018 1093 4081 etiarn
1116 4014 1235 4078 dictio-

143 4118 216 4159 nem
236 4098 334 4181 ipsum
362 4119 399 4160 ex
425 4097 480 4161 illo
511 4098 663 4161 chronico
694 4106 852 4162 mutuatus
886 4110 931 4163 est
948 4096 1175 4185 Theophanes:
1198 4096 1234 4163 ex'

147 4181 291 4261 Socrate,
311 4182 516 4248 Theodoreto
537 4191 570 4247 et
585 4182 760 4248 δοτοωεαο
783 4183 912 4269 reliqua.
1118 4188 1122 4208 ⁵
