3050 4900
494 375 544 436 Ex
578 369 836 438 ‘rusorum
1160 363 1207 484 717

143 563 238 604 serum
260 539 384 602 leucius
416 540 565 603 insensate
596 560 628 603 so
650 540 761 603 hebuit
789 541 874 602 circa
896 531 1131 623 depositionem
1153 563 1212 605 no.

140 647 259 708 meoque
277 625 386 686 Felicis
408 647 425 686 a
447 623 601 709 diptychis
623 625 755 687 abstulit.
797 631 961 706 praeterea
974 625 1123 686 Calandin
1144 627 1306 709 api-peon

140 731 239 791 scopos
259 707 469 770 antiochenus
490 710 664 790 asportavit
684 706 962 790 corpusEnstathii
974 709 1077 791 magui
1097 731 1115 768 a
1135 711 1212 772 Phi.

140 793 230 874 lippis,
252 792 303 853 nbi
321 799 353 853 et
373 791 464 852 exilio
480 801 618 853 retentus
634 791 817 867 dormierat,
838 801 955 853 etcum
969 792 1092 854 bonore
1113 795 1212 857 multo

139 875 205 936 huic
224 877 341 936 decimo
364 875 498 935 miliario
515 884 583 936 tota
603 875 710 937 civitas
732 875 857 936 obviam
871 874 966 935 venit.
1008 875 1136 938 bivero
1159 879 1214 960 qui

138 979 166 1020 se
186 959 222 1020 ab
242 957 368 1021 ecclesia
388 970 610 1040 separaverant
630 967 768 1042 propter
784 957 916 1019 eundem
935 967 1087 1038 sanctum,
1109 981 1215 1023 rursus

140 1041 211 1102 uniti
228 1049 385 1124 suntpost
405 1051 530 1102 centum
550 1062 645 1104 annos
658 1041 857 1103 dormitionis
877 1041 951 1104 cius.
993 1050 1122 1104 mortuo
1143 1065 1217 1106 saue

137 1124 241 1190 nescio
263 1145 335 1186 cum
354 1123 515 1186 Phravitas
538 1146 599 1207 per
632 1134 695 1186 tres
716 1145 832 1186 menses
862 1125 1077 1208 episcopatum
1098 1129 1217 1190 tennis-

139 1217 194 1284 set,
216 1209 338 1291 scripsit
351 1208 447 1270 Felici
460 1209 546 1292 qnod
560 1209 588 1270 ei
609 1208 736 1293 quidem
749 1210 1006 1283 communicarat,
1027 1208 1125 1283 Petro
1138 1229 1216 1274 vero

138 1293 241 1376 bloggo
264 1311 330 1356 uon
350 1291 605 1354 communicaret.
649 1291 811 1377 ediverso
833 1299 937 1354 antem
959 1294 1074 1374 Moggo
1094 1294 1219 1376 scripsit

139 1378 214 1458 quod
242 1376 270 1437 ei
292 1372 418 1459 quidem
449 1377 712 1454 communicaret,
749 1375 885 1437 Felicem
915 1385 1018 1437 autem
1043 1377 1220 1439 Romanum

139 1467 299 1522 averteret.
342 1479 453 1520 verum
474 1459 715 1540 exemplaribus,
738 1479 819 1542 quae
837 1457 877 1519 ad
899 1461 1048 1542 Moggum
1068 1458 1219 1522 destinata

137 1542 252 1604 fuerant
275 1541 315 1602 ab
340 1541 532 1619 orthodoxis,
543 1543 638 1621 Felix,
660 1550 828 1626 antequem
849 1541 1042 1624 apocrisiarii
1055 1543 1220 1607 Phravitse

138 1645 200 1686 cnm
213 1624 370 1710 synodicis
381 1626 600 1708 pervenissent,
621 1626 766 1706 acceptis,
787 1625 844 1686 bos
863 1647 935 1687 eum
952 1624 1147 1690 inhonestate
1165 1649 1220 1691 re-

137 1709 218 1770 misit.
270 1709 420 1770 defuncto
451 1719 555 1772 autem
589 1709 738 1772 Phravita
769 1707 958 1791 Eopbcmius
987 1709 1153 1794 presbyter
1186 1717 1220 1773 et

138 1791 382 1874 ptochotrophos
402 1793 573 1875 Neapoleos
593 1792 808 1875 episcopatum
838 1792 1151 1875 Constantinopoleos
1170 1805 1220 1857 te-

136 1877 204 1952 nuit,
224 1877 390 1938 confestim
409 1877 549 1960 propriis
569 1877 710 1938 manibus
725 1897 838 1938 nomen
851 1875 957 1960 Moggi
986 1874 1102 1940 delevit
1125 1900 1144 1938 a
1171 1877 1220 1944 tli-

137 1951 268 2042 ptycbis,
297 1958 403 2045 sicque
424 1961 458 2022 iu
479 1960 521 2023 eis
553 1959 661 2024 sedens
690 1960 724 2022 in
745 1958 864 2023 tbrosm
892 1979 1007 2023 nomen
1035 1960 1146 2024 Felicis
1167 1961 1219 2023 iu.

136 2043 259 2126 scripsit.

209 2149 322 2214 blondi
344 2169 426 2211 anno
447 2147 549 2233 5982,
572 2147 693 2213 divinae
715 2149 937 2213 incarnationis
957 2171 1039 2213 anno
1060 2145 1138 2229 tet,
1156 2148 1220 2215 Pe-

121 2240 196 2304 ,trus
216 2237 351 2317 Moggus
383 2241 525 2294 mortuus
547 2242 595 2296 est
614 2235 835 2313 Alexandriae,
854 2253 929 2318 *pro
952 2257 1016 2318 quo
1037 2235 1316 2315 Athanasiusp.2⁰l

97 2377 100 2382 ,
137 2327 331 2380 consecratus
351 2326 397 2379 est
418 2327 627 2400 cognomento
644 2317 757 2380 Cilites.
799 2326 845 2379 ast
865 2319 1040 2400 imperator
1060 2319 1144 2381 Zeno
1167 2342 1221 2382 re.

139 2400 202 2483 quie
224 2400 347 2499 potitus
381 2421 399 2462 a
429 2400 591 2481 barbaris,
612 2401 651 2465 ab
674 2401 869 2464 Antiochena
891 2400 1113 2463 calendionem
1133 2403 1222 2487 pellit

138 2486 264 2566 ccclesia,
289 2483 408 2545 exulem
420 2485 533 2547 faciens
551 2484 635 2567 apud
647 2485 753 2565 Oasin,
770 2487 963 2567 Petrumqne
978 2484 1123 2567 Cnapbea
1144 2508 1221 2548 con.

136 2568 240 2629 stituit.
297 2568 458 2629 Nestorem
486 2576 590 2629 autem
609 2569 806 2650 Tarsensem,
829 2568 948 2651 Cyrum
966 2568 1222 2651 leropolitanum,

136 2650 277 2714 loannem
300 2650 520 2734 Cyrestensem,
543 2654 719 2713 Romanum
741 2650 1032 2727 chalcedonensem,
1053 2650 1223 2714 Eusebium

136 2732 375 2815 samosatenum,
391 2736 543 2796 lulianum
555 2735 811 2817 Mopsuestinum,
832 2732 963 2796 Paulum
985 2736 1222 2799 Constantiaca-

135 2837 203 2899 sesp,
222 2822 354 2881 Manum
374 2818 623 2881 Hermeniensem
646 2820 844 2882 etAndream
857 2816 1223 2901 Theodosiopolitennm,

136 2902 187 2962 sub
208 2903 346 2964 obtentu
376 2902 503 2985 quidem
529 2901 645 2963 favoris
681 2904 768 2985 quasi
800 2904 884 2965 circe
906 2910 1057 2985 tyrannos
1084 2904 1223 2987 exhibiti,

134 2984 183 3046 sed
204 2986 342 3048 veritate
362 2995 499 3068 propter
520 3006 582 3047 non
603 2997 764 3068 receptum
781 2985 938 3055 enolicum
958 2985 1041 3069 abigi
1061 2989 1224 3071 praecepit

137 3068 281 3131 ecclesiis.
326 3070 438 3130 Petrus
460 3076 563 3129 antem
573 3068 734 3152 Cnspbeus
746 3068 943 3130 Antiochiam
957 3070 1107 3151 ingressus
1126 3072 1224 3133 multa

135 3152 210 3213 mala
232 3161 382 3234 operatum
403 3160 468 3229 est,
499 3152 767 3214 anathematismos
794 3151 939 3215 videlicet
959 3152 1070 3235 synodi
1093 3153 1224 3216 Chalce-

136 3234 287 3317 donensis,
310 3234 631 3315 inreprehensibilium
653 3236 840 3300 deiectiones
856 3234 1086 3316 episcoporum,
1107 3238 1224 3299 subro-

134 3317 271 3399 gationes
286 3326 318 3379 et
336 3319 509 3381 creationes
529 3318 659 3399 illicitas,
680 3328 712 3383 et
727 3319 774 3381 his
787 3318 908 3391 similis,
932 3325 1004 3378 ante
1024 3318 1127 3381 omnia
1148 3320 1224 3383 tris-

135 3405 201 3483 agio
226 3400 346 3487 hymno
369 3399 482 3464 addens
516 3402 660 3465 “Christe
688 3424 741 3466 rex
762 3404 817 3487 qui
837 3398 1002 3463 crucifixus
1021 3422 1083 3483 pro
1105 3404 1223 3467 uobis.”

134 3482 245 3546 Petrus
268 3494 374 3547 autem
394 3486 508 3547 iterum
527 3488 651 3549 veniens
674 3486 847 3570 amputavit
865 3482 1008 3547 “Christe
1020 3490 1102 3549 rex.'’
1121 3508 1223 3569 porro

133 3568 313 3630 Xenochias
342 3590 446 3631 servus
471 3570 603 3633 Satanae
631 3569 821 3632 dominicam
846 3576 879 3632 et
898 3575 1079 3631 sanctornm
1100 3570 1225 3633 dicebat

133 3670 194 3712 non
217 3652 431 3733 recipiendam
453 3651 628 3737 imaginem.
677 3676 749 3715 cum
780 3653 863 3716 enim
887 3657 965 3711 esset
983 3652 1110 3715 natione
1130 3656 1225 3716 Persa

133 3742 164 3795 et
183 3736 316 3797 tertona
348 3758 472 3813 servus,
494 3737 655 3799 dominum
682 3759 774 3799 snum
801 3738 857 3799 snb
883 3733 1075 3798 calendione
1103 3736 1225 3821 fugiens

133 3817 227 3895 villas,
251 3840 333 3901 quse
357 3819 441 3881 circa
473 3820 669 3883 Antiochiam
700 3830 828 3899 sunt‚e
856 3820 918 3881 tide
941 3818 1130 3892 retrahebat,
1152 3842 1225 3881 cum

133 3920 195 3962 non
213 3910 295 3963 esset
314 3902 509 3985 baptizatus,
531 3924 563 3967 se
584 3904 733 3966 clericum
753 3926 817 3967 esse
837 3902 950 3965 diceus·
1003 3902 1088 3964 bunc
1111 3905 1223 3966 Calan-

134 3984 185 4045 din
208 3984 339 4068 quidem
359 3987 489 4067 pepulit,
510 3988 621 4049 Petrus
643 4008 719 4049 vero
742 3989 906 4069 Cnapbeus
935 3982 1115 4067 episcopum
1137 3989 1225 4051 lera-

135 4068 243 4149 poleos
268 4070 414 4131 ordinans
435 4072 627 4132 Philoxenon
651 4080 773 4132 rnutato
787 4071 911 4131 nomine
933 4072 1131 4151 nuncupavit.
1151 4067 1327 4141 comp-2⁰⁸

34 4192 35 4217 ,
135 4160 241 4213 autem
264 4154 462 4233 postmodum
485 4176 556 4216 eum
576 4156 767 4237 baptizatum
788 4177 851 4216 nnn
873 4169 937 4216 esse
957 4148 1121 4232 didicisset,
1141 4156 1225 4216 “sub

34 4318 35 4325 ἵ
136 4234 215 4296 sscit”
241 4236 345 4321 inquit
365 4238 414 4299 “ei
435 4238 671 4322 probaptismo
692 4238 918 4303 consensor
951 4236 1148 4320 -Eupbemius
1166 4258 1223 4299 au.
