3050 4900
618 350 766 442 sorar.
1164 365 1240 445 493

154 550 241 605 ctum
262 541 456 621 Heraclium,
477 564 557 627 qnae
579 562 626 606 ras
647 566 761 619 novas,
785 556 817 609 et
839 546 978 609 inaudita
998 544 1145 631 dogmata
1223 568 1242 613 o

155 628 218 689 aliis
240 627 436 711 ingererent:
460 628 492 687 in
515 628 670 691 nonnullis
691 632 774 691 enim
795 654 812 691 a
835 630 1007 693 severianis
1028 630 1165 715 discrepo
1189 642 1243 695 ant

112 736 114 741 ·
155 712 324 773 lacobitae.
366 704 397 771 4.
421 710 520 771 ultimi
551 713 727 795 argumenti
759 713 842 796 apud
871 735 939 789 me,
969 714 1017 775 vel
1037 715 1184 779 cordatos
1205 738 1243 779 ea

154 803 277 857 tautum
300 794 362 856 erit
380 792 463 871 fides,
484 816 563 877 quae
585 816 617 857 se
638 796 775 879 probata
796 796 985 860 auctoritate
998 798 1126 861 senserit
1148 798 1242 860 fulci.

155 878 275 941 eadam.
318 875 394 938 illud
424 876 551 960 insuper
578 900 691 941 moneo
719 899 758 941 eo
794 878 826 939 in
854 880 1078 961 Theophanem
1106 882 1243 944 discursu

152 984 251 1045 prave
267 960 436 1022 Baroninrn
446 961 545 1045 argui,
569 962 634 1046 qui,
645 962 789 1025 Cedreno
801 962 938 1025 Heraclii
949 975 980 1025 et
997 964 1153 1027 Athanasii
1175 966 1244 1027 ool·

155 1046 297 1130 loquium
318 1044 350 1106 in
370 1065 485 1106 aunum
508 1044 548 1105 25
571 1054 754 1127 reponente,
787 1045 827 1108 nd
849 1068 963 1108 anuum
986 1046 1028 1108 90
1048 1047 1125 1110 illud
1148 1069 1244 1111 revo-

153 1130 243 1191 carit.
284 1129 396 1191 seriem
434 1128 516 1189 enirn
548 1150 705 1191 annorum
736 1130 791 1214 qni
820 1128 931 1213 legerit
950 1130 1034 1211 apud
1055 1132 1242 1212 Cedreuum,

158 1210 349 1298 typographi
369 1210 474 1286 solius,
496 1212 578 1274 haud
599 1212 725 1275 Bnronii
747 1212 890 1275 advertet
908 1222 1058 1281 erratum.

242 1310 314 1388 507,
338 1309 385 1377 10.
436 1305 466 1373 ol
487 1303 688 1389 Ἰακωβῖται,
720 1312 778 1376 καὶ
808 1306 839 1375 ol
868 1310 1098 1397 Oeodwrorot'l
1120 1312 1160 1377 de
1178 1313 1243 1379 istis

154 1392 318 1480 Euagrius,
329 1393 369 1457 de
388 1394 446 1457 illis
468 1404 621 1458 tractatus
641 1396 672 1457 in
692 1394 1120 1459 historiaMonothelitarnm.

236 1492 308 1572 509,
329 1492 359 1557 9.
400 1490 437 1555 τὰ
465 1489 620 1575 πλήρωμα
648 1496 702 1575 τῆς
734 1494 914 1581 ἐκκλησίας]
948 1494 1025 1558 illud
1055 1519 1118 1560 esse
1141 1506 1243 1560 totum

154 1579 347 1646 ecclesiastici
371 1578 446 1641 oleri
467 1590 656 1641 conventum
677 1580 891 1641 demonstrant
911 1580 1032 1661 Basilii,
1052 1590 1084 1645 et
1104 1579 1242 1667 Chryso-

155 1665 249 1731 stomi
270 1662 424 1745 liturgiae,
443 1670 475 1724 et
496 1660 722 1746 euchologium.

235 1764 318 1827 Ibid.
328 1761 375 1825 19.
418 1760 453 1825 ἔκ
473 1762 529 1825 τοῦ
551 1762 706 1839 §anausoni
725 1760 860 1843 αἵματος
880 1762 940 1823 rosi
958 1760 1117 1847 Χριστοῦ]
1135 1763 1170 1826 dr
1183 1764 1245 1843 μέ-

156 1852 236 1911 λανι.
278 1850 312 1911 in
335 1851 580 1909 atramentarium
606 1850 751 1929 sangrriae
771 1846 861 1921 fuso.
908 1845 1046 1909 inscitiae
1073 1848 1245 1911 Baroaiam

154 1929 424 2099 atttltthtz
438 1928 1246 2098 lstssttt⁰„l⁰flttlt¹ttttt.tttttasstffla‘slssiz

151 2100 242 2161 verit.
255 2108 287 2161 at
299 2118 363 2160 non
378 2097 561 2179 ignorantia,
575 2094 629 2159 sed
636 2096 799 2161 Theodori
811 2096 953 2159 insolitae
965 2096 1092 2159 notionis
1106 2100 1245 2162 modesta

152 2182 214 2245 tait
227 2182 353 2245 Beronii
366 2181 528 2263 expositio,
543 2180 599 2265 qui
613 2201 681 2243 eam
695 2182 783 2242 nullo
799 2181 945 2243 ecclesiae
960 2182 1025 2242 ritu
1035 2192 1246 2264 praeceptam,

153 2277 209 2330 aut
228 2273 407 2347 usurpatam
422 2263 570 2327 asseruit·
585 2262 671 2347 quod
683 2264 823 2327 ducentis
843 2271 917 2346 post
927 2263 1013 2326 anuis
1025 2267 1163 2347 episcopi
1171 2267 1247 2328 Ori·

156 2350 270 2413 entales
292 2348 439 2412 distillata
461 2349 491 2408 iu
512 2347 771 2410 atramentarium
786 2345 900 2409 Christi
922 2346 979 2408 suh
1000 2346 1065 2408 vini
1084 2348 1244 2429 speciebus

154 2432 302 2516 sanguiue
319 2430 566 2514 subscripserint,
587 2439 642 2494 ant
656 2430 779 2515 antiqui
797 2438 1025 2492 sacramentum
1047 2453 1119 2493 cam
1136 2442 1243 2518 satyro

154 2517 311 2582 Ambrosii
331 2515 463 2579 tulerint
493 2535 607 2593 secum,
628 2524 682 2577 aut
705 2535 767 2576 uua
798 2513 830 2573 in
850 2515 1006 2574 tumulum
1025 2519 1245 2598 praeceperint

155 2599 374 2684 sepeliendum,
399 2597 569 2662 addidisset
589 2595 787 2660 etiamhodie
806 2596 845 2658 ab
866 2595 1017 2678 episcopis
1039 2599 1165 2662 Graecis
1185 2621 1244 2683 pe·

155 2683 404 2768 regriaantibus,
426 2681 512 2766 qnod
538 2681 614 2743 mihi
646 2679 837 2763 experientia
864 2685 996 2757 constat,
1012 2699 1072 2762 per
1091 2691 1192 2746 terras
1212 2691 1246 2746 et

156 2771 254 2832 maria
274 2764 422 2844 delatum,
441 2766 488 2830 rei
508 2765 634 2850 quidem
652 2763 846 2826 insolentiam
868 2762 981 2844 arguit,
1004 2785 1043 2825 ac
1063 2769 1244 2829 nonnullam

157 2855 353 2916 Graecorum
372 2870 408 2912 ex
427 2849 558 2935 antiqno
580 2871 636 2914 usu
658 2845 980 2922 audentinm‚'uullam
1001 2853 1104 2910 tumen
1117 2851 1245 2914 Beronii

156 2935 374 3020 ignorantiam,
393 2933 442 2996 vel
463 2933 550 3018 quod
569 2934 635 3018 ipsa
655 2939 798 3009 testatur,
816 2928 947 2992 similem
961 2931 1108 2996 ecclesiae
1127 2935 1245 2998 Roma.

157 3041 215 3082 uns
239 3019 335 3082 ritum
359 3016 471 3099 arguit.

237 3114 309 3194 510,
329 3115 360 3179 3.
401 3114 446 3200 τῷ
467 3114 504 3178 di
526 3111 657 3201 drroirp]
679 3113 795 3178 reiecta
813 3111 967 3197 particula
987 3112 1178 3176 adversativa
1197 3114 1245 3196 dd,

156 3199 415 3284 praecedentibus
436 3200 512 3262 haee
534 3197 737 3282 adiungenda.
779 3195 1015 3282 synoduseuim
1035 3197 1087 3260 hic
1110 3197 1245 3280 laudata,

157 3283 196 3348 de
218 3307 279 3368 qun
303 3285 430 3346 iuferius
452 3282 490 3345 ad
511 3305 624 3346 anunm
635 3282 810 3358 Constantis
829 3279 861 3360 8,
881 3282 1033 3364 temporis
1055 3279 1244 3346 characteri·

157 3369 214 3430 bus
237 3367 412 3430 huiusmodi
430 3366 602 3450 iruignitur.

241 3475 321 3538 Ibid.
342 3472 390 3538 14.
432 3465 450 3534 t
471 3468 619 3556 ἐρημαός
636 3466 789 3559 uentris]
809 3471 1028 3540 Machamedus
1049 3471 1245 3537 desertorum

156 3559 290 3621 Arabiae
311 3559 423 3621 incola.

240 3667 322 3732 tou.
337 3663 388 3730 16.
432 3661 511 3728 sarai
532 3660 567 3727 sd
593 3663 621 3726 Γ
619 3660 747 3744 aprinis,
771 3661 828 3727 καὶ
842 3661 1066 3749 Ἰερμυυχθᾶν]
1086 3681 1247 3726 memora·
1290 3682 1294 3696 ·

48 3823 51 3830 ν
156 3756 212 3811 tur
232 3749 359 3812 iuferius
382 3747 422 3812 ad
441 3771 555 3812 anunm
580 3745 711 3810 Heraclii
735 3743 777 3812 24
797 3757 829 3812 et
850 3747 902 3810 25.

241 3855 354 4004 5112ss-
394 3847 487 3940 ὁτῆς
500 3853 663 3940 instantis<
676 3851 822 3940 διώκτης]
846 3855 1012 3919 Constans'a
1034 3851 1073 3917 de
1084 3873 1148 3937 quo
1171 3851 1245 3914 anni

157 3961 331 4112 '‘quellid..
351 4047 381 4109 5.
432 4046 552 4126 α’πεβιῒο
582 4045 769 4128 Manassen]
804 4043 1029 4129 comparandus
1059 4041 1245 4126 Theophani

157 4131 314 4198 Abraham
334 4131 549 4209 Enchelleusis,
570 4130 609 4192 da
629 4129 884 4192 Moslamiuoram
905 4128 1056 4211 imperio:
1077 4130 1143 4208 ipse
1162 4149 1246 4212 qno..

158 4234 220 4299 qne
237 4214 444 4298 Theophanes
463 4214 587 4278 sibimet
599 4211 804 4278 conferendus
817 4211 900 4298 apud
912 4211 1151 4278 maruntium
1161 4213 1246 4276 Por.
