3050 4900
304 352 375 426 178
464 356 674 423 ANAsTlstt
704 356 901 425 flitmum
917 350 1228 423 tcctmtls'nm

301 568 320 607 a
339 546 514 607 comunitate
544 542 689 607 videlicet
717 541 865 625 Septimi,
893 564 976 627 quae
1000 541 1104 627 vergit
1122 540 1162 604 sd
1178 540 1397 624 coelae-sesi,

223 628 228 633 ’
300 628 400 692 idest
429 650 448 688 ι
473 624 570 690 domo
601 648 683 710 qnae
710 630 882 709 Mogneurs
912 626 1039 701 dicitur,
1060 635 1093 689 et
1112 647 1219 687 russos
1238 646 1338 709 osque
1353 628 1394 687 sal

301 734 406 775 arcem
428 732 522 795 qnam
556 711 740 795 cyclobium
770 712 896 787 dicunt,
916 730 1061 793 quosque
1078 718 1199 791 spectat
1219 708 1258 770 sd
1278 710 1395 773 Orien·

301 806 374 859 tem.
416 802 598 877 pertotum
634 795 740 877 itaque
763 794 846 855 diem
871 795 1049 876 congressio
1071 793 1141 854 belli
1162 795 1341 870 tenebatur,
1361 793 1396 859 id

301 892 346 941 est
371 900 498 939 amone
516 898 614 960 usqne
643 879 682 940 ad
711 898 880 958 vesperam,
911 875 1125 939 altrochinlio
1145 898 1260 939 oureus
1280 886 1394 959 portae

300 984 398 1046 usque
423 962 463 1022 ad
489 961 688 1045 Cyclobium,
718 961 854 1022 invicem
881 968 1017 1044 utruque
1046 969 1139 1041 porte
1159 980 1244 1023 nuno
1264 960 1396 1043 impulsu

301 1068 383 1107 nunc
407 1043 592 1127 impellente.
649 1045 681 1105 in
709 1043 757 1107 his
777 1044 877 1127 igitur
909 1042 1084 1127 degnerunt
1104 1044 1144 1105 ab
1167 1043 1266 1126 Aprili
1290 1064 1395 1107 mense

300 1152 396 1213 usqne
417 1130 457 1189 su
481 1128 734 1211 Septembrium,
763 1134 796 1189 et
816 1128 932 1191 reversi
950 1128 1098 1211 Cyzicum
1115 1138 1262 1210 pergunt,
1284 1137 1316 1189 st
1336 1128 1396 1189 bso

299 1211 521 1295 comprehensu
543 1212 605 1273 illic
626 1210 816 1288 hiemato-t,
835 1220 868 1273 et
890 1212 976 1273 omni
1004 1230 1079 1273 vste
1098 1211 1263 1273 ascendens
1282 1209 1393 1273 simili-

299 1306 349 1358 ter
370 1318 427 1377 per
446 1316 532 1357 mare
553 1294 736 1357 conflictum
770 1316 843 1355 cum
871 1293 1051 1355 Christianis
1079 1292 1224 1357 habehat.
1264 1314 1325 1375 per
1343 1315 1395 1357 se·

301 1390 385 1463 ptem
406 1400 478 1441 sans
500 1400 597 1440 annos
620 1377 666 1439 his
688 1378 803 1441 eisdem
825 1379 925 1461 gestis,
946 1385 978 1440 et
1000 1376 1104 1438 divina
1125 1376 1239 1463 deique
1259 1378 1393 1461 genitri.

300 1464 341 1523 cis
354 1482 415 1545 ope
438 1460 637 1524 multitudine
660 1462 803 1523 virorum
815 1460 1038 1523 bellicosorum
1057 1458 1174 1543 amissa,
1195 1470 1228 1524 et
1249 1458 1397 1523 vulnera·

299 1548 385 1609 tione
408 1546 537 1607 maxima
559 1544 590 1607 io
615 1546 658 1607 eis
672 1545 793 1621 effecto,
815 1544 936 1605 confusi
952 1544 1069 1606 reversi
1089 1552 1162 1607 sunt
1183 1564 1255 1606 cum
1276 1544 1395 1629 ingenti

298 1630 458 1695 maestitia.
516 1650 589 1689 cum
616 1636 720 1689 autem
742 1628 922 1693 discessisset
945 1626 1027 1689 idem
1050 1625 1314 1711 demergendusfs
1335 1628 1394 1691 dec

296 1713 391 1777 stolus
441 1711 481 1774 od
501 1710 626 1773 hiemali
647 1722 733 1774 aestu
747 1710 787 1775 'et
813 1710 928 1795 spirito
948 1710 1161 1795 procellarum
1181 1712 1394 1795 circo=partes

196 1816 223 1871 p·
237 1804 288 1857 stt
298 1762 410 1881 syllaei
438 1793 727 1878 comprehenditur,
748 1804 781 1858 et
801 1796 956 1859 contritus
976 1804 1059 1857 totus
1080 1794 1266 1859 omnimodis
1285 1794 1394 1880 periit.

298 1879 449 1961 Sophiam
487 1888 592 1940 autem
620 1878 697 1941 lilios
734 1878 866 1962 Hanph,
897 1878 1049 1943 secundus
1087 1878 1201 1957 freter,
1239 1878 1395 1943 commisit

297 1962 413 2025 bellum
433 1983 504 2023 cum
528 1962 625 2023 Floro
650 1968 682 2025 et
697 1962 836 2025 Petrono
858 1962 1062 2049 etCypriono
1082 1959 1267 2025 habentibus
1289 1964 1396 2025 virtu·

298 2054 360 2109 tem
382 2047 583 2123 Roma'icnm,
605 2054 637 2109 et
657 2046 848 2109 occiduntur
875 2046 1013 2108 Arabum
1033 2046 1163 2129 triginta
1184 2044 1278 2108 milia.
1319 2055 1398 2109 tuuc

299 2128 462 2191 Callinicus
486 2128 674 2193 architectus
695 2130 734 2193 ab
756 2126 914 2215 Heliopoli
939 2128 1048 2215 Syriae
1074 2128 1114 2191 ad
1135 2130 1293 2193 Romanos
1313 2150 1395 2213 pro.

296 2213 385 2299 fugos
408 2212 515 2294 venit,
548 2214 602 2298 qui
625 2214 746 2275 marino
769 2213 840 2297 igue
868 2214 1013 2275 coniecto
1034 2234 1105 2275 vaso
1126 2211 1264 2275 Arabum
1283 2213 1396 2275 exussit

295 2307 328 2359 et
350 2318 412 2359 nnn
438 2318 509 2359 cnm
541 2298 699 2359 animabus
729 2316 859 2380 prorsus
894 2296 1041 2363 incendit.
1093 2296 1138 2359 ita
1158 2295 1293 2361 Romani
1320 2317 1394 2363 cum

298 2378 460 2466 triumpho
483 2381 599 2445 reversi
623 2382 703 2464 sunt,
725 2382 795 2466 igne
813 2379 981 2443 adinvento
1001 2378 1135 2449 marino.

378 2497 486 2560 Mundi
511 2519 592 2560 anno
606 2495 702 2577 6166,
723 2499 847 2562 divione
868 2497 1092 2560 incarnationis
1113 2519 1196 2560 nouo
1211 2495 1287 2576 666,
1308 2519 1394 2562 suno

294 2601 371 2644 vero
403 2581 527 2666 imperii
559 2583 753 2646 Constantini
788 2590 874 2644 sexto
904 2581 1123 2647 Constantinus
1155 2581 1307 2657 babetur,
1334 2583 1391 2666 qui

296 2665 661 2748 Constantinopolitanae
683 2687 742 2750 per
764 2665 841 2729 duos
854 2687 960 2726 annos
989 2662 1134 2728 ecclesiae
1160 2665 1219 2727 fuit
1250 2665 1394 2743 antistes;

296 2747 489 2832 Abdelssque
510 2749 589 2810 filius
611 2748 691 2810 Celsi
723 2761 756 2814 et
777 2747 927 2811 Phodalas
946 2745 1048 2812 hieme
1069 2747 1154 2836 opud
1178 2749 1303 2835 Cretum
1324 2771 1395 2814 mo·

297 2831 358 2891 rati
381 2841 465 2892 sunt.

382 2941 470 2998 Anno
503 2937 629 3020 imperii
657 2936 851 3001 Constantini
885 2938 1019 3024 septimo
1047 2907 1201 3024 apparuit
1215 2937 1337 3030 signum
1359 2939 1394 3002 iu
1508 2952 1514 2958 ’

297 3020 383 3084 caclo
407 3021 458 3083 (lie
474 3021 614 3082 subbato.

378 3129 469 3192 Anno
498 3128 622 3212 imperii
646 3129 841 3192 Constantini
874 3137 987 3193 octavo
1003 3127 1191 3192 Theodorus
1212 3127 1393 3191 Constanti·

296 3212 497 3294 nopolitanus
510 3213 646 3274 habetur
661 3215 797 3292 antistes,
819 3213 874 3298 qui
889 3214 1012 3295 dnobus
1024 3213 1110 3274 anuis
1127 3213 1274 3275 ecclesise
1294 3233 1392 3296 prae-

295 3295 364 3356 fuit.
408 3317 471 3382 quo
497 3318 580 3360 anno
603 3297 684 3360 facta
708 3310 754 3362 est
774 3297 895 3361 locusta
915 3317 1105 3382 magnaper
1125 3296 1249 3382 Syrium
1271 3305 1305 3359 et
1324 3297 1394 3358 Me-

295 3379 511 3464 sopotamiam.

379 3499 471 3558 Anno
492 3497 615 3580 imperii
638 3497 832 3562 Constantini
859 3517 944 3560 nouo
978 3497 1104 3582 ingressi
1125 3507 1199 3560 sunt
1219 3495 1395 3560 Mardaitue

297 3579 469 3658 Libanum,
494 3590 531 3644 ‚et
562 3591 732 3647 tenuerunt
763 3603 782 3642 a
801 3583 914 3643 Mauro
935 3591 1044 3645 monte
1076 3602 1175 3665 usque
1196 3580 1237 3641 sd
1255 3588 1396 3645 muctam

297 3662 473 3738 civitatem,
509 3673 541 3726 et
572 3673 724 3747 ceperunt
754 3666 917 3728 cacumina
942 3666 1071 3741 Libani,
1094 3673 1127 3728 et
1147 3663 1238 3727 multi
1257 3664 1341 3726 servi
1362 3671 1397 3726 et

198 3768 225 3824 p·
236 3751 289 3809 tlt
298 3747 415 3829 captivi
448 3748 568 3830 pariter
598 3756 630 3812 et
657 3747 820 3830 indigenae
851 3749 1063 3832 confugerunt
1094 3747 1133 3809 ad
1154 3767 1218 3827 eos,
1239 3747 1283 3808 ita
1301 3747 1395 3808 utin

298 3830 387 3892 brevi
418 3839 560 3914 tempore
591 3831 621 3894 in
656 3831 757 3895 multo
784 3831 868 3894 milis
898 3833 1022 3895 fierent.
1084 3831 1196 3916 quibos
1223 3831 1395 3914 compertis

298 3913 436 3976 Matthias
456 3927 488 3978 et
509 3915 677 3978 consiliarii
700 3916 766 3978 eius
789 3915 963 3978 timuerunt
983 3914 1082 3992 valde,
1105 3916 1283 3999 colligentes
1305 3915 1396 3998 quod

297 3997 463 4079 imperium
485 4001 700 4060 Romanorum
728 3997 874 4062 divinitus
894 4001 1082 4064 muniretur.
1122 4011 1158 4061 et
1179 3999 1288 4080 dirigit
1307 3999 1395 4080 legs.

296 4087 345 4141 tos
367 4080 407 4142 ad
431 4083 607 4165 prinoipem
624 4081 871 4159 Constantinum,
894 4083 1054 4165 postulans
1074 4105 1193 4166 pacem,
1214 4091 1247 4144 et
1266 4080 1395 4167 pollici.

297 4173 346 4222 tus
377 4165 520 4226 annualia
554 4187 586 4227 se
616 4166 803 4248 imperatori
832 4176 924 4250 pacta
951 4167 1098 4228 laturum.
1149 4173 1195 4227 ast
1216 4165 1396 4247 imperator

294 4245 507 4311 huiuscemodi
522 4249 626 4334 legatls
638 4251 793 4334 susceptis,
807 4267 981 4336 eorumque
996 4251 1151 4334 petitione
1162 4246 1278 4326 andiu,
1298 4245 1397 4310 desti·
