3050 4900
237 278 310 351 ’188
395 278 830 351 Anastasia-nuruum
858 282 1165 353 EOCLFBthTlCA

316 462 405 519 Auno
435 456 558 539 imperii
588 456 744 519 lastiniani
780 456 900 519 decimo
931 460 1028 518 aciem
1050 454 1164 519 direxit
1181 454 1325 517 hluauaed

234 540 379 603 adversus
400 548 544 624 quartam
571 542 768 618 Armeniam,
795 551 828 603 et
861 540 1024 621 captivatis
1051 541 1154 602 multis
1184 560 1325 603 reversas

232 632 289 685 est.
332 622 442 685 eodem
469 644 596 706 quoque
622 644 704 688 anno
729 623 910 687 lastinianus
938 624 976 685 ah
999 624 1132 705 imperio
1153 624 1257 708 pulsus
1279 633 1325 683 est

233 706 293 767 hoc
313 704 419 769 modo.
441 704 527 767 iussit
548 706 705 788 Stephano
750 706 863 769 atricio
886 716 918 768 et
936 708 1091 789 praetori,
1113 714 1324 787 cognomento

136 790 336 868 nantuato,
359 798 456 851 noctu
478 790 655 853 interlicere
686 726 795 873 ruique
816 790 1205 873 Constantinopolitanum,
1230 810 1326 873 upa·
1398 794 1401 799 ’

231 873 369 935 triarchn
401 872 599 938 inchoaturo.
652 874 800 936 Leontius
830 895 909 935 vero
937 874 1085 957 patricius
1113 882 1144 935 ct
1168 872 1323 955 quondam

233 958 379 1040 magister
397 956 530 1017 militum
552 956 779 1034 Orientalium,
801 958 857 1041 qui
878 957 909 1017 in
928 956 1014 1019 bellis
1033 976 1124 1037 saepe
1146 956 1324 1037 probahili-

139 1051 141 1060 '
233 1050 284 1101 ter
305 1049 439 1123 gesserat
460 1047 491 1101 et
513 1048 576 1101 tres
599 1040 629 1100 in
657 1042 798 1103 custodia
820 1049 1013 1122 transegerat
1037 1062 1142 1117 annos,
1164 1048 1324 1100 accusatus

231 1122 384 1207 extemplo
416 1132 579 1185 revocatus
613 1130 644 1185 et
663 1132 794 1205 praetor
815 1124 947 1186 Helladis
995 1134 1135 1185 remotus
1154 1132 1209 1197 est,
1230 1128 1325 1183 iussus

231 1217 334 1268 autem
363 1214 408 1269 est
436 1206 552 1268 intres
582 1206 706 1270 immitti
728 1207 896 1270 dromones
926 1144 1096 1292 eademque
1116 1205 1166 1268 die
1184 1206 1223 1267 ah
1245 1206 1325 1267 urhe

230 1290 358 1352 annueri.
380 1299 474 1352 nocte
495 1311 571 1353 vero
590 1312 683 1372 peaes
706 1291 902 1353 luliancsiam
922 1302 1052 1373 portum
1075 1288 1221 1375 Sophiae,
1242 1288 1326 1351 iuxta

229 1394 265 1435 ea
287 1396 366 1457 quiae
381 1374 529 1437 dicuntur
540 1375 642 1435 Mauri
655 1375 759 1455 situm,
779 1374 890 1437 aditor
909 1374 1062 1457 agundum
1078 1374 1116 1435 ab
1131 1373 1208 1433 urhe
1220 1382 1324 1433 motus

229 1456 361 1519 statione
380 1458 439 1518 lixa
469 1455 537 1519 vale
559 1457 682 1519 dicebat
705 1457 823 1537 amicis,
845 1458 901 1542 qui
915 1456 954 1518 ad
972 1480 1005 1519 se
1023 1458 1198 1521 ueniebant.
1241 1455 1326 1517 inter

230 1562 307 1623 qnos
328 1541 367 1603 ad
388 1562 460 1603 eum
472 1562 588 1603 uenere
601 1541 739 1624 germani
752 1551 880 1627 quoq'uo
893 1539 1012 1603 sodales
1032 1541 1105 1616 eius,
1115 1538 1228 1601 Paulus
1240 1538 1325 1601 scili.

229 1633 278 1686 cct
297 1622 466 1687 monachus
483 1624 660 1703 callistrati,
682 1624 783 1709 quiet
803 1633 1008 1691 astronomus.
1031 1632 1064 1687 et
1075 1623 1229 1706 Georgius
1240 1622 1324 1705 Cap·

228 1708 340 1789 padua,
352 1708 407 1791 qui
425 1718 457 1769 et
481 1706 665 1769 clusiarohes
688 1707 842 1787 extiterat,
863 1706 976 1770 deiude
988 1707 1158 1769 monachus
1173 1708 1271 1767 factus
1294 1713 1327 1768 et

227 1790 416 1873 hegumenus
437 1791 536 1869 Fieri,
562 1790 667 1873 quiin
689 1792 831 1854 custodia
848 1792 1041 1876 frequentius
1062 1790 1149 1852 illum
1168 1788 1327 1853 visitantes

228 1873 424 1935 affirmabant
445 1894 516 1935 eum
538 1872 760 1957 imperatorem
773 1876 988 1938 Romanorum
1009 1875 1160 1937 futurum.
1193 1882 1226 1933 at
1246 1892 1325 1933 veru

227 1958 374 2019 Leontius
396 1954 530 2019 diritati
550 1979 601 2019 ens
624 1962 700 2022 “vos
723 1968 845 2021 comum
866 1958 897 2019 iu
912 1958 1053 2021 custodia
1072 1978 1168 2041 super
1187 1954 1323 2038 imperio

227 2062 277 2102 me
298 2039 420 2118 fecistis,
446 2048 478 2105 et
506 2062 588 2103 nunu
620 2041 686 2103 nita
709 2063 779 2104 mea
800 2042 833 2104 in
854 2041 940 2103 malis
970 2042 1101 2117 linitur,
1124 2038 1326 2123 postmodum

229 2123 347 2209 quippe
370 2146 471 2186 meam
504 2144 561 2187 ero
591 2146 651 2207 per
679 2125 810 2209 singulas
833 2125 926 2189 horas
945 2124 1136 2212 praestolans
1159 2124 1325 2185 mortem.''

230 2207 284 2291 qni
307 2206 451 2269 dixerunt
472 2206 557 2291 “ipse
581 2230 619 2269 ne
639 2208 808 2293 pigriteris,
828 2220 860 2273 et
873 2206 936 2271 hoc
957 2208 1101 2292 protinus
1126 2205 1324 2289 adimpletur.

132 2288 302 2369 omittendi
322 2312 377 2353 nos
397 2298 538 2369 tantum,
569 2299 601 2353 et
627 2313 757 2377 sequere
788 2294 876 2353 nos.'’
929 2301 962 2355 et
993 2292 1154 2374 assumptis
1176 2289 1325 2352 Leontius

228 2374 404 2435 hominihus
423 2374 494 2454 suis,
517 2383 549 2437 et
569 2376 662 2437 armis
685 2384 847 2462 quotquot
876 2375 995 2454 hahuit,
1019 2373 1156 2438 ascendit
1176 2376 1207 2435 in
1227 2392 1325 2456 prae-

230 2457 346 2520 torium
366 2459 488 2521 silentio
511 2461 626 2533 multo;
650 2467 681 2522 et
698 2461 855 2544 pulsantes
900 2470 1003 2522 ortam
1024 2461 1247 2544 imperatorem
1268 2477 1326 2518 ve·-

230 2542 306 2604 nisse
326 2543 483 2626 fingebant
503 2542 543 2604 ad
562 2543 771 2626 disponendos
785 2565 864 2627 quos
887 2567 947 2621 am,
969 2544 1024 2629 qui
1046 2545 1110 2604 illic
1132 2563 1196 2606 csse
1215 2561 1326 2602 nosce·

230 2635 350 2687 roratur.
399 2646 534 2710 cumque
559 2625 623 2688 hoc
644 2628 822 2690 nuntiatum
853 2628 957 2688 fuisset
976 2628 1149 2710 praefecto,
1172 2625 1227 2710 qui
1249 2633 1325 2686 tunc

230 2719 309 2786 erat,
328 2719 360 2772 et
380 2708 432 2770 ille
458 2709 581 2771 concite
615 2709 746 2771 venisset
778 2721 811 2772 et
829 2719 937 2794 portas
958 2709 1138 2792 aperuisset,
1157 2710 1284 2792 capitur
1306 2729 1326 2768 a

230 2793 380 2868 Leontio,
411 2801 443 2854 et
464 2793 557 2875 alapis
579 2811 682 2853 caesus
711 2793 826 2876 ligatur
845 2815 952 2854 manus
974 2793 1129 2876 etpedes.
1173 2794 1326 2874 ingressus

231 2883 334 2936 autem
354 2875 521 2953 Leontius,
553 2883 585 2936 et
607 2877 785 2938 carceribus
815 2878 966 2955 reseratis,
986 2878 1156 2961 solutisque
1176 2876 1249 2937 viris
1271 2895 1327 2936 re-

231 2959 322 3020 trusis
344 2957 495 3021 multiset
514 2957 671 3036 fortibus,
728 2959 759 3020 ui
787 2981 837 3023 sex
868 2969 901 3024 et
930 2969 1004 3022 octo
1035 2963 1121 3023 annis
1142 2961 1174 3021 in
1196 2955 1326 3020 vinculis

231 3043 365 3117 fererant,
389 3061 526 3140 quornm
546 3042 651 3123 plures
672 2979 783 3106 miiites
808 3055 907 3124 eraut,
928 3042 986 3106 hos
1007 3045 1150 3123 armavit,
1171 3025 1202 3106 et
1222 3043 1254 3103 iu
1275 3041 1327 3101 fo·

232 3145 302 3187 rum
325 3124 419 3186 exivit
441 3147 512 3189 cum
534 3125 576 3188 cis
596 3127 729 3200 clamans
752 3131 933 3213 “quotquot
955 3127 1132 3207 Christiani,
1153 3127 1193 3188 ad
1207 3127 1238 3186 S.
1262 3126 1328 3186 So-

231 3205 368 3291 phiam.’'
410 3219 442 3272 et
461 3211 587 3273 mittens
608 3231 668 3294 per
696 3229 820 3273 omnem
841 3214 1000 3295 regionem
1019 3233 1098 3274 voce
1118 3233 1171 3272 sua
1191 3211 1327 3270 clamare

234 3371 235 3374 p
258 3290 405 3375 raeuepit.
458 3293 626 3356 multitudo
658 3316 734 3356 vero
758 3295 890 3357 civitatis
912 3295 1098 3358 tumultuata
1119 3295 1264 3356 celeriter
1286 3289 1327 3351 ad

231 3313 365 3437 ihtercm
397 3377 543 3440 eeclesiae
572 3387 758 3462 congregata
797 3387 850 3440 est.
899 3378 965 3462 ipse
994 3399 1071 3442 vero
1102 3400 1173 3439 cum
1203 3375 1325 3437 duobus

233 3459 392 3521 monachis
417 3461 521 3524 amicis
551 3461 610 3523 suis
633 3471 664 3523 et
687 3461 873 3546 quibusdam
896 3483 932 3524 cx
953 3463 1138 3525 clarioribus
1160 3461 1245 3533 viris,
1270 3456 1327 3541 qui

233 3563 269 3604 ex
290 3541 430 3605 carstodia
464 3554 536 3606 sunt
564 3545 694 3628 egressi,
717 3545 944 3628 patriarchium
965 3545 1101 3609 ascendit
1124 3544 1163 3605 ad
1186 3543 1326 3625 patriar-

233 3626 331 3686 cham.
376 3629 532 3690 inveniens
548 3639 649 3691 autem
662 3639 694 3692 et
710 3629 810 3710 ipsum
829 3639 966 3712 propter
980 3630 1029 3692 illa
1052 3651 1133 3715 quae
1153 3629 1235 3688 iussa
1253 3632 1326 3685 suut

234 3711 368 3790 patricio
390 3708 547 3794 Stephano
576 3713 658 3774 Rulo
688 3713 870 3790 turbatum,
899 3714 1065 3796 persuadet
1083 3722 1115 3773 et
1138 3708 1327 3772 descendere

137 3795 274 3879 panorm
299 3794 450 3870 luterem,
473 3804 505 3857 et
525 3796 659 3858 clamare
679 3798 723 3858 sic
746 3795 844 3858 “haec
865 3797 928 3858 dies
948 3821 1041 3879 quam
1057 3794 1325 3856 fecit'dominus.'’

234 3875 376 3939 universa
398 3899 475 3941 vcro
497 3877 662 3940 multitudo
683 3878 866 3942 levaverunt
895 3901 1003 3941 uocem
1027 3879 1238 3941 “effodiantur
1260 3897 1327 3934 ossa

235 3961 425 4038 iustiniani,''
446 3971 477 4024 et
496 3963 539 4023 ita
558 3962 589 4023 in
614 3963 869 4044 hippodromium
897 3964 997 4024 omnis
1017 3963 1159 4024 cucurrit
1181 3957 1326 4042 populus.

234 4065 369 4127 carraque
388 4045 451 4106 dics
476 4045 557 4108 sacta
577 4045 689 4128 fuisset,
710 4045 848 4108 educunt
872 4047 1076 4110 lastinianum
1098 4047 1130 4107 in
1151 4039 1328 4126 hippodro-

234 4131 340 4205 mium,
363 4151 498 4213 nasoque
528 4130 620 4213 ipsius
649 4138 682 4192 et
702 4131 805 4214 lingua
839 4131 937 4193 recisa
961 4132 1081 4192 exulem
1102 4130 1220 4190 faciunt
1241 4125 1326 4209 apud
