3050 4900
501 363 555 426 Ex
582 359 840 430 satornana.
1147 359 1218 431 1³3

211 525 324 592 hlundl
344 551 427 592 anno
446 525 540 610 6⁰⁹4,
563 532 684 596 divinae
704 530 926 597 incarnationis
946 552 1028 594 anno
1040 529 1113 609 594,
1134 553 1217 612 anno

132 635 207 676 aare
230 614 355 696 imperii
369 615 416 676 sni
433 614 473 676 20
489 617 655 680 Mauricius
677 617 708 676 in
740 638 773 679 se
798 637 948 693 reversus,
970 615 1111 678 etseiens
1133 612 1219 698 quad
1227 639 1255 692 p.
1266 616 1319 673 43⁹

133 697 210 760 nihil
221 697 315 758 deum
324 696 420 760 lateat
431 697 485 760 sed
494 699 608 762 reddat
622 699 764 763 amnibus
775 699 945 762 secundum
958 720 1055 780 opera
1070 701 1221 783 ipsorum,

132 789 165 842 et
182 782 358 862 recogitans
379 803 532 846 excessum
554 805 646 865 quem
667 785 699 844 in
721 784 962 866 captivationem
972 791 1222 864 perpetraverat,

135 885 196 926 nun
217 864 373 926 redimens
397 887 474 947 eam,
493 867 639 948 expedire
653 865 803 928 iudicavit
822 867 854 927 in
873 865 934 929 hae
954 867 1020 927 uita
1039 887 1173 949 paenam
1190 887 1224 929 se

133 948 275 1029 recipere
298 967 360 1029 pra
380 956 529 1030 peceato,
552 957 585 1012 et
608 969 670 1012 non
693 949 723 1010 in
747 951 873 1029 futura,
893 957 927 1012 et
948 951 1044 1013 factas
1064 971 1172 1030 preces
1191 949 1225 1010 in

132 1031 256 1112 scriptis
280 1032 462 1094 transmittit
482 1033 522 1096 ad
539 1051 644 1096 omnes
657 1032 880 1116 patriarchales
900 1032 985 1095 sedes
1007 1043 1039 1094 et
1058 1033 1099 1096 ad
1118 1053 1224 1096 amnes

134 1113 275 1176 civitaten
296 1115 354 1176 sibi
374 1115 536 1194 subiectas,
559 1126 591 1180 et
616 1117 657 1179 ad
680 1117 869 1178 monasteria
890 1125 1062 1200 quaesunt
1084 1117 1116 1178 in
1133 1116 1225 1179 here-

134 1217 186 1260 mo
209 1205 243 1259 et
262 1197 503 1282 Hierosolymis,
531 1210 563 1262 et
584 1197 623 1261 ad
647 1201 748 1262 lauras
779 1201 924 1282 pecunias
946 1209 977 1262 et
999 1221 1105 1263 cereos
1126 1209 1159 1263 et
1174 1199 1225 1261 in-

134 1301 236 1358 censa,
257 1291 293 1344 ut
314 1291 517 1364 orarentprn
536 1303 578 1362 se,
599 1305 663 1367 qua
683 1281 737 1346 hie
755 1283 920 1366 reciperet
932 1292 965 1344 et
978 1305 1040 1345 nnn
1063 1283 1094 1344 in
1116 1283 1225 1346 future

133 1363 270 1426 saeculo.
310 1363 577 1428 scandalizabatur
612 1375 714 1428 antem
738 1375 772 1430 et
791 1365 823 1426 in
844 1365 1054 1449 Philippicnm
1075 1387 1226 1448 genarum

135 1469 258 1594 tta
279 1446 612 1615 tttllttplttt
629 1447 1227 1616 ”tfflzt‘lttstttllltttt

136 1621 168 1676 et
185 1610 270 1696 apud
292 1635 325 1676 se
345 1613 452 1676 dolum
475 1617 594 1680 nullum
615 1557 756 1683 hiberae
814 1637 947 1700 cumque
965 1615 1133 1680 Mauricius
1152 1635 1228 1698 sup·

136 1697 269 1779 plicaret
291 1695 350 1760 deo
372 1699 617 1763 misericerdiam
638 1699 815 1783 praestandi
837 1700 957 1762 animae
979 1720 1072 1775 suae,
1092 1697 1228 1782 quadam

137 1791 230 1842 uncte
259 1779 415 1843 dormiens
446 1783 527 1846 vidit
560 1783 681 1846 inrisu
711 1783 795 1867 apud
824 1805 950 1846 aeneam
972 1781 1079 1865 palatii
1099 1770 1228 1865 portdm

137 1863 261 1947 imagini
279 1863 440 1928 salvatoris
463 1887 495 1928 se
518 1876 618 1930 estare
630 1912 639 1944 ,
668 1875 701 1931 et
730 1868 890 1950 copiosum
921 1867 1075 1951 papulum
1106 1865 1329 1948 paritum-till

138 1948 336 2010 misenum
378 1957 455 2012 tunc
482 1951 563 2014 faeta
585 1958 631 2014 est
660 1972 719 2014 ver
741 1971 778 2013 er
798 1949 979 2012 charactere
999 1948 1103 2032 magni
1124 1947 1175 2010 dei
1196 1957 1229 2010 et

137 2029 298 2092 salvatoris
318 2031 418 2092 nostri
440 2035 506 2096 lesu
529 2033 662 2116 Christi,
683 2033 788 2096 dicem
818 2033 912 2095 “data
943 2033 1173 2107 lllauricinus;'’¹
1197 2039 1230 2094 et

137 2122 276 2176 mentes
309 2133 379 2178 euna
410 2115 598 2178 iudiciorum
626 2117 761 2180 ministri
798 2116 1005 2180 exhibuerunt
1038 2114 1122 2199 apud
1149 2135 1229 2198 pur.

138 2217 273 2280 pureum
293 2197 497 2278 umbilicum,
524 2201 576 2285 qui
613 2209 682 2264 erat
702 2199 775 2264 illic.
827 2208 860 2262 et
882 2202 926 2263 ait
948 2197 989 2262 ad
1009 2221 1080 2262 eum
1097 2196 1231 2282 proprie

139 2301 218 2344 vnce
238 2281 314 2343 “ubi
334 2281 378 2342 vis
400 2281 529 2346 reddam
547 2283 625 2361 tibi,
656 2284 707 2347 hie
727 2305 766 2344 an
790 2284 823 2344 in
845 2284 954 2345 future
976 2281 1143 2344 saeculo?”
1187 2301 1230 2342 uu

141 2362 190 2426 itte
207 2363 315 2428 audita
337 2366 499 2448 respondit
513 2373 655 2428 “ametor
671 2367 833 2428 hominnm
847 2365 975 2428 domine
987 2375 1019 2428 et
1030 2366 1109 2427 iuste
1129 2303 1232 2442 iudex,

141 2445 192 2509 hic
211 2447 328 2531 potius,
351 2460 382 2511 et
404 2471 466 2512 non
490 2449 656 2515 insaecula
674 2451 759 2513 illo.’'
783 2460 816 2513 et
837 2448 924 2511 iussit
942 2448 1047 2511 divina
1066 2470 1126 2511 vex
1147 2446 1231 2509 tradi

140 2532 328 2593 Mauricium
351 2542 382 2597 et
402 2534 637 2597 Constantinum
658 2552 788 2597 uxorem
808 2532 876 2594 eius
903 2541 935 2594 et
954 2531 1033 2593 filios
1055 2539 1088 2591 et
1106 2551 1232 2592 emnem

140 2615 357 2697 cognatimem
379 2617 471 2698 ipsius
489 2618 614 2680 Phocae
633 2616 734 2679 militi.
776 2616 1008 2712 expergefactus
1023 2634 1099 2694 erge
1114 2612 1233 2675 Mauri·

139 2698 215 2774 cius,
238 2707 271 2759 et
287 2720 398 2761 vocans
418 2722 489 2763 eusn
510 2702 565 2784 qui
594 2722 702 2763 coram
722 2720 754 2759 se
782 2697 968 2771 demebat,
990 2696 1074 2758 misit
1092 2696 1132 2758 ad
1154 2695 1232 2757 Phi.

139 2780 290 2864 lippicum
322 2804 470 2865 generum
503 2805 605 2862 aurun,
628 2792 665 2845 ut
684 2782 830 2846 celeriter
848 2804 920 2844 eum
941 2779 1110 2843 adduceret
1126 2780 1169 2849 nd
1189 2801 1231 2842 se.

139 2886 277 2948 cumque
292 2864 343 2927 ille
357 2867 490 2946 abiisset,
505 2868 629 2930 vocavit
640 2888 732 2941 eum;
753 2866 808 2950 qni
821 2886 948 2948 surgens
961 2864 1114 2927 aduocata
1133 2884 1232 2925 urere

136 2969 193 3010 sua
214 2948 367 3011 osculatus
386 2960 433 3013 est
463 2972 547 3025 eem,
578 2950 681 3015 dicens
701 2948 820 3011 “salvas
849 2948 911 3011 iam
931 2970 995 3009 uon
1014 2970 1064 3009 me
1085 2945 1232 3009 videbis?

162 3052 221 3093 uae
242 3032 424 3095 exclamavit
447 3054 519 3095 eum
540 3034 617 3097 flatu
640 3055 716 3097 rece
731 3054 842 3116 magna
857 3030 1231 3113 adparacoemumennm,

138 3054 244 3178 dicens
266 3116 398 3177 “adiuro
420 3127 452 3179 te
471 3138 531 3198 per
550 3116 652 3195 deum,
679 3136 758 3201 quae
779 3125 826 3179 est
845 3136 935 3177 causa
956 3114 999 3176 nh
1020 3137 1112 3196 quam
1136 3133 1231 3197 quae-

139 3198 183 3261 rit
206 3220 279 3260 cum
298 3198 358 3261 hac
377 3200 494 3263 horal’'
525 3208 557 3261 at
585 3198 636 3263 ille
657 3199 773 3263 iuravit
798 3220 831 3262 se
852 3200 1009 3297 ignorare,
1029 3207 1060 3257 et
1083 3196 1231 3277 quiere.

137 3291 234 3364 pente
254 3280 293 3344 de
311 3304 423 3347 sumno
453 3285 628 3366 imperator
657 3303 818 3366 exsurgens
838 3282 1000 3343 misitne.
1040 3276 1233 3361 Philippicas

139 3386 216 3447 ergo
241 3366 394 3449 quaesivit
413 3388 527 3451 corpus
550 3366 664 3429 Christi
682 3366 858 3449 percipere,
879 3364 977 3428 etsie
997 3363 1036 3425 ad
1058 3362 1325 3444 imperato-plat

138 3470 373 3595 titillet*
395 3473 503 3595 nili}
521 3449 862 3597 l‘ttttltll
887 3448 1233 3614 ltssltttttht

139 3616 274 3699 lippiens
295 3555 472 3679 rubidulum
494 3617 613 3698 regium
633 3617 770 3699 proiecit
788 3637 822 3677 se
848 3612 887 3675 ud
906 3614 1001 3698 pedes
1024 3610 1231 3694 imperatoris.

140 3699 318 3781 imperator
337 3711 442 3763 antem
465 3698 542 3763 dicit
563 3701 591 3761 ei
613 3702 756 3783 “ignosce
769 3697 846 3761 mihi
866 3708 1002 3780 propter
1023 3696 1126 3769 deum,
1148 3709 1231 3773 qun-

139 3784 225 3843 niam
246 3782 374 3866 peccavi
397 3783 472 3846 tihi:
499 3805 571 3844 nem
594 3802 690 3866 usque
713 3802 796 3844 nunc
812 3780 1042 3843 scandalizabar
1062 3778 1094 3839 in
1118 3780 1177 3840 te.'’
1199 3786 1233 3837 et

141 3864 250 3927 iubens
285 3868 370 3930 exire
392 3884 709 3949 paracoemumenum
728 3865 865 3928 surrexit
894 3872 927 3925 et
946 3862 1060 3926 cecidit
1080 3857 1119 3921 ad
1138 3856 1236 3941 pedes

139 3948 322 4033 Philippici,
335 3946 444 4018 ‚dicene'
467 3952 612 4049 “ignosce
630 3948 729 4029 mihi,
756 3949 831 4035 quia
849 3947 946 4009 modo
968 3943 1135 4007 certissima
1156 3938 1233 4005 novi

142 4032 230 4115 quad
254 4032 330 4097 nihil
352 4055 528 4116 peccaveris
551 4034 583 4095 in
606 4054 665 4095 me.
706 4032 761 4095 sed
781 4032 834 4095 die
851 4028 938 4103 mihi,
959 4049 1052 4112 quem
1070 4026 1126 4088 scis
1148 4026 1231 4090 inter

142 4116 263 4197 agmina
286 4128 393 4179 nostra
416 4118 555 4181 Phocum
569 4114 730 4179 militam.'’
771 4124 806 4177 at
829 4134 906 4177 vero
925 4108 1119 4194 Philippicas
1137 4128 1230 4173 recu.
1289 4174 1293 4182 ⁴

142 4199 241 4280 gitans
271 4200 351 4264 dicit
368 4200 400 4266 ci
426 4206 546 4267 “nnum
571 4220 728 4284 agnosce,
759 4198 815 4285 qui
836 4206 910 4263 unte
928 4194 1089 4261 medicum
1109 4200 1245 4277 tempus·
