3050 4900
259 253 332 327 306
632 259 674 320 ΙΝ
696 253 976 320 moratum

258 449 375 492 mtawn
409 422 516 488 inatus
541 425 699 488 tolleretur
709 468 722 499 ,
744 425 804 484 uix·
832 425 964 508 quinque
982 421 1064 482 boris
1084 419 1211 497 mediis,
1230 419 1347 482 minen·

257 527 340 576 tante
359 512 518 588 exercitu,
537 511 704 590 sexaginta
733 506 987 590 quinquemillia
1009 505 1252 568 Alemannonsm
1272 507 1348 566 ceei-

257 597 313 656 ds't.
354 594 437 656 idem
460 593 653 674 Pomponius
679 593 803 652 Laetus.
852 587 1001 651 Eusebius
1022 587 1061 648 ud
1083 609 1196 648 anisum
1219 587 1348 648 Diocle.

258 679 337 742 tiaui
362 677 399 738 13
423 676 454 736 in
477 675 641 741 chronico.

344 783 393 862 10,
417 783 446 846 7.
463 841 467 852 ,
488 783 551 844 τῶν
572 782 662 856 πέντε
675 779 706 843 Γ
703 777 865 857 sternacis]
882 777 1179 861 quinquegentianos
1200 799 1263 839 nno
1276 799 1348 841 ver.

185 861 192 872 '
258 870 302 932 be
325 867 471 930 dixerunt
489 867 658 948 scriptores
689 865 770 925 infra
793 861 957 939 referendi,
980 883 1058 946 quos
1081 871 1192 922 auctor
1217 863 1350 926 Gentia.

257 973 325 1028 nos,
345 953 477 1034 quinque
497 971 647 1024 numero,
668 948 752 1008 viros
775 947 947 1008 arbitratus
969 953 1024 1012 cst.
1067 946 1191 1008 eosdem
1215 946 1350 1009 Gentia-

259 1057 314 1098 πω
333 1035 457 1114 scripsit
483 1033 673 1113 Pamporlius
699 1033 821 1094 Laetus.
874 1029 1072 1090 Maximianus
1091 1031 1162 1090 inde
1181 1032 1349 1092 translatus

259 1121 294 1180 in
319 1116 461 1199 Africam
485 1117 653 1178 Gerste'anos
683 1115 810 1194 devicit,
841 1115 897 1198 qui
926 1116 985 1175 uix
1003 1134 1109 1198 pacem
1140 1116 1349 1198 impetramus.

259 1201 514 1286 quinquagenarii
540 1214 571 1260 et
595 1220 690 1284 supra
719 1219 789 1258 eum
815 1218 971 1258 mimeram
1001 1198 1351 1269 amaladensium

247 1286 362 1363 suere,¹
400 1286 432 1343 ui
451 1281 597 1365 Africam
621 1281 826 1366 diripiebant,
847 1281 993 1364 cupientes
1021 1281 1080 1340 sibi
1098 1299 1220 1362 regnum
1242 1283 1353 1341 nendi·

261 1387 343 1428 case.
378 1307 557 1447 iiutropius
582 1365 636 1426 lib.
659 1363 688 1426 9.
728 1387 798 1428 cum
823 1365 970 1444 Africam
990 1364 1257 1448 quinquegentiani
1272 1365 1353 1440 irfin-

259 1463 381 1511 starent.
434 1449 577 1512 Aurelius
604 1449 718 1510 Victor
750 1447 1035 1530 quinquegentanss
1066 1449 1205 1510 nationes
1236 1449 1353 1530 posuit.

260 1533 367 1594 eodem
385 1546 522 1616 tempore
548 1532 701 1594 Orientem
736 1532 868 1608 Persae,
893 1531 1039 1608 Africam
1063 1531 1213 1612 Isdianus,
1234 1551 1274 1592 ac
1292 1551 1354 1592 na·

261 1617 356 1678 nones
376 1619 650 1700 quinquegentanae
668 1615 807 1696 grauiter
821 1615 1002 1699 quatiebant.
1044 1615 1201 1697 Egnatius.
1223 1615 1355 1676 Diocle-

263 1701 363 1760 tianus
384 1701 614 1760 Maximianum
636 1697 737 1759 Gallis
764 1697 925 1784 praefecit.-
950 1719 1044 1783 eoque
1064 1695 1202 1781 consecto
1222 1699 1300 1759 bello
1319 1699 1355 1758 in

260 1780 403 1858 Africam
423 1782 566 1841 Moenus
587 1782 857 1866 quinquagenarios
869 1783 1000 1843 transire
1019 1783 1115 1842 iubet.-
1137 1783 1236 1842 umbi
1254 1803 1289 1842 ue
1308 1802 1355 1840 se·

261 1867 328 1924 dati
348 1866 499 1940 tinnulass,
513 1865 685 1939 Africanus
703 1879 782 1926 certe
795 1867 953 1946 aliquanto
966 1862 1134 1946 difficilius,
1155 1803 1253 1948 quasi
1260 1865 1353 1948 quin.

283 1949 459 2029 ssagenarii‚
480 1961 510 2008 et
529 1969 623 2030 supra
644 1969 747 2009 eorum
770 1969 921 2010 aureorum
943 1969 1097 2010 numerum
1116 1961 1279 2010 veteranus
1298 1949 1356 2008 rui·
1382 1960 1389 1974 “

262 1971 308 2091 ies
329 2031 373 2090 ad
390 2031 561 2114 obsequium
583 2043 649 2091 tam
664 2029 766 2114 facile
786 2033 893 2114 redigi
905 2053 962 2094 non
983 2043 1120 2115 poterat

347 2137 431 2198 Isti.
449 2135 480 2202 8.
532 2137 629 2216 συνῆν
660 2137 696 2200 δὲ
726 2137 825 2223 αὐτῷ]
855 2140 980 2200 Euscbii
1001 2139 1179 2222 opinionem
1202 2137 1253 2202 lib.
1278 2137 1294 2199 1
1318 2135 1358 2201 de

265 2221 330 2281 vita
354 2221 460 2282 Const.
477 2241 568 2302 capp.
594 2219 631 2282 13
657 2234 687 2283 et
713 2217 752 2284 14
784 2223 926 2306 sequitur
947 2232 1067 2284 auctor.
1120 2223 1209 2304 fugae
1232 2247 1249 2284 a
1271 2221 1356 2283 Con-

266 2305 411 2472 iffigiltbi
423 2315 570 2388 arreptae
591 2327 712 2368 causam
742 2307 880 2370 eiusdem
901 2305 1065 2370 ambitioni
1083 2308 1223 2370 Aurelius
1244 2305 1359 2370 Victor

351 2497 430 2558 Ibid.
455 2494 507 2559 16.
552 2494 738 2578 Ουέτῆριος]
764 2498 925 2561 Vetusr’um.
941 2497 1051 2559 scribit
1071 2496 1220 2561 Eusebius
1241 2496 1280 2559 ad
1302 2518 1360 2557 sn.

270 2602 345 2640 num
358 2581 546 2642 Diocletiani
571 2576 619 2659 14,
639 2583 690 2641 alii
711 2582 803 2643 codd.
821 2582 1001 2643 Venturiuns
1020 2580 1126 2664 legunt
1145 2578 1229 2664 apud
1245 2582 1361 2643 Ponta-

221 2682 233 2697 “
270 2684 355 2725 cum:
378 2659 463 2745 apud
482 2684 575 2745 quem
588 2666 703 2725 iterum
725 2666 763 2726 de
774 2664 908 2725 Veturio
921 2664 961 2725 ad
983 2662 1058 2726 alios
1076 2687 1173 2727 annos
1195 2666 1247 2729 alii
1267 2664 1362 2727 codd.

270 2752 410 2807 narrant.
452 2744 561 2827 eligat,
581 2746 684 2829 inquit
704 2746 764 2826 ille,
785 2746 896 2822 lector,
920 2748 1006 2829 quod
1029 2748 1074 2809 illi
1093 2750 1187 2831 magis
1206 2748 1358 2831 probabi-

270 2836 335 2889 tur.
375 2837 534 2889 caeterum
561 2830 706 2911 magister
728 2830 856 2891 militiae
885 2829 1077 2915 Hieronymo
1094 2832 1211 2895 dicitur
1232 2833 1263 2894 in
1286 2854 1363 2895 vcr-

271 2911 368 2989 sionc‚
389 2910 445 2995 qui
464 2909 515 2972 hic
530 2908 817 2993 στρατοπεδάρχης.

353 3016 438 3082 Itid.
482 3018 572 3080 deest.
590 3021 684 3099 deest]
708 3020 909 3100 Alexandriae
930 3032 961 3085 ct
980 3022 1162 3086 Antiochiae
1180 3022 1364 3169 praesulum

271 3101 344 3163 anni
368 3111 530 3183 praesente
558 3108 690 3165 canomo
713 3126 777 3166 non
805 3108 945 3169 annotati
974 3106 1130 3170 defectum
1159 3128 1177 3169 a

271 3184 501 3249 observandum
521 3187 687 3249 inducunt.

355 3294 438 3355 Ita.
454 3294 501 3355 17.
542 3293 760 3371 Xpsassuvodc
781 3284 911 3379 ἤλαυνε]
926 3298 1083 3361 Cedreuus
1101 3296 1264 3375 ἐξέβαλεν·
1289 3296 1364 3361 red-

273 3375 315 3437 do
335 3379 542 3439 exautoravits
564 3379 699 3461 ideoque
718 3380 856 3460 μετρίως
878 3372 1005 3463 ἤλαυνε,
1030 3382 1102 3468 quia
1124 3402 1187 3445 non
1209 3383 1286 3457 vita,
1308 3380 1363 3445 sed

196 3466 222 3518 ¹.
272 3460 401 3523 militari
424 3461 550 3544 cingulo
572 3462 754 3524 mulctabat.

1228 3129 1300 3191 pag.
1323 3104 1364 3169 93

357 3568 405 3647 11,
431 3568 460 3631 1.
501 3565 601 3655 τούτῳ
622 3570 665 3653 τῷ
691 3563 756 3631 ἔτει
783 3566 993 3653 Μαξιμιανός]
1026 3572 1064 3635 de
1087 3572 1211 3635 canonii
1231 3594 1366 3658 praece-

274 3652 373 3715 dentis
392 3674 547 3715 annorum
570 3656 693 3715 defectu
706 3654 813 3717 uariae
833 3656 980 3719 lectiones
1002 3658 1218 3719 consulendae.

357 3760 438 3841 Ibid.
480 3756 561 3822 κατὰ
579 3758 742 3840 Νάρσεως]
766 3761 929 3825 victoriam
945 3763 984 3827 de
1003 3765 1104 3829 Persis
1130 3766 1168 3826 sd
1192 3786 1304 3825 annum
1318 3759 1383 3840 14„

274 3843 469 3923 triumphum
490 3844 530 3905 sd
552 3866 666 3905 annum
683 3844 721 3905 18
742 3845 845 3906 verius
860 3847 1053 3931 Theophane
1075 3850 1203 3911 ascribit
1218 3845 1367 3911 Eusebius

275 3924 306 3986 in
328 3928 500 3989 chronicas
525 3928 684 3989 Cedreuus
704 3937 868 3992 auctorem
885 3940 1032 4015 sequutus
1054 3930 1092 3995 nd
1115 3954 1230 3993 anuum
1254 3930 1301 3993 17.
1334 3938 1369 3991 st

275 4018 362 4072 certe
391 4014 500 4074 Narses
527 4020 599 4073 autc
627 4034 723 4073 annos
754 4032 804 4075 sex
832 4014 908 4077 vivis
936 4026 1071 4098 ereptus,
1094 4016 1314 4099 Ormisdasquc
1335 4014 1366 4075 in

275 4094 409 4156 canonio
434 4115 531 4156 annos
554 4093 693 4179 quinque
713 4098 774 4159 iam
796 4118 935 4183 regnans,
956 4112 1119 4163 auctorem
1139 4101 1369 4183 deceptumar-
