3050 4900
242 1075 447 1145 canotus
473 1075 667 1146 suumin
692 1075 928 1146 rseaurus
954 1079 1042 1148 scr.

329 1273 368 1360 L
425 1271 466 1363 Ε
523 1267 562 1362 C
619 1269 661 1362 T
720 1269 764 1363 Ο
822 1270 869 1363 R
929 1272 951 1362 1

246 1483 312 1544 DE
335 1485 596 1558 suastnsu
620 1485 1044 1546 BlBLlOTllECARll

411 1665 577 1719 Htsrottln
604 1665 876 1720 ecclesiastice.

561 1841 730 1856 *-

123 1981 288 2076 Historiam
321 2015 563 2078 Ecclesiasticam
596 2017 745 2079 Anastasii
775 2015 817 2078 de
840 2019 967 2080 Graecis
1005 2015 1191 2098 Nicephori‚

123 2100 231 2180 Georgii
255 2099 391 2182 Syncelli
412 2109 443 2160 et
470 2101 667 2180 Theophanis
689 2113 876 2181 excerptam,
899 2123 981 2162 nunc
1002 2101 1140 2182 primum
1163 2099 1195 2158 iu

123 2179 205 2242 lacem
227 2183 346 2243 damus.
399 2183 509 2267 quanti
530 2193 633 2244 autem
661 2185 800 2244 facienda
821 2185 861 2244 sit
884 2183 1011 2244 historia
1032 2183 1110 2245 haec
1130 2204 1194 2242 non

124 2265 251 2344 ignorant
269 2266 325 2346 qui
347 2265 570 2348 Theophanem
592 2269 710 2328 Graece
744 2271 922 2350 loquentem
959 2269 1110 2350 legerunt,
1139 2267 1195 2347 qui

124 2367 174 2406 nou
194 2349 314 2408 minore
335 2350 396 2412 lide
430 2373 522 2433 quam
545 2349 702 2432 diligentia
734 2372 769 2411 ea
792 2373 871 2433 quae
891 2363 954 2412 tam
977 2351 1105 2410 adrem
1128 2351 1197 2410 Ro.

122 2454 339 2516 menumquam
362 2431 562 2517 Byzantinam
593 2437 751 2513 pertinent
784 2436 956 2518 exequitur.
1006 2434 1091 2496 hune
1113 2439 1198 2495 Ana-

123 2518 212 2577 stasius
234 2538 313 2599 pene
336 2524 438 2579 totum
461 2538 523 2577 nou
544 2518 656 2578 infelici
682 2538 820 2579 successu
844 2521 873 2576 in
895 2520 1038 2578 Latinum
1063 2537 1198 2577 conver·

124 2600 161 2657 tit
200 2600 285 2682 quod
305 2622 377 2660 sane
398 2601 536 2685 quisquis
556 2622 662 2661 verum
682 2609 781 2671 amat,
809 2600 919 2661 infitias
941 2621 1005 2659 uon
1028 2600 1105 2661 ibit:
1126 2620 1199 2659 nam

124 2692 149 2741 ct
167 2684 313 2766 pleraque
335 2692 405 2745 sunt
427 2686 457 2744 in
478 2683 671 2826 Theophane
694 2683 1001 2760 Graeco-barbara,
1022 2704 1102 2766 quae
1123 2682 1197 2743 viris

124 2767 203 2825 etiam
223 2769 347 2828 Graece
366 2766 546 2829 doctissimis
594 2768 663 2829 odie
693 2770 853 2851 negotium
873 2768 1069 2829 facesserent.
1112 2767 1198 2826 cuins

126 2850 162 2906 sei
182 2848 270 2912 fidem
290 2851 404 2911 facient
423 2852 570 2933 glossaria
603 2860 708 2911 nostru
734 2854 815 2911 nsixo
830 2892 846 2904 -
859 2852 1011 2925 barbare,
1033 2872 1114 2933 quae
1132 2849 1199 2910 aliis

126 2950 238 3012 quoque
249 2933 361 2993 saeculi
383 2934 534 3014 sequioris
548 2936 727 2995 auctoribus
742 2933 981 3016 interpretandis
997 2936 1092 2995 facem
1106 2954 1202 3013 prae·

125 3012 196 3073 ferre
218 3028 379 3096 poterunt.
423 3018 575 3099 quaedam
598 3038 662 3077 esse
683 3018 816 3077 barbara
837 3026 1000 3078 eteorum
1022 3026 1201 3098 temporum

126 3094 322 3160 infelicitatem
348 3099 519 3161 redolentia
543 3102 573 3159 iu
596 3100 651 3160 hac
675 3100 816 3161 versione
836 3102 981 3182 equidem
1003 3121 1065 3161 non
1081 3098 1201 3159 abnue-

126 3179 192 3239 rim:
215 3182 266 3243 sed
289 3182 366 3243 haec
386 3186 481 3265 magis
508 3182 655 3245 ineruditi
677 3185 790 3244 saecssli
815 3184 887 3243 vitia
910 3191 983 3244 suut
1005 3202 1099 3267 quam
1121 3183 1200 3243 scri-

126 3273 251 3341 ptorum,
274 3267 387 3348 quibus
410 3269 605 3349 propositum
626 3276 695 3327 erat
717 3269 923 3328 monumentis
939 3265 999 3327 suis
1024 3263 1202 3347 posteritati

125 3346 268 3425 prodesse,
292 3371 354 3409 non
376 3352 502 3411 Latinae
525 3351 646 3431 linguae
676 3359 848 3411 venustates
868 3362 899 3410 et
921 3350 1118 3433 eloquentiae
1140 3348 1202 3409 flo-

125 3448 164 3489 res
185 3435 214 3492 in
234 3432 332 3493 sterili
351 3436 418 3493 solo
441 3454 600 3515 quaerere.
644 3435 720 3516 quid
748 3444 852 3493 autem
874 3434 905 3493 in
927 3432 1050 3493 edendo
1072 3438 1203 3493 Anasta.

122 3512 161 3573 sio
180 3517 431 3596 praestiterimus,
453 3519 610 3591 breviter,
629 3516 748 3591 lector,
772 3516 944 3577 monendus
965 3538 1006 3591 es,
1028 3516 1202 3577 Romanum

125 3595 211 3673 igitur
231 3600 388 3679 exemplar
408 3598 445 3659 sid
467 3603 631 3661 noslloma
658 3601 866 3661 transmissum
887 3598 1039 3660 beneficio
1053 3598 1203 3659 Eminen-

123 3680 219 3740 tissimi
241 3683 412 3743 cardinalis
429 3684 583 3745 Francisci
606 3684 780 3758 Barberini,
804 3686 979 3743 litterarum
1002 3680 1149 3764 parentis,
1171 3690 1203 3739 et

123 3780 212 3841 opera
229 3768 332 3827 Lucae
352 3767 517 3841 llolstenii‚
552 3766 609 3825 viri
641 3767 732 3849 longe
759 3766 945 3841 doctissimi,
972 3787 1044 3826 essm
1067 3765 1204 3845 optimae

123 3856 209 3907 notae
228 3848 338 3909 codiee
367 3849 563 3925 contulimus,
583 3870 675 3933 quem
698 3848 786 3909 nobis
799 3850 1002 3928 celeberrima
1012 3848 1140 3907 Tliuana
1153 3847 1204 3908 bi-

122 3926 271 3993 bliutlseca
287 3934 505 4015 suppeditavit.
526 3932 616 3993 liuius
632 3953 694 4015 ope
709 3932 798 3993 foeda
811 3931 921 3993 menda
934 3930 1207 4011 sustulimus‚quee

123 4010 149 4067 iu
169 4013 340 4077 Romanum
362 4017 501 4079 codicem
530 4018 650 4076 fortean
679 4015 876 4096 exscriptoris
903 4016 979 4077 vitio
1004 4014 1204 4094 irrepserant,

122 4103 152 4153 ut
173 4094 232 4157 hcc
253 4120 378 4181 quoque
393 4100 519 4161 nomine
533 4101 694 4182 praeclare
716 4100 754 4159 de
772 4098 943 4180 republica
965 4098 1116 4159 litteraria
1138 4118 1205 4156 me-

123 4177 194 4239 ritos
228 4183 265 4241 sit
296 4182 477 4264 perillustris
510 4184 558 4245 vir
581 4182 709 4245 lacobus
732 4186 884 4263 Augustus
905 4182 1062 4261 Tlsuauus,
1084 4184 1115 4241 in
1137 4180 1206 4261 pri·
