3050 4900
504 380 558 446 BX
588 378 847 446 subornant.
1042 389 1047 402 '
1145 362 1213 433 181

123 556 242 613 runtnr
255 568 352 635 nsque
362 572 454 614 nuno.
469 561 515 613 ast
532 552 705 634 imperator
721 549 940 613 Constantinus
951 557 1116 629 comperto
1129 548 1217 631 qnod
1303 578 1307 588 ·

121 636 279 715 extemplo
315 656 388 719 gens
420 636 549 700 sordida
578 632 799 699 etimmunda
822 634 905 694 nitra
927 633 1104 693 Danubium
1133 629 1217 714 apud

122 716 248 799 Hoglon
269 718 505 781 tabernaculum
521 718 622 783 fixerit
642 727 674 782 et
687 716 973 802 appropinquantia
986 715 1140 777 Danubio'
1154 714 1219 777 dis-

120 809 250 877 currat,
277 800 309 862 id
332 810 378 864 est
398 806 557 886 regionem
577 824 658 887 quae
678 823 760 862 nuno
788 811 916 865 tenetur
936 801 975 861 ab
996 798 1055 859 iilis
1076 820 1218 882 quaeque

120 892 199 944 tnnc
224 906 241 943 ιι
263 882 443 947 Christianis
471 885 702 969 possidebatur,
730 886 869 947 tristatus
889 893 934 946 est
954 882 1164 959 vebernenteu
1185 894 1219 945 et

120 966 210 1028 iubet
230 968 367 1030 transire
397 992 503 1032 omues
532 970 682 1033 exercitus
714 968 746 1030 in
773 968 945 1045 Thracem,
980 977 1012 1029 et
1036 975 1218 1029 construens

119 1050 245 1112 classem
257 1058 322 1111 tam
333 1072 392 1134 per
401 1061 517 1115 terram
527 1074 620 1137 qnam
629 1074 689 1136 per
698 1072 785 1113 mare
796 1058 908 1113 eontra
919 1070 971 1112 eos
984 1058 1086 1111 motus
1096 1058 1152 1128 est,
1162 1049 1218 1111 bos
1227 1052 1255 1107 P·
1267 1032 1320 1093 ⁵4⁸

118 1132 202 1194 betto
225 1134 372 1219 persequi
395 1138 511 1215 votens,
534 1145 566 1197 et
586 1146 697 1198 contra
709 1134 831 1218 Hoglou
852 1143 948 1219 atque
959 1134 1137 1195 Danubium
1159 1154 1218 1214 per

120 1216 276 1298 Hepirum
309 1218 427 1299 pedites
455 1219 486 1281 in
522 1220 619 1281 aciem
648 1217 800 1301 dirigens,
825 1230 857 1280 et
877 1239 937 1299 per
959 1217 1216 1299 appropinquans

118 1298 206 1361 littus
228 1320 337 1362 navem
359 1300 460 1365 adesse
483 1304 689 1385 praecipiens.
732 1321 834 1383 porro
856 1300 1006 1383 Vulgare·
1027 1299 1085 1361 bac
1106 1299 1216 1361 celeri·

118 1390 184 1445 tate
204 1402 260 1445 seu
290 1385 421 1446 maxima
446 1385 645 1448 multitudine
670 1386 733 1447 visa
754 1405 850 1467 super
866 1384 964 1447 salute
985 1405 1039 1444 sua
1061 1382 1215 1465 desperati

117 1464 157 1527 ad
182 1464 379 1549 praedictum
399 1469 586 1551 praesidium
608 1468 807 1551 confugiunt,
832 1479 865 1530 et
885 1490 950 1530 sese
971 1468 1216 1551 circumquaque

116 1550 276 1612 muniunt.
331 1572 390 1634 per
409 1562 473 1615 tres
497 1562 600 1615 autem
621 1563 653 1614 et
685 1560 838 1635 quattuor
857 1550 921 1614 dies
945 1572 980 1613 ex
1001 1549 1215 1611 huiuscemodi

117 1634 295 1695 munitione
324 1656 382 1697 nec
403 1636 461 1697 iilis
489 1637 575 1700 exire
605 1634 810 1713 audentibus,
832 1656 890 1697 nec
911 1634 1058 1698 Romanis
1079 1642 1216 1715 propter

116 1714 327 1778 adiacentium
357 1719 507 1801 paiudusn
543 1720 735 1783 occasionem
765 1720 920 1803 praetium
952 1718 1213 1797 construentibus,

117 1798 366 1863 animadvertens
387 1804 509 1900 polluta
530 1822 603 1887 gens
624 1802 765 1865 semisses
785 1805 998 1864 Romanorum
1022 1800 1140 1861 animos
1162 1820 1213 1861 re·

116 1894 224 1945 creata
244 1891 277 1945 et
304 1884 439 1947 aiacrior
470 1886 550 1947 iacta
572 1892 626 1950 est.
668 1906 769 1969 porro
803 1906 876 1947 cum
896 1886 1069 1967 imperator
1120 1882 1212 1945 edum

116 1965 261 2028 dolorem
283 1970 401 2032 acriter
414 1977 587 2052 pateretur,
608 1980 641 2032 et
654 1970 693 2031 ad
708 1970 871 2031 meridiem
890 1979 1059 2051 cogeretur
1080 1904 1121 2027 οἱ
1142 1967 1213 2028 but-

115 2050 166 2111 nei
187 2070 277 2112 usum
300 2072 362 2113 una
384 2072 457 2114 cam
478 2052 618 2137 quinque
638 2053 843 2115 dromonibus
865 2063 897 2115 et
917 2052 1058 2135 propriis
1079 2049 1213 2112 bomini.

114 2133 172 2195 bas
192 2134 256 2195 suis
282 2136 418 2213 reverti,
446 2133 582 2197 deseruit
610 2137 805 2219 magistratus
834 2146 867 2199 et
902 2135 1074 2218 poputum,
1105 2134 1213 2195 iubens

115 2238 189 2277 cum
210 2218 321 2279 iauueis
341 2219 533 2281 vibrantibus
554 2221 728 2296 exercitari,
748 2228 782 2281 et
796 2220 946 2301 impetum
969 2219 1001 2279 in
1023 2240 1075 2279 eos
1097 2218 1211 2293 facere,

115 2306 242 2383 etpost
262 2322 294 2363 se
315 2300 383 2363 ilios
404 2302 562 2365 attrahere
584 2305 794 2379 emunitione,
819 2312 853 2365 et
873 2302 989 2366 betium
1014 2302 1045 2363 in
1067 2320 1222 2369 eos-moa

115 2405 208 2466 rere,
241 2386 266 2446 si
295 2384 430 2447 fortassis
459 2385 600 2448 exirent:
622 2388 668 2451 sin
690 2396 803 2464 autem,
836 2385 884 2447 vei
909 2384 1089 2446 obsiderent
1109 2402 1160 2443 eos
1178 2390 1211 2443 et

115 2469 322 2532 observarent
342 2471 372 2532 in
393 2471 626 2535 munitionibus.
670 2480 702 2532 at
722 2491 801 2530 vero
820 2469 851 2530 bi
873 2469 928 2552 qui
952 2475 1041 2528 erant
1062 2467 1210 2549 equestris

115 2551 267 2632 miiitiae,
297 2552 519 2638 imperatorem
548 2554 657 2637 fugisse
678 2553 867 2615 diffamantes
890 2559 1038 2634 metuque
1061 2550 1209 2630 oppressi,

114 2635 226 2697 eadem
248 2638 502 2720 tergiversatione
513 2637 600 2700 abusi
623 2645 705 2714 sunt,
725 2635 849 2697 nemine
869 2643 1083 2717 persequente.
1107 2653 1209 2714 porro
1218 2641 1245 2694 Ρ·
1259 2619 1313 2678 ⁵4⁹

113 2718 267 2803 Volgares
287 2721 349 2783 boc
369 2722 435 2783 viso
457 2721 700 2806 insequebantur
711 2728 784 2802 post
806 2726 891 2802 terga
909 2719 1060 2800 ipsorum,
1085 2725 1118 2776 et
1138 2714 1211 2798 plu-

114 2823 162 2864 res
185 2803 311 2886 quidem
339 2805 443 2884 giadio
466 2825 638 2887 peremere,
667 2803 780 2864 multos
800 2822 876 2864 vero
899 2803 1113 2876 vulnerarem,
1133 2819 1209 2880 par.

114 2887 213 2948 nunti
237 2908 288 2949 eos
312 2909 409 2972 usque
422 2887 613 2950 Danubium.
661 2905 755 2970 quem
779 2893 980 2960 transeuntes,
1002 2892 1035 2945 et
1053 2883 1210 2944 venientes

114 2991 213 3054 nsque
245 2972 284 3032 ad
318 2993 385 3035 eam
418 2992 499 3056 quae
530 2971 648 3034 dicitnr
672 2971 806 3045 Barnan,
827 2970 912 3030 circa
943 2969 1015 3038 fines
1037 2965 1157 3050 Odyssi,
1179 2972 1212 3026 et

114 3053 347 3117 mediterraneo
362 3055 424 3118 illic
444 3053 546 3137 posito
568 3053 639 3116 loco
662 3061 838 3138 perspecto,
861 3051 948 3136 quod
963 3051 994 3115 in
1016 3051 1112 3111 muita
1134 3071 1211 3110 cau-

114 3139 175 3198 tela
200 3139 391 3216 consisteret,
415 3138 447 3199 in
467 3137 694 3222 posterioribus
725 3135 852 3219 quidem
873 3143 1011 3219 propter
1031 3132 1211 3194 Danubium

114 3221 264 3298 flurium,
298 3221 336 3282 in·
353 3221 562 3285 anterioribus
595 3229 699 3284 autem
720 3228 752 3282 at
772 3241 807 3284 er
827 3219 973 3282 lateribus
994 3217 1036 3279 ob
1057 3217 1211 3276 clausuras

114 3314 144 3365 et
165 3303 334 3366 Ponticum
365 3326 452 3368 mare
461 3349 471 3382 ,
503 3305 685 3388 praesertim
714 3324 787 3364 cum
810 3303 1048 3365 dominarentur
1068 3308 1101 3360 et
1124 3297 1211 3358 adia.

114 3387 252 3449 centium
270 3389 485 3450 sclavinorum
499 3387 761 3471 generationibus,
781 3405 861 3469 quae
882 3385 1069 3448 dicebantur
1082 3392 1211 3464 septem,

113 3471 241 3533 sereres
262 3471 389 3554 quidem
409 3475 592 3534 locaverunt
620 3471 658 3532 ab
679 3469 840 3532 anteriore
861 3467 1001 3529 ctausura
1025 3465 1212 3608 veregabo-

114 3575 186 3615 rum
209 3553 249 3614 ad
272 3566 374 3636 partes
400 3557 592 3636 Orientales,
614 3554 645 3615 in
669 3553 743 3615 iocis
766 3559 871 3614 antem
892 3573 973 3635 quae
993 3559 1103 3610 sunta
1142 3565 1211 3608 uae-

114 3637 225 3701 ridiem
248 3647 279 3699 et
300 3639 492 3702 occidentem
515 3659 612 3721 nsque
635 3635 836 3711 adbvariam‚
859 3633 993 3696 residuas
1014 3642 1132 3714 septem
1155 3651 1211 3713 ga-

116 3723 304 3798 acrisione,
317 3743 398 3804 quae
412 3722 469 3783 sub
482 3731 575 3804 panto
589 3732 688 3782 erant.
710 3739 788 3803 ergo
810 3740 881 3781 cum
902 3718 932 3778 in
947 3717 994 3778 bis
1016 3714 1111 3777 detati
1133 3713 1210 3774 fuis-

114 3811 190 3886 sent,
210 3805 284 3866 etuti
307 3816 400 3880 sunt,
434 3812 465 3867 et
484 3815 658 3886 coeperunt
691 3823 726 3865 ea
749 3824 830 3886 quae
849 3803 907 3864 sub
928 3801 1070 3862 Romana
1090 3819 1126 3859 re
1146 3816 1209 3877 pu.

114 3887 195 3950 blica
211 3899 302 3951 erant
319 3899 419 3950 castra
441 3909 494 3950 seu
507 3885 637 3971 praedia
659 3885 822 3948 destruere
837 3896 932 3970 atque
949 3880 1104 3966 praedari.
1125 3881 1210 3940 unde

114 3971 145 4030 ai
169 3979 296 4032 coactus
318 3973 492 4054 imperator
509 3989 617 4070 pacem
642 3972 716 4032 fecit
747 3992 819 4030 cnm
840 3971 891 4045 eis,
916 3987 1017 4027 annua
1038 3965 1094 4024 iliis
1116 3985 1211 4063 prae.

115 4050 189 4118 bere
213 4065 305 4138 pacta
328 4055 485 4154 pollicitus
514 4077 545 4116 ιιι
568 4055 784 4115 confusionem
804 4055 1018 4113 Romanorum
1038 4049 1080 4110 ob
1102 4048 1209 4109 mubi-

117 4138 253 4236 tudinem
285 4137 480 4236 delictorum.
531 4137 672 4200 mirabile
703 4137 822 4221 quippe
848 4156 915 4281 apso
944 4133 1053 4232 auditu
1074 4142 1144 4195 erat
1162 4132 1208 4228 bis

120 4241 169 4302 qua
189 4222 280 4307 longe
300 4234 331 4286 et
350 4223 395 4285 his
416 4244 469 4305 qua
490 4242 593 4306 prope
604 4219 767 4304 degebant,
789 4240 853 4303 quo
898 4241 922 4280 ss
943 4239 999 4300 qua
1021 4237 1127 4281 omues
1146 4223 1207 4276 sn.
