3050 4900
442 425 493 488 ax
525 391 782 488 macrinus.
1112 419 1163 490 83

105 587 297 652 Macedonium
317 599 497 674 satagentes.
541 613 642 676 porro
663 592 775 656 deiferi
796 593 952 675 monachi,
972 595 1027 678 qni
1048 594 1080 656 ln
1103 593 1166 656 Pa-

105 673 207 734 laestina
230 683 341 754 erant,
373 677 478 738 diviua
506 679 584 753 moti
615 678 821 740 aemulatione
849 699 965 741 venero
984 678 1167 762 Byzantium

103 763 196 817 contra
213 758 363 820 Severum
383 770 415 821 et
435 760 602 822 monachos
627 762 682 846 qni
703 783 774 824 cnm
793 771 944 825 socrant.
985 761 1167 822 Dorotheus

104 849 189 900 autem
215 843 383 902 monachus
412 843 635 904 Alexandrinus
660 847 835 908 multorum
869 867 1015 907 versuum
1052 844 1167 906 librum

102 921 183 984 edidit
201 945 261 1006 pro
283 925 523 988 chalcedonensi
547 927 691 1006 concilio,
714 949 809 1012 quem
823 926 911 992 dedit
924 932 1054 1012 Magnae
1075 927 1167 988 uxori

104 1005 189 1067 iratris
209 1009 366 1088 Assensit,
392 1029 462 1070 oum
482 1017 559 1072 emet
580 1011 784 1074 orthodoxus.
827 1010 893 1094 ipsa
910 1033 986 1074 vero
1007 1011 1167 1074 Anastasio

103 1088 198 1152 librum
217 1092 342 1169 obtulit,
361 1113 487 1175 sperans
500 1115 560 1176 per
579 1093 748 1160 hunoeom
766 1096 835 1157 lore
848 1096 1053 1169 mutandum
1075 1115 1168 1178 quem

102 1173 292 1258 conlegisset
322 1183 355 1238 et
374 1184 503 1258 praeter
530 1188 638 1238 votsam
666 1199 756 1238 suum
778 1199 841 1240 esse
863 1179 1038 1262 reperisset,
1058 1181 1169 1240 Doro.

102 1253 190 1318 theum
208 1257 292 1340 apud
301 1259 392 1320 Oasin
416 1260 507 1322 exilio
529 1260 663 1322 destinat
684 1269 717 1323 et
733 1261 850 1323 librum
867 1283 929 1344 pro
952 1262 1049 1323 nihilo
1070 1261 1171 1340 ducit,

101 1358 130 1398 ao
147 1342 225 1421 quod
245 1343 475 1424 superscriptus
503 1355 579 1406 essct
598 1343 790 1427 Tragoedia,
809 1343 844 1405 id
863 1357 910 1407 est
929 1345 1098 1427 prophetia
1120 1345 1171 1404 in-

100 1424 188 1483 stantis
214 1425 464 1504 constitutionis,
494 1428 754 1509 quemadmodum
777 1449 796 1488 a
817 1447 930 1512 magno
951 1428 1063 1488 Basilio
1084 1428 1172 1488 ninsat

99 1503 175 1568 luisse
203 1508 323 1570 dictum
353 1519 466 1570 contra
489 1511 650 1572 lulianum.
700 1511 901 1574 lllacedonius
922 1521 1026 1573 autem
1047 1510 1171 1572 Flavia-

100 1607 160 1648 num
186 1593 413 1654 hutiochcnum
442 1603 474 1654 ct
506 1613 612 1654 omnes
637 1593 950 1678 qui-praesumerent
970 1593 1076 1656 dicere
1097 1591 1173 1688 quid

99 1670 225 1736 adversus
247 1675 401 1760 synodum
422 1675 710 1754 anathematizavit,
733 1685 766 1740 et
793 1677 1012 1760 apocrisiarios
1033 1675 1172 1739 Flaviani

99 1756 235 1819 vanientes
259 1758 300 1819 ad
330 1780 362 1821 se
383 1768 519 1842 propter
549 1761 695 1844 quasdam
719 1763 910 1824 necessitates
930 1758 1173 1823 anathematiza-

99 1837 135 1898 rit
152 1852 180 1902 et
200 1843 356 1904 insecutus
377 1853 431 1904 est.
487 1843 633 1906 vicesimo
666 1865 738 1907 sane
765 1845 890 1926 imperii
918 1844 1069 1906 Anastasii
1088 1863 1173 1903 anno

98 1923 216 2002 synodos
249 1927 335 2008 apud
356 1926 504 1990 Sidonem
534 1939 756 2011 praeparatur.
800 1927 981 1992 soterichus
1001 1927 1084 1988 enim
1104 1925 1271 2009 epi-lasso

98 2022 192 2087 scopus
211 2010 382 2071 Caesareae
403 2011 620 2095 Cappadociae
653 2035 671 2072 a
690 2011 877 2073 Macedonio
897 2008 1123 2072 consecrandus
1142 2029 1174 2074 so

97 2086 123 2146 iu
139 2091 259 2173 scriptis
280 2092 437 2176 professus
465 2105 509 2158 eat
534 2095 677 2178 dogmata
698 2092 954 2158 Chalcedonensis
988 2092 1100 2178 synodi
1120 2101 1175 2154 ut-

97 2181 160 2250 pote
179 2173 398 2237 diffinitionem
423 2177 493 2241 lidci
516 2185 728 2259 recepturum.
777 2177 948 2260 posthaec
969 2185 1073 2239 tamen
1094 2176 1174 2238 adeo

97 2253 182 2316 laetus
210 2269 259 2320 est
279 2258 375 2321 hostis
390 2309 393 2314 .
406 2268 443 2323 nt
462 2261 546 2323 mori
576 2259 655 2323 nelle
682 2269 869 2324 cerneretur
899 2262 930 2321 in
953 2260 1084 2323 Oriente
1104 2280 1177 2321 cum

96 2337 202 2400 Xenaia
224 2342 361 2417 locutio,
382 2353 415 2406 et
434 2345 527 2406 ambo
548 2365 610 2426 pro
632 2345 752 2428 synodo
777 2343 861 2426 apud
872 2341 1019 2405 Sidonem
1039 2340 1177 2406 efficien-

95 2417 129 2481 da
147 2421 372 2509 imperatorem
401 2428 559 2511 petiissent
579 2427 612 2489 in
640 2427 852 2497 omnimodam
873 2426 1056 2489 eiectionem
1077 2425 1177 2488 sancti

96 2503 346 2597 ¹Chnlcedouensis
365 2512 504 2585 concilii;
527 2530 609 2596 quae
635 2519 750 2573 statuta
780 2509 933 2572 maturius
954 2507 1099 2572 dissoluta
1121 2517 1178 2582 est,

92 2602 279 2671 snperatore
303 2593 344 2654 ad
372 2593 434 2657 hoc
458 2594 649 2677 Eutropium
679 2594 845 2657 tribunum
871 2594 1037 2668 mittente,
1071 2590 1179 2674 quiet

93 2670 229 2737 dissoluta
251 2698 289 2738 ea
307 2676 371 2759 egit
391 2678 602 2741 ntFlavianns
613 2676 822 2740 Antiochenus
836 2682 869 2739 et
880 2674 980 2737 Helias
992 2673 1178 2756 Hierosoly.

92 2754 216 2819 mitanas
236 2780 301 2821 una
323 2782 394 2821 cum
412 2762 562 2845 episcopis
582 2762 642 2823 suis
664 2759 859 2843 imperatori,
882 2778 963 2842 quae
980 2757 1067 2841 apud
1086 2754 1179 2820 Sido·

90 2838 165 2900 uiam
185 2850 275 2925 gesta
295 2842 432 2924 fuerant,
451 2846 635 2907 scriberent.
662 2844 843 2906 'Flavianus
862 2862 940 2903 vero
956 2849 1019 2905 tres
1038 2849 1178 2905 tautum.

91 2921 179 2985 modo
208 2924 348 2997 synodos
387 2938 419 2991 et
448 2929 580 2989 Zenonis
607 2928 754 2990 enoticon
792 2948 825 2989 se
856 2923 1013 3009 suscipere
1041 2922 1176 3007 scripsit,

88 2996 345 3071 Chalcedonensis
364 3011 555 3073 mentionem
572 3031 636 3072 non
657 3010 781 3072 faciens.
828 3006 930 3071 Helias
977 3028 1082 3091 noque
1101 3008 1199 3069 Hie-⁴

88 3088 326 3173 rosolymitanas
346 3094 440 3157 etiam
455 3094 733 3157 chalcedonensem
752 3110 786 3155 se
803 3090 928 3174 scripsit
948 3031 1094 3153 ilsiicere.
1115 3090 1178 3151 So.

87 3171 222 3237 tesichus
245 3187 354 3239 autem
374 3177 575 3241 Caesariensis
605 3187 637 3239 et
657 3176 789 3239 Xensias
812 3184 924 3238 contra
943 3172 1126 3236 Flavianum
1146 3180 1180 3234 ct

85 3252 202 3319 Heliam
223 3272 442 3343 suggesserunt
475 3260 677 3344 imperatori,
700 3258 786 3343 quod
806 3278 870 3341 pro
893 3277 931 3319 co
952 3256 1040 3340 quod
1059 3253 1180 3317 nollent

85 3358 226 3423 expresse
246 3353 363 3405 contra
388 3344 543 3442 synodum
572 3341 852 3405 Chalcedonensem
879 3338 1064 3402 sententiam
1084 3338 1179 3416 ferre,

85 3436 305 3489 convenerunt
333 3426 372 3489 ad
403 3429 547 3489 snaioem.
596 3426 767 3488 Anastasius
799 3433 902 3485 autem
921 3422 1019 3485 iratus
1034 3421 1180 3483 incitavit

86 3509 258 3572 monachos
282 3509 432 3593 quosdam
452 3502 542 3572 telios
564 3510 733 3573 convenire
754 3507 839 3591 apud
858 3505 1055 3568 Antiochiam
1076 3514 1109 3569 et
1122 3505 1181 3568 ad·

84 3608 186 3653 versus
226 3592 414 3655 Flavianum
450 3596 628 3677 insurgere,
656 3602 802 3738 petentes
831 3613 904 3653 eum
930 3589 1181 3652 Chalcedonense

84 3674 351 3740 anathematizare
362 3677 529 3741 concilium
544 3686 576 3740 et
591 3677 654 3740 Dio
677 3696 771 3738 orum
790 3674 1038 3737 etTheodorum
1051 3681 1083 3733 et
1103 3671 1180 3733 lhan

84 3764 113 3815 cl
129 3758 394 3835 Theodorctum3
425 3761 511 3845 quod
546 3759 673 3823 etfacit
700 3758 910 3843 pusillanimus
937 3758 1034 3817 factus
1057 3753 1179 3816 Flavia·

85 3857 156 3919 uos,
189 3852 226 3905 et
249 3844 543 3907 eontra'ecclesiam
564 3864 615 3907 eos
646 3840 917 3903 anathematisavit
935 3862 997 3901 una
1018 3860 1091 3899 oum
1107 3857 1179 3921 syn-

84 3920 151 3985 odo.
197 3926 318 3989 eodem
339 3948 420 3989 anno
436 3938 548 3991 contra
563 3924 782 3989 Macedonium
800 3926 977 4008 imperator
997 3922 1123 4004 agebat3
1145 3929 1214 4005 etp.
1227 3936 1278 3990 231
1298 3931 1317 3988 o

84 4004 275 4071 schismatici
296 4030 368 4072 cnm
384 4010 545 4073 conductis
566 4008 676 4088 turhis,
698 4008 730 4070 in
751 4008 945 4089 Archangelo
966 4002 1074 4089 palatii
1094 4010 1127 4065 et
1144 4003 1179 4066 in

83 4108 191 4174 magna
218 4092 351 4155 ecclesia
376 4094 536 4177 psallentes
553 4094 583 4155 in
606 4091 760 4155 dominica
775 4090 826 4155 die
841 4088 1000 4173 trisagion,
1023 4084 1180 4148 addebant

84 4172 113 4231 in
135 4196 175 4237 eo
197 4177 284 4259 “qui
305 4176 467 4241 crucifixos
493 4185 679 4275 eapropter
709 4178 794 4255 nos,’'
828 4175 871 4241 ita
893 4180 929 4234 ut
951 4168 1121 4235 orthodoxi
1143 4190 1179 4232 ex

82 4258 273 4324 necessitate
306 4282 379 4323 curn
412 4260 507 4347 plagis
529 4282 582 4325 cos
608 4266 859 4345 insequerentur.
911 4256 1084 4342 imperator
1102 4273 1178 4316 sero
