3050 4900
299 367 371 444 sut
435 377 644 445 mnssnsu
675 378 869 446 msronu
896 354 1206 446 scurssnsrics

295 559 485 625 corruncato,
506 547 784 611 monothelitarum
815 549 967 610 haeresim
988 545 1159 624 abdicavit,
1180 546 1255 613 duas
1275 547 1389 613 volun.

295 643 372 696 tutes
393 644 425 712 et
447 635 644 716 operationes
665 633 839 716 explanans.
865 632 969 695 taliter
989 651 1065 714 ergo
1083 633 1209 694 ccclesia
1230 640 1306 693 tuuc
1326 653 1387 714 per

259 746 261 752 ·
294 717 499 798 imperatores
520 725 552 778 et
576 717 686 798 impios
705 717 881 778 secerdotes
912 716 1049 790 turbata,
1073 715 1209 778 surrexit
1229 713 1387 778 desolato.

295 801 359 861 rius
382 800 504 860 Amalec
524 801 635 862 feriens
657 823 713 862 nos
733 799 888 883 populum
908 799 1042 876 Christi,
1064 808 1098 862 et
1116 800 1153 858 fit
1172 799 1275 881 prima
1294 799 1390 865 ruina

294 883 442 945 terribilis
464 885 594 945 Romani
627 883 799 960 exercitus,
821 883 872 944 illa
894 882 1011 945 scilicet
1053 904 1112 945 uae
1130 882 1299 944 secundum
1320 886 1389 946 Ga-

293 967 387 1028 hntnn
402 967 642 1028 etHermuchan
660 965 953 1028 acDathemiturum
965 971 1018 1043 *le
1042 967 1148 1028 usione
1168 965 1322 1048 sanguinis
1342 976 1389 1030 eet

294 1051 412 1127 ell'cctn,
429 1057 499 1131 post
519 1070 612 1131 quum
631 1049 917 1112 Palaestinas-umet
930 1049 1174 1112 Caesariensiuns
1192 1048 1390 1111 acHierosc·

294 1132 447 1216 lymarnm
469 1133 592 1214 excidia,
617 1133 688 1194 dein
705 1134 874 1216 Aegyptius
894 1133 1047 1210 interitus,
1070 1154 1106 1193 ac
1122 1131 1266 1215 deinceps
1286 1131 1389 1194 medi.

295 1225 513 1278 terraneornm
536 1225 567 1278 et
588 1217 776 1294 insularum,
801 1218 960 1300 totiusque
989 1216 1158 1278 Romaniae
1183 1221 1226 1293 **)
1247 1215 1388 1297 captiva-

196 1301 351 1376 p.5tttio,
372 1300 424 1360 sed
447 1309 479 1360 et
501 1309 624 1382 patrata
648 1301 678 1362 in
699 1299 859 1362 Phoenice
882 1299 1060 1362 omnimoda
1083 1300 1216 1362 Romani
1236 1300 1388 1360 exercitus

294 1395 326 1446 et
346 1383 443 1446 classis
458 1383 608 1464 perditio,
631 1383 835 1466 omniumque
850 1384 1098 1444 Christianorum
1119 1381 1273 1465 praelium
1293 1391 1389 1465 atque

292 1467 436 1528 locorum
459 1465 649 1543 destructio,
671 1487 752 1551 quae
780 1487 842 1528 non
866 1466 994 1528 cessavit
1026 1467 1128 1530 donec
1148 1465 1293 1529 ecclcsiae
1310 1487 1388 1548 per.

292 1560 419 1612 secutor
442 1551 472 1610 in
496 1550 601 1612 Sicilia
621 1549 700 1611 male
725 1560 907 1633 peremptus
927 1561 982 1612 est.

374 1657 484 1720 Mundi
508 1677 590 1718 anno
602 1655 695 1732 6122,
719 1657 843 1719 divinae
863 1656 1085 1721 incarnationis
1104 1677 1187 1718 anno
1209 1652 1283 1735 622,
1303 1677 1387 1717 auno

291 1740 415 1821 imperii
444 1739 578 1802 Heraclii
601 1740 640 1800 21
675 1743 804 1802 loannes
830 1761 913 1824 papa
943 1743 1101 1802 Romanus
1131 1739 1275 1801 hahetur}
1324 1739 1388 1802 hoc

291 1825 384 1883 etiam
414 1843 495 1883 anno
521 1823 677 1885 Maometh
704 1825 948 1899 Saracenorum,
981 1825 1036 1906 qui
1064 1835 1096 1885 et
1133 1823 1272 1886 tratum
1295 1822 1387 1906 prin.

291 1925 362 1988 ceps
385 1915 416 1968 et
444 1907 737 1988 pseudopropheta,
758 1907 905 1990 moritur,
924 1915 1076 1989 promoto
1096 1905 1305 1968 hhuhacharo
1329 1927 1387 1968 eo-

291 1997 384 2070 gnato
405 2010 461 2050 sno
484 1988 522 2050 nd
542 1989 753 2071 principatum
767 2011 867 2051 suum.
907 1990 1040 2074 ispoqne
1060 2000 1204 2071 tempore
1222 1990 1308 2053 venit
1327 2011 1387 2050 au.

293 2071 372 2132 ditio
394 2073 480 2153 eius„
504 2081 535 2134 et
557 2093 662 2136 omnes
683 2074 905 2138 extimuerunt.
956 2081 989 2134 at
1009 2094 1086 2134 vero
1108 2072 1231 2154 decepti
1249 2072 1387 2136 Hebraei

292 2155 324 2215 in
349 2155 505 2238 principio
539 2157 687 2218 adventus
720 2158 784 2218 eius
806 2156 1058 2219 existimaverunt
1078 2177 1141 2218 esse
1162 2157 1249 2218 illurn
1271 2157 1326 2254 qni
1345 2156 1385 2218 ab

292 2239 335 2298 eis
355 2248 541 2320 expectatur
566 2238 717 2320 Christus,
751 2241 794 2302 ita
816 2251 852 2302 ut
881 2240 1008 2323 quidam
1037 2262 1168 2313 eorum,
1198 2238 1254 2323 qui
1280 2247 1387 2300 snmu-

293 2320 408 2383 debaut
428 2323 479 2404 ei,
505 2322 690 2385 accederent
719 2322 759 2384 ad
781 2323 934 2405 ipsomet
955 2325 1019 2386 eius
1041 2324 1222 2407 religionem
1247 2322 1386 2404 suscipe-

294 2414 385 2485 rent,
409 2407 522 2490 Moysis
557 2405 741 2489 inspectoris
763 2404 813 2469 dei
841 2406 972 2470 dimissa.
1016 2419 1109 2471 erant
1129 2415 1232 2470 autem
1252 2425 1385 2471 numero

293 2488 409 2565 decem,
433 2492 487 2573 qui
507 2491 567 2551 hoc
589 2492 754 2568 faciehant,
776 2512 847 2553 cum
871 2492 938 2573 ipso
966 2512 1093 2575 quoque
1114 2492 1267 2573 degebant
1287 2511 1387 2575 usque

293 2572 331 2635 ud
352 2574 477 2635 caedem
499 2575 572 2636 eius.
614 2594 716 2655 perro
731 2594 803 2635 cum
825 2578 1001 2656 aspicerent
1016 2597 1089 2638 eum
1109 2574 1323 2636 comedentem
1345 2572 1387 2636 do

293 2658 431 2734 camelo,
459 2668 676 2739 cognoverunt
697 2656 783 2741 qnod
810 2678 874 2718 non
897 2668 974 2720 esset
994 2680 1088 2741 quem
1108 2658 1332 2733 existimabant,
1351 2664 1386 2718 et

291 2736 485 2801 haesitabant
506 2740 581 2821 quid
602 2748 740 2823 agerent,
761 2750 794 2803 et
813 2740 994 2823 religionem
1011 2742 1076 2803 eius
1097 2743 1254 2803 dimittere
1270 2740 1386 2803 formi-

294 2822 400 2883 dantes
421 2822 525 2883 miseri
555 2822 669 2884 docent
691 2844 761 2885 eum
783 2832 895 2885 eontra
923 2845 980 2887 uos
1000 2824 1190 2888 Christianos
1211 2825 1330 2901 illicita,
1353 2830 1386 2885 et

294 2906 562 2967 conversabantur
583 2924 653 2966 cum
675 2906 752 2988 ipso.
781 2908 988 2971 necessariam
1012 2920 1115 2971 antem
1136 2930 1210 2969 reor
1231 2928 1387 2970 enarran-

196 2987 368 3063 p.512dum
401 2988 440 3049 de
470 2986 671 3071 generatione
701 2990 776 3052 eius.
828 2990 852 3051 is
884 3014 924 3053 ex
955 3014 1017 3055 nna
1069 2992 1274 3054 eneralissima
1297 2990 1385 3053 trihu

295 3071 445 3133 oriundus
468 3082 546 3149 erat,
569 3072 719 3134 ismahelis
733 3074 889 3153 videlicet,
908 3076 964 3137 tilii
972 3015 1123 3142 Abrahae.
1144 3078 1269 3136 Nizarus
1291 3074 1385 3151 enim,

295 3154 447 3216 ismahelis
469 3174 649 3238 pronepos,
668 3165 759 3239 pater
782 3180 895 3221 eorum
914 3161 1055 3220 omnium
1074 3158 1212 3221 ducitur.
1262 3158 1314 3218 hic
1334 3156 1384 3239 gi-

294 3240 361 3321 gnit
382 3237 460 3299 lilios
473 3238 561 3316 duos,
581 3238 747 3302 Mudarum
769 3242 888 3304 scilicet
905 3250 939 3303 et
956 3242 1108 3306 Ilhahian.
1148 3240 1316 3303 Mudarum
1336 3240 1384 3321 gi-

294 3322 362 3406 goit
381 3323 531 3385 Curusum
552 3330 585 3385 et
601 3322 732 3386 Chaison
762 3335 796 3389 et
817 3326 1021 3391 Tlrcominem
1047 3336 1080 3390 et
1102 3326 1235 3389 Asanam
1256 3332 1291 3388 et
1308 3324 1386 3388 alios

331 3568 357 3635 “)
377 3566 596 3621 Dntlsrnritnruar
612 3568 712 3621 sactum
732 3586 791 3624 essa
809 3572 918 3626 videtur
934 3588 967 3625 ax
985 3566 1036 3640 sir
1048 3569 1185 3645 ἄθεσμον.
1203 3570 1284 3621 Fran.

314 3678 352 3748 ”J
370 3680 530 3746 humaniue]
553 3681 628 3733 Anna
651 3680 744 3733 Comu.
762 3684 840 3736 Alex.
858 3684 891 3737 8:
918 3680 1002 3747 oddae
1027 3684 1060 3758 τῇ
1078 3684 1216 3757 roperta
1240 3679 1387 3734 imm·

369 3764 446 3803 noero.
478 3748 619 3819 ‘roperta
636 3752 779 3821 imperium
797 3757 961 3819 Romanum,
980 3755 1052 3809 orbis
1068 3732 1212 3807 Romanusi
1247 3749 1385 3803 interdum

367 3820 509 3888 imperium
526 3822 675 3874 Orientale.
722 3824 825 3879 idatius
844 3827 873 3878 in
890 3828 977 3879 Fastis
997 3828 1119 3880 consul:
1135 3826 1178 3877 his
1196 3841 1263 3876 coss.
1281 3822 1386 3892 (Tusco

367 3898 396 3941 et
414 3891 563 3962 hnnnlino)
584 3893 621 3945 Ca
655 3910 730 3945 orum
761 3912 827 3962 gens
846 3900 968 3949 universa
991 3898 1020 3949 in
1048 3898 1176 3949 Romania
1205 3912 1233 3947 se
1259 3891 1384 3947 tradidit.

367 3962 446 4012 item:
467 3962 620 4035 hiscens(
647 3966 739 4017 alente
759 3969 825 4035 Aug.
845 3977 873 4020 et
889 3968 1081 4021 Valentiniano
1102 3970 1158 4019 ion.
1176 3968 1255 4035 Aug.)
1273 3964 1337 4014 victl
1356 3970 1387 4015 et

368 4032 473 4099 expulsi
493 4040 556 4085 sunt
574 4032 688 4087 Gothia
705 4045 786 4103 gente
805 4037 970 4105 liundorum,
988 4046 1016 4091 et
1033 4040 1150 4109 suscepti
1168 4046 1231 4089 suut
1246 4036 1274 4087 in
1285 4035 1386 4085 Roma·

368 4102 412 4151 nin
430 4119 478 4170 pro
496 4105 680 4157 misericordia
707 4108 826 4161 iussione
844 4112 911 4177 Aug.
936 4110 1068 4162 Valentis.
1112 4108 1251 4160 Balsamon
1270 4104 1306 4155 ad
1325 4121 1386 4155 02¹1·

371 4168 404 4237 14
423 4174 532 4225 concilii
550 4174 713 4229 Chalcedon.
732 4194 756 4231 r.
779 4180 817 4230 to.
836 4179 947 4235 Seldani
968 4181 1188 4235 commentarium
1206 4179 1241 4231 ad
1258 4172 1385 4244 eutychii

369 4242 491 4313 Origine·
507 4262 535 4317 p·
558 4246 609 4300 153
627 4256 655 4302 ei
671 4246 728 4303 ¹590
761 4248 842 4306 Ful·
