3050 4900
256 347 360 430 ’,398
651 353 693 415 tlt
719 347 998 416 Tfluorushum

286 523 352 666 cipe
382 520 556 606 exemplum
585 520 806 614 superioribas!
827 516 1049 582 annectendam
1082 515 1232 580 iudicarit
1267 515 1375 580 'them

287 627 415 691 panes.

371 711 440 790 197,
456 711 507 776 90.
550 704 732 791 σχολᾶριος]
752 709 879 788 schola,
913 709 995 772 ordo
1022 707 1223 772 militantium
1255 718 1321 771 est:
1341 717 1375 770 ct

287 799 342 882 qui
364 817 424 878 per
445 796 578 858 diversas
597 795 745 856 cohortes
766 795 898 876 gradum
920 793 1051 868 faciant,
1073 815 1132 876 per
1153 791 1271 854 scholas
1293 812 1374 875 pro.

286 881 409 943 mareri
430 879 588 940 dicuntur.
629 879 758 939 fuerunt
781 877 924 940 undecim
944 875 1067 940 scholae
1088 875 1196 958 palatii
1215 875 1376 938 custodiae

287 966 473 1046 deputatae:
498 981 611 1024 novem
631 972 770 1024 armatae
799 960 927 1024 militiae
948 982 984 1022 es
1016 959 1157 1022 Armenia
1180 962 1320 1036 selectae,
1343 966 1376 1020 et

286 1043 419 1109 inermes
442 1043 531 1106 duae
571 1043 726 1107 scholares
741 1054 813 1107 suut
836 1045 866 1106 in
883 1043 1060 1106 huiusmodi
1081 1053 1198 1104 turmas
1221 1042 1374 1106 recensiti.

286 1153 371 1192 arma
408 1129 563 1190 iactabant
591 1137 624 1192 et
643 1128 800 1190 militiam:
832 1149 942 1189 verum
966 1126 1074 1210 palatii
1097 1125 1212 1189 deliciis
1231 1125 1376 1204 enutriti,

286 1213 393 1274 molles
415 1213 454 1274 et'
466 1211 601 1273 imbelles
624 1212 663 1274 ad
699 1213 937 1274 ostentationem
960 1233 1046 1272 arma
1066 1211 1235 1293 gestabant¹
1260 1220 1291 1272 et
1314 1211 1375 1270 mi-

286 1295 384 1357 litiam
417 1295 671 1378 profitebantur3
702 1297 728 1358 si
755 1295 850 1356 modo
880 1293 976 1356 maius
1008 1293 1196 1376 stipendium
1216 1299 1375 1356 sumerent

287 1380 439 1440 contenti.
495 1379 534 1440 de
563 1379 620 1440 illis
653 1379 745 1462 plura
767 1375 874 1440 Suidas
896 1387 928 1440 et
950 1378 1102 1440 Meursius
1136 1399 1164 1438 v.
1195 1371 1373 1460 σχολάριος.

286 1463 479 1528 Pancirollus
501 1464 533 1522 in
554 1462 630 1546 imp.
654 1463 798 1523 notitiam
819 1482 887 1545 cap.
907 1457 960 1522 63.

375 1583 443 1662 198,
468 1585 495 1645 1.
536 1579 729 1666 suntantea]
752 1585 910 1648 Cedreuus
933 1580 949 1647 ὃ
971 1582 1208 1670 σωματοφύλαξ
1228 1579 1306 1646 ἐστι’.
1325 1605 1376 1648 sa·

285 1669 371 1730 telles
387 1669 471 1730 nuda
491 1672 602 1754 spatha
617 1683 763 1731 armatus.
1235 1713 1238 1720 ⁴

368 1775 449 1837 laid.
467 1775 501 1836 5.
543 1773 761 1859 supplantans]
787 1773 970 1858 καμηλαύχι
992 1774 1204 1858 pronunciant
1223 1773 1376 1836 moderni.

217 1841 229 1866 ’
285 1857 418 1942 pileolus
437 1860 577 1920 internus
598 1859 706 1941 capitis
728 1859 938 1922 summitatem
957 1860 1062 1936 solam,
1084 1859 1133 1920 vel
1156 1881 1378 1942 nonnunquam

288 1942 381 2002 etiam
412 1961 500 2003 aures
526 1934 773 2024 circumtegens:
804 1943 1016 2004 huiuscemodi
1046 1943 1086 2005 ab
1119 1943 1174 2002 lllo
1195 1951 1376 2038 assumptus,

288 2045 353 2111 quo
384 2023 531 2086 abscissae
562 2025 647 2088 auris
676 2025 832 2089 defectum
856 2027 1039 2088 occultaret
1061 2025 1206 2104 πιλίδιον,
1226 2023 1377 2103 menoses,

292 2128 356 2167 uno
380 2107 478 2170 verho
499 2107 627 2172 calatia.

371 2215 454 2278 Ibid.
475 2214 505 2277 9.
555 2209 728 2298 στρατηγὸν
762 2214 816 2296 τῆς
836 2209 920 2289 {aar
950 2212 1063 2297 πάσης]
1099 2216 1154 2298 qui
1185 2201 1378 2298 praefectum

291 2304 456 2380 praetorio
480 2298 620 2362 Orientis
641 2300 702 2360 iam
724 2301 828 2362 forsan
857 2302 1053 2384 antiquatum
1074 2301 1216 2362 referret.

286 2431 291 2440 ·
369 2406 451 2469 Ibid.
492 2397 573 2471 ὥστε
594 2407 650 2469 καὶ
668 2401 787 2479 dcirca
807 2408 928 2491 ποιεῖν]
949 2418 1075 2491 praeter
1097 2407 1174 2469 duos
1194 2427 1252 2488 per
1273 2407 1378 2487 Aegy.

293 2501 383 2574 ptum
405 2490 457 2552 alii
485 2513 536 2554 sex
562 2490 656 2553 duces
685 2492 850 2554 Orientem
873 2494 1064 2555 tuebanturs
1095 2493 1213 2553 scilicet
1232 2490 1380 2550 Palaesti-

288 2596 371 2651 nae,
396 2576 547 2651 Arabiae,
560 2589 564 2598 '
579 2574 785 2651 Phoenicius,
818 2576 945 2659 Syriae,
974 2576 1215 2657 Euphratensis,
1236 2572 1378 2633 Osrhoe-

287 2680 369 2734 uae,
403 2668 436 2719 et
463 2656 718 2739 Mesopotamiae.
766 2658 799 2719 hi
827 2679 899 2719 cum
931 2682 949 2721 a
979 2659 1125 2740 principe
1152 2656 1379 2741 probarentur,

286 2742 338 2803 tlti
356 2740 492 2803 arbitrio
517 2762 537 2802 a
556 2742 683 2803 Zenone
711 2749 785 2803 sunt
813 2741 924 2807 relicti.
967 2742 1160 2805 Pancirollus
1180 2743 1211 2803 in
1233 2740 1378 2801 notitiam

236 2842 242 2859 ¹
288 2823 428 2906 inperii.

257 2954 261 2965 ’
371 2944 451 3005 Ibr'd.
473 2944 523 3007 90.
565 2938 731 3029 Στεφάνου
768 2945 828 3008 τοῦ
859 2944 1029 3009 ἐπισκόπου
1058 2944 1259 3030 Ἀντιοχείας]
1282 2946 1379 3009 Petro

286 3028 414 3093 Faltoni
433 3028 625 3110 Stephanum
649 3050 855 3093 successorem
884 3053 901 3090 a
925 3032 1038 3111 prioris
1059 3032 1177 3093 asseclis
1199 3028 1381 3092 Antiochiae

290 3114 361 3176 neci
381 3112 551 3175 crudeliter
572 3111 731 3190 traditum,
753 3122 787 3175 et
805 3114 895 3175 huius
914 3114 1022 3175 locum
1049 3115 1269 3177 Calendicuem
1288 3134 1379 3175 exce·

288 3197 368 3278 pisse
387 3196 496 3258 scribit
514 3193 664 3279 Euagrius
685 3196 767 3258 lih.3
791 3218 858 3277 cap.
882 3194 930 3258 10.
973 3208 1045 3279 post
1066 3200 1195 3261 Petrum
1217 3196 1381 3259 Faltonem

288 3280 368 3341 duos
399 3281 525 3341 nominc
547 3280 718 3363 Stephani,
751 3280 887 3363 primum
908 3282 993 3341 annis
1025 3282 1135 3357 tribus,
1160 3282 1292 3343 alterurn
1311 3302 1376 3340 uno

287 3362 389 3424 sedem
422 3362 646 3425 Antiochenam
673 3372 830 3425 tenentem
859 3371 997 3425 recenset
1017 3364 1208 3448 Nicephorus
1230 3363 1261 3425 in
1283 3362 1377 3425 chro-

286 3444 369 3523 nico,
391 3468 469 3529 quos
498 3446 717 3508 Calendionem
749 3468 781 3507 se
806 3457 916 3507 autum
945 3447 1059 3511 asserit
1112 3448 1265 3510 Baronius
1283 3446 1377 3508 Nice..

286 3530 383 3613 phari
402 3531 553 3592 sententia
574 3528 612 3590 ad
633 3552 747 3590 annum
765 3469 826 3590 4t9
849 3552 934 3591 num.
957 3532 977 3592 2
999 3540 1180 3609 memorata,
1201 3530 1241 3593 ad
1262 3552 1379 3591 annam

288 3610 399 3675 deinde
420 3607 483 3673 482
510 3636 593 3675 num.
624 3612 639 3672 l
672 3612 703 3673 in
736 3612 864 3695 Euagrii
890 3614 1045 3697 geminum
1069 3616 1153 3677 hunc
1183 3614 1377 3697 Stephanum

288 3719 352 3759 non
372 3694 583 3779 distinguentis
613 3696 793 3777 opinionem
823 3698 954 3774 transit,
987 3708 1019 3759 et
1041 3700 1151 3762 omisso
1171 3698 1303 3774 seniore,
1325 3698 1379 3757 in-

287 3779 420 3857 uiorem,
443 3802 536 3863 quem
557 3778 665 3862 priore
695 3780 764 3840 loco
789 3780 927 3841 Fullonis
959 3802 1165 3844 successorem
1193 3780 1376 3857 nominavit,

287 3864 462 3945 posteriore
489 3886 508 3925 a
532 3862 721 3924 Calendione
750 3876 911 3947 exceptum
937 3866 1095 3929 manifeste
1120 3866 1306 3949 profitetur:
1329 3876 1380 3927 at-

288 3969 350 4029 que
371 3948 415 4009 ita
436 3948 502 4009 solo
523 3947 651 4008 senioris
677 3946 802 4007 nomine
823 3949 994 4025 recensito,
1015 3972 1111 4011 annos
1135 3950 1165 4010 in
1191 3947 1377 4030 pontificata

289 4030 408 4109 nultos,
440 4033 542 4093 locum
566 4030 684 4090 nullum
705 4032 844 4112 assignat,
866 4033 1021 4094 iuniorem
1043 4034 1143 4093 trihus
1166 4032 1251 4093 anuis
1272 4030 1377 4092 sedem

289 4113 429 4190 tenuisse,
452 4116 539 4175 nullo
562 4122 638 4175 teste
659 4122 823 4175 contentus
847 4136 995 4176 asserere.
1049 4115 1252 4196 Theophanes
1275 4134 1378 4197 porra

288 4194 662 4281 Nicephoripatriarchae
681 4198 871 4260 auctoritate
895 4198 988 4261 fultus
1010 4220 1108 4262 unum
1128 4199 1168 4262 als
1189 4198 1289 4261 altero
1312 4196 1377 4261 alis-
