3050 4900
504 361 879 470 unicornuus·
933 374 938 383 ·
1179 357 1277 453 ss¹

143 530 264 615 somptl'r
283 529 444 594 monschls
466 541 499 595 et
518 533 629 616 popull
653 531 896 595 aemulatoribus
918 531 1011 593 e'xlrlt
1030 539 1146 594 contre¹
1165 533 1227 593 Bac

143 617 289 696 siliceum,
312 624 343 677 et
363 617 392 678 ei
424 639 495 677 cum
517 617 614 677 multa
636 617 749 678 fidncia
777 616 958 698 disputavit.
1002 617 1122 681 interea
1139 616 1326 688 Zenon-193

141 721 208 762 cunr
228 699 369 762 Areedne
397 699 437 761 ad
468 701 585 782 regiam
618 700 800 781 perveniens
830 700 942 760 urbem
961 707 1118 781 susceptus
1142 711 1190 762 est
1208 722 1228 761 e

142 783 256 866 populo
277 804 318 843 ac
339 792 458 844 senatu.
502 783 659 846 Basiliscus
679 783 895 844 veroveniens
913 781 952 843 ad
971 783 1142 860 ecclesiam,
1164 785 1225 844 im.

141 867 247 950 periali
270 867 406 948 deposita
429 867 461 927 in
474 867 690 930 divinamensa
704 887 835 942 corono,
856 865 896 927 ad
910 866 1128 948 baptisterium
1147 887 1228 928 con·

140 950 215 1032 sugit
236 971 309 1010 cum
331 951 466 1012 Zenobia
488 951 586 1014 mulae
609 950 766 1033 opinionis
790 969 889 1012 nroce
908 971 972 1010 sua.
1014 971 1116 1031 porro
1139 951 1354 1026 Zenoptillt

138 1032 263 1094 Petrum
284 1033 429 1118 Cnnphca
450 1035 565 1095 evertit
583 1054 621 1096 eo
666 1032 729 1093 uod
750 1033 894 1095 Basilisco
917 1035 1128 1094 concurrerit.
1169 1033 1227 1094 dc.

138 1127 219 1177 creto
245 1125 351 1178 autem
371 1117 538 1179 Orientalis
561 1056 672 1202 synodi
701 1117 859 1198 depositus
881 1127 941 1193 est,
961 1123 995 1177 et
1017 1137 1091 1178 cnm
1112 1136 1150 1178 eo
1173 1119 1228 1178 lo.

32 1237 34 1264 s
138 1221 239 1276 annm,
274 1200 327 1283 qni
359 1209 431 1282 post
451 1202 579 1262 tertium
609 1221 744 1262 mensem
777 1201 892 1261 eiectus
913 1209 974 1276 est,
1003 1210 1036 1261 ct
1063 1211 1136 1282 post
1155 1222 1227 1262 enm

138 1283 310 1366 Stephanus
333 1283 385 1344 vir
405 1285 588 1346 venerahilis
610 1293 655 1344 est
667 1283 853 1346 Antiochiae
874 1286 1035 1366 profectus
1053 1285 1226 1366 episeopus.

137 1367 241 1428 Petrus
268 1373 372 1428 nutem
392 1367 475 1449 apud
498 1369 670 1452 Pityussnm
689 1367 721 1428 in
743 1366 867 1428 exilium
890 1367 1049 1446 ducturus,
1072 1366 1125 1428 sed
1145 1367 1225 1428 edu.

137 1460 231 1512 centes
262 1448 436 1530 decipiens,
461 1453 602 1534 confugit
631 1450 670 1512 nd
699 1458 840 1512 sanctum
865 1449 1068 1512 Theodorum
1087 1450 1224 1512 Euchel-

136 1533 272 1594 tcnsium.
315 1533 496 1596 Timotheus
518 1543 621 1596 eutem
636 1534 770 1596 Helorus
791 1533 875 1596 inter
893 1533 970 1594 haec
991 1535 1140 1610 moritur,
1160 1556 1222 1615 pro

136 1637 192 1698 qno
215 1619 330 1678 Petrus
354 1619 483 1700 llloggus
511 1617 742 1692 introducitur,
773 1618 823 1678 vir
851 1617 1001 1699 malignus
1031 1624 1063 1678 et
1085 1617 1223 1679 veritatis

136 1699 287 1779 inimicus,
311 1699 366 1782 qui
394 1702 454 1762 ium
486 1699 642 1784 depositus
670 1701 784 1762 fueret.
834 1708 1037 1763 consecratur
1059 1710 1164 1760 nutem
1184 1701 1223 1762 ab

136 1803 192 1844 nuo
214 1784 386 1866 episcopo,
408 1793 440 1844 et
466 1785 532 1869 ipso
558 1783 722 1868 deposito;
747 1785 894 1868 inquens
917 1785 1071 1844 irruentes
1091 1805 1151 1865 per
1171 1805 1224 1844 se-

135 1865 190 1927 lum
211 1867 261 1929 dci
280 1867 427 1928 monachi
448 1867 576 1951 triginta
598 1867 671 1929 solis
694 1867 802 1930 diebus
825 1867 1055 1930 latrocinaliter
1077 1887 1148 1928 enm
1161 1867 1224 1928 ob.

135 1950 279 2011 liuentem
305 1950 520 2031 episcopatum
542 1951 718 2034 repellunt,
748 1959 781 2014 et
802 1951 1005 2012 Timotheum
1027 1949 1142 2012 iterum
1162 1950 1221 2012 Sa-

134 2030 335 2114 lophacialem
358 2033 427 2095 inre
449 2035 566 2096 throno
588 2037 766 2096 restituunt.
819 2035 994 2115 Stephanus
1018 2034 1137 2096 interea
1156 2034 1220 2096 ele-
1230 2056 1256 2110 p.
1267 2039 1318 2094 195
1337 2041 1354 2096 7

133 2117 228 2178 ctione
264 2117 427 2180 communi
453 2131 623 2200 provectus
652 2117 691 2178 ad
712 2117 940 2180 Antiochenam
966 2118 1180 2199 episcopatum
1201 2140 1220 2178 a

131 2198 209 2261 Petri
231 2199 373 2282 Cnaphei
404 2204 588 2285 sequacibus
619 2201 706 2286 quasi
730 2203 935 2264 ‚Nestor-ianus
963 2201 1146 2263 criminatus
1175 2209 1221 2262 est

133 2284 395 2362 npudZeoonem.
441 2287 497 2349 scd
530 2287 612 2348 lrunc
640 2285 808 2346 Orientalis
836 2283 973 2369 synodus
996 2283 1081 2366 apud
1102 2283 1219 2348 Laodi-

133 2365 203 2426 ciam
226 2367 417 2430 conveniens
438 2369 573 2434 iussione
601 2367 802 2452 imperatoris
829 2377 942 2452 utpote
969 2367 1131 2431 innoxium
1152 2367 1219 2430 sedi

132 2452 270 2514 restituit.

203 2558 350 2641 Septimo
370 2578 446 2620 vero
468 2557 670 2640 imperatoris
687 2556 821 2619 Zenonis
842 2577 923 2618 enno
934 2601 946 2635 ,
968 2557 1127 2640 Stephano
1147 2557 1252 2639 epi.p.
1268 2566 1320 2622 198
1337 2570 1373 2625 2⁰

127 2658 217 2722 scopo
248 2641 448 2704 Antiocheno
480 2642 673 2719 dormiente,
706 2641 899 2724 Stephanum
929 2662 990 2723 pro
1024 2662 1063 2704 eo
1083 2642 1219 2702 alterum

129 2742 362 2803 consecravere,
394 2748 486 2809 quern
519 2726 637 2787 inimici
665 2724 738 2788 fidei
760 2735 855 2801 roto,
881 2746 945 2809 qno
972 2747 1045 2808 erga
1067 2725 1216 2807 Cnnphee

128 2804 310 2890 flagrabunt,
333 2808 365 2868 in
387 2810 543 2870 natatorio
564 2809 661 2870 suncti
684 2810 830 2893 martyris
846 2809 973 2871 Barluso
994 2810 1118 2871 calamis
1140 2828 1218 2869 acu.

128 2890 163 2950 tis
185 2890 380 2953 trucidantes
401 2892 432 2953 in
446 2893 601 2955 Orontem
621 2892 751 2955 fluvium
771 2894 947 2974 proiecere,
967 2893 1077 2955 furore
1089 2914 1216 2953 armen.

127 2980 166 3033 tes
187 2975 365 3037 amentiam.
413 2976 498 3036 Zeno
528 2986 632 3038 eutem
658 2988 795 3058 propter
823 2976 874 3037 illa
905 2998 986 3058 qnae
1015 2984 1216 3058 praesumpte

126 3067 190 3118 snut
211 3059 242 3119 iu
264 3059 470 3139 Stephanum,
502 3057 588 3121 iussit
618 3060 731 3121 Acacio
757 3061 1071 3142 constantinopoleos
1092 3059 1216 3141 episco-

125 3160 193 3219 pum
203 3142 390 3203 Antiochiae
404 3142 607 3215 constituere,
633 3143 687 3226 qui
708 3143 869 3205 ordinavit
885 3143 1116 3204 calendionem.
1135 3162 1216 3203 con.

124 3234 324 3287 secravernnt
342 3235 446 3286 autem
468 3235 501 3287 et
525 3226 714 3289 Antiocheni
741 3246 802 3309 per
822 3227 1031 3308 ignorantium
1053 3227 1216 3303 loannem,

124 3306 173 3388 qui
195 3307 363 3371 dicebatur
390 3307 585 3382 Godouatus;
617 3332 710 3394 quem
730 3310 881 3372 Celaudio
912 3310 943 3370 in
966 3312 1106 3393 Tyrum,
1132 3328 1216 3392 quse

123 3392 236 3468 primus
268 3391 402 3453 thronus
434 3401 480 3453 est
507 3394 719 3455 Antiochense
746 3394 938 3471 dioeceseos,
959 3391 1142 3454 translatum
1162 3391 1215 3451 in·
1251 3428 1256 3440 ·

124 3470 320 3536 thronizavit.
364 3475 474 3538 eodem
495 3498 577 3539 anno
598 3487 630 3540 et
649 3476 852 3539 Alexandriae
862 3476 1046 3539 ‘limothens
1058 3474 1213 3557 Selopha·
1220 3497 1250 3551 p.
1266 3476 1316 3533 199
1334 3480 1366 3532 11

122 3556 211 3618 cialns
232 3558 396 3621 defunctos
419 3570 474 3635 est,
495 3570 528 3623 et
553 3570 751 3622 consecratus
773 3569 819 3622 est
845 3562 974 3623 loannes
1000 3558 1214 3620 Tabennesio-

121 3646 170 3717 tes‚
189 3642 242 3701 vir
256 3652 378 3703 sanctus
400 3653 432 3705 et
446 3656 607 3707 rectorum
623 3644 805 3727 dogmatum
817 3652 1046 3728 propugnator,
1066 3641 1122 3726 qni
1144 3641 1215 3702 fus..

121 3735 167 3785 rat
196 3725 405 3788 Alexandriae
434 3729 600 3811 presbyter
630 3738 662 3791 et
686 3748 875 3791 oeconomus
907 3728 1065 3789 ecclcsiae.
1113 3744 1215 3805 porro

120 3804 213 3867 Hillus
236 3810 387 3891 patricius
410 3831 482 3872 cum
512 3812 645 3873 Leontio
674 3820 708 3873 ct
731 3812 858 3893 reliquis
888 3812 975 3871 venit
995 3809 1035 3870 sd
1056 3806 1216 3869 castellnm

119 3888 261 3975 papyrii,
294 3903 326 3955 et
346 3891 459 3957 educte
480 3894 597 3957 Verina
627 3898 762 3977 Anguste
784 3894 815 3954 in
837 3895 973 3955 Tarsum
992 3891 1119 3954 Ciliciae
1139 3890 1215 3953 fecit

121 3990 187 4034 eum
209 3976 362 4039 coronari
383 3986 470 4041 ertra
492 3978 647 4040 civitatem
670 3976 755 4062 epod
775 3978 807 4039 S.
822 3977 962 4039 Petrum.

198 4076 334 4139 Decimo
358 4088 522 4160 praeterea
542 4078 675 4140 Zenonis
697 4098 779 4139 nnnc
806 4076 894 4139 Petri
914 4074 1021 4158 Moggi
1050 4074 1312 4159 spudastaep.2⁰2

121 4172 174 4235 per
202 4161 371 4239 pecuniam
407 4170 439 4224 ct
470 4162 664 4224 seductiones
692 4168 914 4245 persuaserunt
946 4160 1065 4221 Zenoni
1098 4161 1213 4221 eiicere

121 4236 266 4305 lorum
298 4245 543 4310 Tabennesioten
580 4244 820 4319 Alexandrinum
849 4242 1032 4327 episcopum
1064 4248 1213 4326 tanquam
