3050 4900
627 300 781 366 NOTAE.
1171 287 1244 366 343

159 468 277 553 qnippe
306 467 435 553 antiqua
461 471 619 553 particula
648 473 760 557 quietis
792 469 826 534 bs
854 473 1035 554 exprimunt
1057 471 1246 534 recentiores

160 550 282 615 Graeci.
331 551 418 616 locus
453 557 547 616 etiam
578 555 775 618 allocutionis
804 555 968 618 tribunalis
995 575 1121 638 campus
1141 556 1248 638 potuit

141 635 283 708 ⁸auctori
302 634 438 698 barbare
457 637 538 699 dici:
562 639 646 722 apud
662 661 756 723 quem
767 637 845 700 haec
864 640 947 702 circa
968 639 1193 704 Brittanionem
1215 639 1246 698 in

159 720 296 802 Illyrico,
317 740 382 781 nou
403 721 523 783 Romae
545 721 741 804 intelligenda
765 731 857 804 gesta.
899 722 938 785 ad
955 723 1091 784 Socratis
1114 723 1196 784 enim
1217 730 1250 784 et

161 803 540 866 SoeomeniBrittanionis
560 807 828 868 maturationem
857 806 1069 882 referentium,
1094 806 1172 866 illius
1195 805 1248 867 lib.

160 885 181 948 9
201 905 269 968 cap.
289 884 459 1032 diditi„
479 889 534 950 lib.
554 885 576 951 4
595 909 664 972 cap.
684 885 723 951 30
746 899 901 969 mentem,
930 889 1129 972 Theophanis
1149 909 1250 952 sensas

161 990 288 1030 accomo
310 993 348 1032 an
374 992 416 1032 us.
1151 997 1156 1004 ·

243 1082 368 1159 68,17.
417 1079 495 1148 idi
516 1079 737 1160 Κωιστοῖντισς
762 1085 958 1170 ἐπιστρέψας
986 1085 1033 1158 sic
1059 1082 1095 1146 si
1124 1081 1253 1162 Βυζάν-

160 1167 238 1251 τιον]
259 1180 364 1231 mente
385 1169 533 1232 nimirum
557 1169 691 1232 reditum
711 1191 824 1255 parans
844 1191 949 1234 venus
968 1170 1160 1254 Byzantium,
1181 1191 1252 1231 eum

163 1251 266 1312 adhuc
288 1250 396 1316 ltaliae
421 1253 567 1316 limitibus
597 1264 671 1337 post
692 1253 887 1338 triumphum
910 1255 1027 1314 Romae
1048 1261 1151 1314 actum
1172 1252 1254 1315 deti.

163 1343 303 1396 nasetur.
344 1337 542 1399 Marcellinus
562 1337 615 1400 lib.
640 1337 691 1398 15.
711 1351 749 1399 et·
760 1341 832 1400 baec
848 1337 970 1422 qzddem
985 1339 1097 1397 Romae
1114 1338 1254 1416 ageban-

34 1453 37 1459 ‚
164 1433 221 1482 aar.
246 1417 471 1482 Constantinum
498 1440 572 1483 uero
592 1421 790 1502 exagitabant
819 1421 933 1482 assidui
952 1419 1058 1485 nuncii
1078 1421 1254 1502 deploratas

165 1501 283 1561 Gallias
304 1501 499 1582 indicaraes,
521 1505 607 1564 nulio
628 1505 773 1565 renitente
802 1505 847 1564 ad
864 1503 1091 1565 internecionem
1115 1503 1256 1564 barbaris

162 1585 352 1645 amitibus
371 1589 528 1648 universa:
541 1599 744 1671 aestuansque
759 1587 814 1649 dia
833 1608 897 1732 ,aa
915 1588 969 1648 οἱα
986 1586 1182 1668 propulsaret
1201 1605 1256 1646 ae-

164 1687 299 1744 rumnas,
312 1669 377 1749 ipse
391 1671 425 1730 in
437 1669 535 1732 Italia
548 1669 691 1746 residens,
706 1684 738 1731 ut
749 1671 834 1754 capie
855 1683 888 1731 at
906 1669 1126 1752 (periculosam
1147 1670 1257 1730 etenim

163 1751 362 1812 existimabat
372 1775 403 1812 se
413 1753 447 1814 in
465 1767 587 1836 pmem
601 1753 776 1815 contaedere
790 1754 876 1834 longe
891 1751 1051 1826 dimotum)
1065 1753 1176 1834 reperit
1186 1763 1259 1814 tun·

163 1831 232 1894 &m
253 1834 411 1895 consilium
432 1851 563 1898 meam.-
590 1849 620 1898 et
646 1835 801 1898 Iulianum
821 1836 991 1920 patruelem
1005 1835 1152 1910 fratrem,
1174 1833 1262 1895 baad

162 1918 207 1974 ita
224 1915 339 1976 diadum
362 1918 401 1977 ab
417 1920 553 1980 Actaeo
585 1933 680 1980 tractu
697 1919 847 1996 accitam,
876 1920 979 1983 etiam.
995 1929 1058 1978 aaa
1080 1918 1259 2000 palliatam,

163 1999 198 2058 in
219 2001 386 2061 waramum
406 2004 530 2084 imperii
548 2002 711 2064 adsciscere
739 2003 899 2083 cogitabat.
943 1999 1118 2062 revocanda
1140 1999 1170 2062 iu
1192 2021 1260 2061 me-

164 2081 299 2141 moriam
322 2104 401 2166 quae
423 2082 462 2146 da
481 2085 592 2148 iuliani
616 2083 755 2146 custodia
777 2085 918 2166 superius
940 2083 1096 2144 annotata.
1116 2093 1187 2164 post
1207 2104 1263 2143 nu-

167 2165 302 2228 licorum
324 2167 467 2230 obtentas
489 2168 691 2245 adulationes,
722 2167 836 2228 subdit.
864 2168 963 2254 ‚queis
986 2166 1188 2228 adnitentibus
1208 2166 1264 2228 ab·

165 2249 276 2308 atinate
306 2251 478 2334 apponebat
501 2253 619 2313 sescla
640 2254 762 2332 regina,
787 2253 952 2328 incertum,
980 2251 1197 2330 migrationem
1218 2247 1267 2310 ad

166 2329 334 2415 lottgihqaa
352 2336 582 2416 pertimescens,
604 2355 648 2396 an
664 2356 726 2419 pro
745 2337 854 2394 nativa
872 2334 1038 2416 pnsdentia
1058 2332 1208 2392 consulens
1230 2333 1263 2390 in

165 2433 338 2493 consmune,
357 2419 552 2499 omnibznque
572 2437 739 2478 mensurans
758 2417 900 2499 anteponi
919 2414 1028 2477 debere
1045 2415 1261 2499 propinquam,

165 2510 224 2559 etc.
243 2500 290 2559 ad
308 2499 465 2583 impertiam
475 2502 595 2584 placuit
613 2500 773 2560 Iulianum
794 2498 963 2563 adsumere.
984 2507 1056 2558 ante
1076 2505 1140 2559 tres
1160 2518 1262 2577 porro

165 2577 217 2641 vel
237 2589 390 2663 quattuor
411 2606 507 2645 annos
527 2584 604 2645 haec
625 2584 752 2654 actitata
779 2590 886 2643 montet
909 2579 989 2642 idem
1013 2578 1207 2641 lllarcellinus
1232 2578 1262 2639 in
1342 2646 1344 2651 ,

166 2664 378 2747 sequentibus.
438 2670 517 2729 baec
546 2668 597 2728 die
616 2679 724 2727 octavo
755 2664 867 2725 [duem
897 2664 1048 2727 Nauemb.
1076 2676 1159 2743 gesta
1185 2675 1262 2737 ssent,

170 2766 242 2808 cum
256 2748 452 2810 Arbetionem
471 2752 617 2812 comatam
638 2770 736 2810 annus
754 2748 886 2825 baberet,
907 2760 937 2808 et
951 2748 1136 2809 Lollianam.
1180 2764 1262 2807 anno

170 2828 345 2893 Comtantii
367 2832 416 2911 18,
437 2832 487 2894 vel
506 2834 678 2895 seeundum
700 2831 775 2893 allos
802 2829 850 2892 19.

212 2944 220 2958 '
254 2946 307 3025 69,
329 2944 360 3009 3.
397 2941 528 3021 Ἰούλιος
548 2940 567 3007 ὅ
586 2942 706 3028 πάσας]
739 2968 798 3009 cnr
818 2944 888 3008 lulii
911 2952 1047 3007 mortem
1068 2942 1211 3015 ascribat,
1233 2951 1266 3005 et

171 3022 212 3095 de
235 3030 400 3093 Athanasio
422 3054 493 3115 pag.
513 3028 555 3096 36
574 3031 691 3114 scripta
723 3038 846 3112 repetat
864 3028 1070 3111 Theophanes
1094 3050 1176 3089 anno
1197 3028 1265 3087 Da-

175 3116 250 3176 masi
275 3116 397 3197 quinto,
419 3116 476 3175 nisi
498 3116 662 3199 deceptum
683 3136 825 3193 asseram,
849 3114 952 3175 faleor
969 3133 1018 3173 me
1040 3112 1166 3173 nmcire.

192 3262 196 3267 .
256 3212 339 3275 Ibid.
358 3210 388 3277 9.
430 3208 632 3287 Μακεδόοιος
653 3208 709 3297 ἔζη
730 3211 785 3299 ιη’]
811 3212 936 3296 reliquis
949 3212 1040 3275 codd.
1060 3204 1126 3280 ἔτος
1146 3205 1173 3271 a'
1185 3209 1265 3269 scri-

173 3288 330 3375 bentibus,
350 3295 508 3379 interpolo
528 3292 567 3376 d.

256 3402 342 3467 Ibid.
384 3396 576 3475 Ἀθανάσιος
593 3398 649 3484 ἔτη
668 3395 729 3482 μί,
750 3395 796 3481 λβ
806 3404 818 3482 ]
841 3400 999 3468 Athanasii
1019 3400 1092 3462 anni
1111 3368 1267 3483 sigillatim
1392 3422 1395 3428 ·

177 3485 301 3569 accepti
322 3485 477 3570 incipiunt
499 3488 572 3549 hinc
593 3496 678 3549 recte
702 3488 871 3549 numerari.

257 3610 341 3672 ibid.
359 3610 408 3673 10.
448 3609 583 3687 σεισμοῦ
603 3604 743 3690 μεγάλου
764 3608 948 3689 γενομένου]
971 3606 1017 3668 his
1041 3606 1148 3669 iisdem
1163 3604 1267 3667 verbis

178 3694 319 3757 uenatio
342 3694 493 3755 instructa
519 3696 690 3757 chronicon
700 3692 845 3755 Alexand.
868 3692 1047 3775 legentibus,
1069 3691 1209 3753 occurrit
1229 3688 1268 3749 ad

176 3786 373 3861 praesentem
394 3778 588 3839 Constantini
612 3798 738 3837 anuum.
791 3776 905 3838 ibidem
929 3776 1055 3856 insuper
1073 3771 1183 3835 mensis
1205 3772 1269 3855 Hy.

176 3861 407 3943 perheretaeus,
428 3859 461 3921 id
481 3874 527 3924 cst
548 3862 701 3937 October,
719 3858 920 3936 observatur:
943 3858 1026 3920 idem
1042 3857 1138 3919 habet
1153 3854 1268 3919 Hiero.

178 3943 268 4029 nymi
289 3944 471 4006 chronicon.
882 3941 886 3952 '

261 4058 341 4120 Ibid.
365 4059 413 4121 15.
464 4049 614 4132 Εὖὸόξιος
644 4050 700 4139 ἔτη
726 4053 765 4141 a']
789 4058 832 4123 ita
859 4058 963 4119 cuncti
996 4054 1089 4127 codd,
1109 4052 1268 4119 mendose:

179 4141 259 4204 solos
281 4143 399 4229 quippe
422 4140 531 4207 decem
554 4164 651 4206 annos
672 4142 748 4203 vixit
779 4141 812 4205 in
832 4142 1028 4223 pontificatu.
