3050 4900
270 353 344 422 ara
430 355 642 423 sumansu
668 324 868 423 'ursroan
899 355 1210 426 summissuros

266 517 391 573 ostensa
410 518 484 573 sunt
502 513 598 589 mala,
617 519 779 595 nequeunt
800 511 905 589 scribi,
928 511 1004 574 alios
1024 513 1151 596 quidem
1175 535 1213 576 eo
1238 513 1364 576 investi.

268 604 363 676 gante
385 595 519 678 qualiter
548 595 635 658 domi
654 596 813 671 viverent,
841 617 878 656 ac
910 597 1121 659 summittente
1153 599 1363 680 malignorum

268 675 420 820 :puosdam
441 699 603 741 servorum
620 679 793 762 derogandi
823 677 966 757 dominis,
983 689 1014 741 et
1028 681 1059 741 iu
1071 680 1254 763 primordiis
1276 683 1363 764 quasi
1402 725 1414 745 .

292 763 433 824 abitante
453 763 613 860 superpris
636 784 716 846 quae
739 761 935 840 dicebantur,
958 762 1071 826 deinde
1092 785 1168 826 vero
1192 765 1363 828 affirmante

267 845 465 906 calumniam.
509 846 540 907 id
560 868 660 928 rpsum
684 853 787 906 autem
809 855 841 908 et
871 867 965 928 super
993 846 1182 931 ignobilibus
1215 849 1358 932 gerebat,

267 927 376 1011 dignos
397 928 572 992 honoribus
593 931 730 992 iudicans
750 927 956 992 detrahentes.
1006 938 1172 1013 praeterea
1193 929 1361 994 domorum

266 1013 380 1072 multos
402 1012 616 1076 habitatorum
648 1036 667 1074 a
700 1013 803 1095 prima
825 1015 856 1075 iu
881 1013 1007 1076 tertiam
1029 1016 1263 1098 generationem
1283 1017 1360 1078 suh.

161 1117 189 1170 p.
206 1100 259 1156 758
267 1097 421 1172 vertebat,
446 1118 501 1179 spe
522 1099 618 1159 fretus
640 1095 726 1181 quod
740 1107 859 1180 quanto
882 1096 1012 1160 celerius
1033 1107 1172 1186 ruerent,
1195 1108 1283 1160 tanto
1305 1099 1360 1162 has

266 1179 331 1261 ipse
352 1180 436 1240 foret
456 1179 628 1243 hereditate
663 1181 753 1241 citius
783 1201 989 1264 possessurus.
1038 1181 1166 1264 dignum
1190 1192 1294 1244 autem
1315 1193 1362 1246 est

264 1273 304 1322 ut
320 1272 352 1323 et
369 1263 432 1324 hoc
453 1285 543 1325 causa
564 1263 733 1345 voluptatis
762 1285 816 1326 seu
838 1265 1059 1347 paradigmatis
1080 1268 1250 1328 memoriae
1269 1287 1361 1328 com..

263 1347 453 1408 mandemus.
479 1347 651 1409 cerularius
673 1345 801 1432 quidam
822 1356 891 1409 erat
911 1348 942 1408 in
964 1349 1038 1410 foro
1060 1369 1096 1410 cx
1117 1349 1276 1412 laboribus
1297 1351 1359 1412 suis
1461 1395 1465 1402 -

262 1429 401 1512 locuples
423 1438 455 1493 et
478 1430 555 1493 nihil
576 1453 676 1514 egeus.
720 1453 786 1514 quo
809 1431 959 1494 accersito
982 1432 1121 1494 omnium
1142 1455 1239 1496 vorax
1260 1433 1359 1516 impe-

263 1523 354 1575 rator
373 1514 418 1575 ait
437 1520 542 1596 “poue
564 1537 691 1576 manum
711 1523 797 1575 tuam
818 1513 850 1576 iu
865 1515 984 1578 vertice
1003 1537 1085 1593 meo,
1108 1526 1140 1578 et
1163 1518 1232 1580 iura
1255 1538 1360 1601 quan.

263 1605 331 1658 tum
353 1599 412 1660 tibi
444 1601 483 1659 sit
506 1603 646 1660 aurum.’'
696 1597 751 1680 qui
782 1619 897 1680 parum
926 1609 1077 1683 tanquam
1100 1599 1244 1686 indignus
1264 1621 1360 1662 recu-

260 1702 339 1758 sans,
362 1692 488 1745 coactus
506 1690 553 1744 cst
571 1683 611 1744 ab
630 1703 667 1744 eo
688 1682 793 1743 lacere
815 1682 888 1757 hoc,
912 1691 944 1743 et
963 1692 1090 1745 centum
1111 1683 1205 1747 libras
1226 1705 1259 1746 se
1279 1681 1358 1745 dixit

260 1763 396 1838 habere;
416 1787 492 1848 quas
512 1763 621 1826 eadem
640 1763 720 1826 bora
742 1768 906 1850 praecepit
934 1766 1050 1845 afferri,
1073 1765 1176 1830 diceus
1198 1772 1256 1829 “tu
1280 1765 1358 1850 quid

261 1869 340 1932 opus
370 1847 465 1909 habes
487 1848 669 1910 sollicitas-il
721 1849 844 1931 prande
876 1871 1008 1930 mecum,
1030 1857 1062 1912 et
1083 1851 1161 1914 tolle
1182 1850 1277 1914 libras
1300 1849 1358 1914 dc-

259 1953 338 2010 cem,
360 1931 460 1994 ethis
481 1931 560 1994 vade
582 1937 774 1994 contentus.”

340 2034 432 2093 Anno
456 2030 581 2114 imperii
612 2031 661 2092 sui
693 2052 779 2092 nouo
802 2030 994 2113 Nicephorus
1026 2039 1139 2094 contra
1162 2031 1354 2096 Christianos

258 2112 493 2178 adinventiones
513 2115 662 2192 extendit,
682 2115 890 2197 inspectiones
919 2116 985 2178 sine
1007 2115 1066 2178 deo
1087 2119 1119 2178 in
1143 2116 1354 2198 eruptionibus

257 2201 470 2276 animantium,
492 2198 690 2260 diversorum
708 2198 898 2281 pabulorum
915 2221 951 2260 ac
972 2200 1132 2262 fructuum
1155 2201 1288 2282 iniustas,
1312 2201 1354 2260 ti·

258 2281 423 2345 tulationes
443 2291 476 2346 et
494 2283 628 2346 iacturas
649 2283 841 2364 principum,
863 2281 1070 2346 fenerationes
1092 2284 1123 2344 in
1138 2283 1277 2361 navibus,
1297 2284 1351 2366 qui

257 2366 401 2428 omuibus
435 2366 535 2446 legem
565 2367 708 2451 ponebat
727 2387 765 2428 ne
795 2366 834 2427 ad
855 2389 978 2428 usuram
1000 2369 1168 2451 quicquam
1192 2367 1351 2430 tribuere-

256 2460 320 2529 tur,
342 2463 375 2513 et
396 2452 455 2513 alia
477 2452 557 2514 dena
576 2449 663 2512 milia
676 2449 832 2512 mulorum
846 2460 1031 2529 commenta,
1054 2472 1191 2535 quorum
1207 2453 1354 2533 particu-

257 2534 328 2598 laris
350 2534 482 2597 historia
511 2555 645 2598 onerosa
672 2543 718 2597 est
738 2534 785 2595 his
806 2536 861 2619 qui
881 2535 1115 2618 compendiosas
1132 2534 1250 2597 discere
1273 2558 1351 2597 cau-

255 2640 301 2679 sas
322 2622 500 2703 exquirunt.
523 2618 587 2683 kat
609 2627 714 2680 autem
730 2618 936 2696 Octobribus,
959 2617 1163 2697 tertiaderia,
1184 2620 1349 2701 evaginato

256 2702 385 2784 quidam
405 2703 567 2784 dissipatus
599 2702 631 2763 in
654 2702 765 2763 habitu
784 2702 932 2763 monachi
953 2699 1055 2783 gladio
1085 2700 1242 2765 cuiusdam
1264 2703 1349 2764 mili.

255 2787 390 2847 tantiam
411 2785 554 2846 cucurrit
577 2784 610 2844 in
630 2784 791 2865 palatium,
813 2784 1025 2867 Nicephorum
1047 2786 1225 2847 interlicere
1249 2806 1348 2870 quae-

157 2880 336 2953 plabrens.
380 2868 443 2930 duo
463 2886 540 2929 vero
562 2866 665 2928 erbis
686 2868 740 2949 qui
764 2867 1016 2944 circumstabant,
1038 2869 1193 2931 irruentes
1215 2869 1247 2931 iu
1267 2891 1349 2945 aum,

255 2952 408 3013 atrociter
440 2949 596 3013 vulnerati
623 2958 696 3011 sunt
720 2950 758 3011 ab
789 2950 854 3015 illo.
913 2953 1152 3035 comprehensus
1181 2961 1285 3014 autem
1316 2964 1348 3017 et

254 3035 357 3097 multis
377 3034 485 3117 poeuis
508 3034 635 3095 affectus
656 3034 810 3095 excusavit
831 3056 873 3113 se,
895 3033 1094 3098 daemonium
1113 3035 1231 3099 hahere
1251 3057 1348 3118 prae-

252 3117 399 3196 tendens,
423 3117 605 3201 nullumque
624 3138 752 3199 prorsus
774 3138 927 3179 accusans.
978 3127 1011 3181 ut
1029 3119 1080 3181 illc
1101 3119 1185 3181 huno
1202 3121 1234 3181 iu
1261 3120 1346 3203 ligno

251 3202 386 3264 munivit
407 3224 479 3263 eum
502 3202 703 3284 patientibus.
726 3202 817 3264 multi
839 3223 915 3285 ergo
940 3200 1083 3286 deinceps
1098 3204 1242 3285 augurati
1262 3214 1346 3281 snut,

251 3288 388 3351 enormis
409 3288 480 3348 fore
502 3284 575 3346 mali
594 3284 655 3345 hoe
674 3286 794 3367 signum
815 3294 1019 3349 asseverantes
1033 3296 1097 3349 tam
1119 3286 1343 3368 imperantibus

251 3393 346 3455 quam
366 3369 521 3451 subiectis,
543 3367 805 3451 quemadmodum
828 3379 860 3431 et
882 3370 915 3430 in
938 3370 1037 3452 impio
1059 3371 1203 3433 Nestoris
1225 3372 1346 3433 lactum

198 3508 202 3517 .
250 3466 308 3517 est.
351 3452 607 3517 Manichaeorum
627 3473 722 3535 vero,
744 3452 799 3535 qui
828 3474 911 3515 nuuc
929 3454 1100 3515 Panliciaui
1122 3464 1153 3517 et
1177 3454 1344 3535 Albingani

251 3538 411 3618 dicuntur,
435 3536 489 3619 qui
514 3557 552 3597 ue
573 3536 604 3596 in
625 3535 765 3619 Phrygia
795 3545 828 3598 et
848 3536 1004 3619 Lycaonia
1026 3538 1187 3599 constituti
1208 3538 1344 3603 confina

251 3621 285 3683 et
304 3621 398 3683 vicini
412 3620 476 3682 eius
490 3560 704 3696 habebantur,
720 3618 837 3681 amicus
850 3621 1090 3683 ferventissimus
1110 3631 1188 3699 erat,
1210 3642 1343 3705 raspon-

249 3706 289 3767 sis
311 3727 422 3767 eorum
443 3724 567 3785 semper
598 3712 631 3765 et
653 3702 915 3765 immolationibus
937 3704 1194 3788 'congratulatus,
1216 3703 1342 3787 inqui.

249 3788 317 3867 bus,
339 3800 370 3851 et
392 3786 517 3870 quaudo
541 3785 701 3849 Bardunus
731 3788 882 3867 patricius
913 3798 1026 3851 contra
1045 3810 1078 3851 se
1097 3789 1274 3865 insurrexit,
1295 3786 1343 3849 his

249 3872 406 3935 advocatis
426 3870 511 3931 huuc
523 3870 735 3931 molitionibus
757 3872 897 3952 ipsorum
910 3872 1041 3956 subegit.
1084 3880 1211 3935 taurum
1224 3872 1342 3955 quippe

248 3956 281 4016 in
301 3956 441 4039 quodam
459 3954 529 4015 lacu
550 3955 656 4015 ferreo
679 3954 753 4035 palo
774 3955 921 4017 cornibus
947 3956 1072 4039 alligans
1094 3956 1133 4017 ad
1154 3964 1272 4017 terram
1292 3956 1341 4015 in·

248 4050 421 4115 curvatum,
445 4039 488 4100 sio
519 4036 594 4099 dum
620 4037 756 4119 mugiret
780 4046 813 4099 et
835 4040 1034 4102 volutaretur
1054 4038 1156 4112 occidi
1178 4040 1260 4119 lecit,
1280 4037 1340 4099 hu.

249 4124 358 4207 iusque
387 4132 504 4191 vestem
532 4121 564 4183 iu
595 4120 679 4182 mola
709 4141 799 4182 versa
830 4123 898 4185 vice
926 4124 1042 4187 molens
1065 4134 1096 4185 et
1119 4123 1341 4185 incantationi-

246 4207 303 4269 bus
326 4226 397 4269 usus
418 4205 581 4269 victoriam
603 4203 685 4283 tulit,
708 4204 909 4285 permittente
930 4208 990 4271 deo
1008 4216 1143 4290 propter
1161 4204 1340 4271 multitudi-
