3050 4900
661 1057 748 1123 Ao
823 1053 858 1122 s.
909 1057 945 1146 P.-
996 1054 1036 1121 u.

373 1269 1326 1370 THEOP'HANIS

483 1497 1213 1584 cunonoonnnnrln

528 1713 565 1776 F.
595 1711 875 1778 Fuloctsct
904 1711 1162 1774 COMBEFlS

411 1903 494 1968 Ord·
516 1901 579 1967 FF.
602 1903 865 1966 Praedicatorum
894 1903 1052 1986 Congreg.
1073 1903 1104 1964 S.
1134 1901 1286 1965 Lndovici

361 2051 647 2184 norro
688 2083 1328 2199 nosoumonus,

468 2299 581 2369 ll'SUll
599 2299 755 2367 PROPlUS
772 2299 961 2368 nuclonls
981 2299 1225 2381 contextum,

353 2486 482 2573 cirroque
502 2486 668 2552 versiones
688 2486 822 2552 otrictim
855 2486 1043 2551 illustrantes
1076 2496 1109 2553 et
1129 2485 1336 2551 emendantes.

383 2831 533 2911 Quemvis
554 2833 700 2916 praviora
729 2852 873 2917 quaeque
891 2854 928 2895 ue
949 2832 1075 2894 maioris
1096 2832 1160 2895 visa
1184 2851 1307 2915 operae,
1332 2852 1389 2893 ve.

299 2935 398 2998 reque
420 2915 693 2999 chronographica
724 2918 889 2999 occupavit
909 2917 946 2979 R.
959 2916 998 2978 P.
1016 2916 1122 2979 lnnobi
1144 2920 1232 2978 Geor
1250 2913 1307 2977 τοῦ
1326 2936 1391 2991 μα-

298 2998 430 3077 καρίτου
451 2998 628 3081 diligentin3
651 2999 799 3082 relegenti
821 3010 922 3061 tumen
945 3020 1024 3081 opus
1044 3009 1106 3061 tnm
1126 2999 1262 3082 spissum,
1283 2997 1333 3058 oni
1355 3007 1390 3059 et

298 3102 399 3143 menen
421 3082 490 3161 ille,
510 3103 581 3143 mor
611 3091 647 3144 ut
669 3083 777 3165 eoepit
805 3074 934 3144 riuorbur
956 3085 1088 3165 pulsare,
1114 3084 1268 3144 addictam
1287 3080 1391 3142 voluit

205 3212 211 3228 .
297 3164 480 3227 nonnullum
509 3186 655 3249 opernm,
677 3185 863 3244 occurrere,
887 3188 947 3249 qno
970 3188 1028 3229 nee
1050 3166 1317 3227 animadversione
1338 3164 1391 3225 in.

298 3248 407 3330 digno,
427 3270 486 3310 neo
517 3248 717 3311 incommodo
740 3248 881 3324 omnino,
903 3248 959 3309 etsi
986 3250 1114 3311 forsitan
1135 3249 1262 3324 leviore,
1284 3267 1389 3329 nequo

298 3332 410 3393 lectori
432 3332 608 3394 videantur.
652 3332 728 3394 lineo
749 3332 846 3415 igitur
862 3331 912 3391 ille
925 3332 1001 3393 boni
1023 3335 1163 3395 consulet
1182 3342 1288 3393 nostre
1310 3330 1390 3391 baeu

297 3414 526 3493 schediasmate,
548 3436 585 3476 ne
607 3416 802 3479 velenimnm
814 3415 973 3498 probabit,
990 3418 1101 3499 quibus
1125 3414 1272 3477 decoctae
1292 3435 1389 3495 prae-

298 3508 382 3569 eant,
406 3498 601 3579 posthumae,
619 3520 694 3583 quas
715 3498 872 3582 produco,
894 3498 954 3561 viri
976 3500 1075 3563 doctis
1098 3500 1249 3578 omnibus,
1271 3516 1308 3559 ae
1328 3496 1389 3581 piis

299 3581 465 3644 desiderati
485 3582 731 3644 exercitationes.

381 3688 419 3749 P.
440 3686 502 3750 91.
526 3685 558 3752 6.
607 3684 681 3769 neni
701 3678 747 3750 οἷν
777 3684 985 3767 ἐπερχόμενος
1003 3684 1061 3769 τήν
1079 3680 1278 3766 ὄκτᾰβιβλον]
1299 3692 1389 3771 ntqni

297 3770 423 3834 Eusebii
442 3772 571 3833 historin
597 3768 781 3850 δεκάβιβλος
810 3780 872 3851 est,
894 3782 930 3833 ut
949 3791 1053 3833 omnes
1074 3780 1209 3834 norunt:
1234 3768 1272 3833 10
1296 3770 1387 3851 libri,

201 3852 205 3862 '
298 3877 362 3917 non
384 3862 467 3917 octo.
509 3854 602 3936 plane
632 3855 796 3936 scripserit·
820 3854 1026 3936 'l'lreoplrnnes
1056 3850 1113 3934 τὴν
1140 3850 1167 3933 η’
1196 3854 1314 3932 βιβλον,
1351 3876 1390 3919 ex

184 4010 189 4017 ¹
298 3959 361 4021 quo
384 3938 545 4022 imperitus
564 3935 756 4019 antiquarius
778 3960 864 3997 suam
883 3934 1067 4015 ὄκτάβιβλον
1087 3937 1292 4018 exscripserit.
1332 3941 1389 4020 qui

297 4023 401 4102 legerit
423 4023 535 4084 librum
563 4034 702 4083 ecloum
731 4022 873 4081 historiae
901 4021 1113 4082 ecclesiasticae
1131 4020 1263 4097 Eusene,
1283 4017 1322 4079 de
1340 4022 1389 4083 bis

296 4120 470 4185 ooguoscet5
499 4126 563 4188 quo
582 4108 676 4165 etiam
705 4104 788 4165 libro
816 4104 840 4163 is
862 4105 918 4165 istu
942 4104 1070 4164 monime
1092 4102 1273 4185 exequitur:
1295 4102 1388 4163 bino·

298 4209 360 4270 qne
379 4188 495 4251 fectum
527 4196 591 4265 est,
612 4198 648 4249 ut
667 4187 713 4249 illi
732 4196 844 4249 octavo
875 4187 957 4251 libro
979 4186 1119 4251 additum
1138 4188 1177 4248 sit
1198 4184 1282 4249 alind
1305 4206 1386 4269 opus
