3050 4900
278 331 348 402 172
441 335 652 402 ANASTASH
682 337 876 403 tttsrotstt
892 332 1203 404 tcwtmtca

356 486 477 568 Eodem
499 527 581 569 enno
593 507 707 571 dbidus
721 483 857 569 strabam
873 513 1005 590 praetor
1026 505 1170 568 adversus
1192 505 1368 566 truncatam

274 589 444 650 exercitum
466 591 583 668 movit,
605 593 658 675 qni
689 598 870 654 consecutus
892 591 1088 652 tlaurianum
1111 599 1293 672 praetorem
1315 591 1366 650 in.

275 681 395 736 secutru
414 680 460 734 et
476 693 548 736 eum
565 695 662 760 usque
683 675 722 738 ad
743 676 913 740 Caucaseos
932 681 1063 754 montes,
1083 681 1116 736 et
1130 671 1289 755 regionem
1309 671 1368 736 de-

273 754 441 840 praedatus
461 763 516 818 est.
1254 778 1262 793 ·

357 889 448 950 Anno
470 885 594 970 imperii
615 885 789 949 Constantis
821 885 861 952 13
882 907 995 971 praece
1019 887 1044 948 it
1064 885 1205 950 Maulsias
1227 894 1368 948 armatu·

274 994 341 1046 rem
372 971 442 1034 fieri
465 971 589 1032 navium
615 991 774 1053 magnam,
804 993 870 1054 quo
901 908 1080 1034 ascenderet
1110 969 1221 1032 urbem
1249 970 1368 1054 regiam

274 1055 372 1127 classis
394 1076 513 1118 eorum.
557 1053 655 1116 omnis
673 1064 778 1118 autem
798 1065 965 1140 apparatus
984 1054 1069 1138 apud
1081 1053 1237 1136 Tripolim
1260 1053 1369 1119 Phoe·

274 1137 375 1202 niciae
397 1137 594 1201 consistebat.
618 1158 726 1200 verum
749 1137 888 1202 lsocviso
911 1139 974 1201 duo
995 1139 1108 1203 fratres
1133 1137 1259 1220 quidem
1272 1137 1369 1201 Chri-

273 1221 312 1284 sti
333 1221 432 1300 amici,
453 1221 509 1284 Tri
534 1220 577 1282 oli
605 1230 782 1300 manentes,
811 1223 867 1285 lilii
892 1221 1085 1286 bucinatoris
1111 1221 1281 1298 cuiusdam,
1300 1219 1368 1282 zelo

274 1305 324 1366 dei
345 1305 473 1367 sauciati
488 1243 533 1368 ed
548 1325 705 1366 carcerem
726 1305 858 1368 civitatis
879 1326 950 1368 cum
970 1305 1091 1387 impetu
1111 1303 1268 1370 abierunt.
1309 1303 1370 1364 laa-

272 1387 367 1452 hebet
387 1397 491 1450 autern
514 1387 747 1450 multitudinem
764 1388 980 1451 Romanorum
1000 1387 1242 1465 vinculatorum,
1264 1395 1296 1452 et
1316 1387 1369 1448 di.

274 1471 375 1553 ruptis
395 1472 496 1554 portis
517 1471 691 1554 vinctisque
719 1471 827 1534 solutis
861 1473 895 1534 iu
921 1472 1052 1535 amiram
1078 1471 1251 1535 irruerent
1301 1491 1368 1554 quc

271 1563 437 1642 perempto
467 1576 528 1618 una
557 1575 630 1616 cum
654 1553 700 1616 his
722 1555 776 1638 qui
807 1576 879 1617 cum
899 1575 938 1619 eo
958 1563 1059 1636 erant,
1077 1563 1369 1650 praeparaturaque

275 1639 361 1704 omni
384 1637 450 1722 igni
471 1635 632 1714 mandata,
664 1637 695 1700 in
719 1637 904 1703 Romaniaru
923 1639 1045 1722 navigio
1068 1646 1269 1712 transscrunt.
1311 1659 1368 1700 re-

275 1731 451 1786 rumtameu
480 1741 538 1784 nec
565 1722 610 1783 sic
640 1717 684 1782 illi
712 1719 753 1784 ab
782 1722 890 1786 eadem
909 1731 1138 1806 praeparatura
1160 1717 1371 1784 construenda

276 1813 481 1868 cessaverunt.
529 1803 582 1866 sed
612 1803 751 1866 Mauhies
781 1805 909 1889 quidem
923 1805 1036 1869 militat
1058 1813 1168 1868 contre
1187 1805 1370 1872 Caesaream

275 1884 502 1986 Cappadociae,
526 1884 698 1950 Abulathar
714 1909 792 1952 vero
813 1889 939 1952 fabrum
958 1887 1072 1951 navalis
1091 1898 1270 1952 structurae
1289 1909 1370 1950 con.

273 1971 385 2048 stituit,
409 1970 464 2055 qui
479 1971 605 2033 veniens
627 1970 659 2032 iu
682 1972 787 2035 locum
805 1973 959 2038 vocabulo
980 1971 1148 2046 Poenicem
1169 1971 1292 2056 Lyciae,
1314 1969 1370 2032 ubi

177 2065 346 2140 patuerat
374 2053 524 2118 Constans
553 2055 729 2139 imperator
754 2063 850 2139 atque
880 2056 1045 2118 Romaicus
1072 2055 1186 2131 stolus,
1217 2054 1370 2116 navaliter

275 2145 408 2200 cum'ec
426 2137 585 2221 pugnavit.
627 2143 762 2222 eumque
782 2139 924 2202 futurum
946 2147 1024 2202 esset
1046 2147 1082 2202 ut
1102 2139 1274 2220 imperator
1297 2154 1370 2198 cum
1444 2209 1448 2216 ¹

274 2221 340 2304 ipso
364 2221 486 2306 navigio
499 2215 716 2306 praeliaretur,
740 2224 973 2307 contemplatur
991 2233 1084 2285 nocte
1105 2221 1156 2283 illa
1179 2221 1286 2298 visum,
1307 2242 1370 2283 ease

273 2303 419 2367 videlicet
448 2305 532 2387 apud
550 2294 802 2369 Thessalonicen.
855 2327 955 2390 porro
981 2305 1123 2367 narravit
1144 2303 1268 2366 cuidam
1288 2325 1369 2365 con..

273 2385 385 2451 ie'ctori
405 2389 599 2453 somniorum
627 2390 859 2474 expergefactus
887 2390 1046 2469 visionem,
1071 2389 1126 2474 qui
1146 2388 1191 2451 ait
1209 2389 1371 2473 “impera-

274 2480 337 2549 tor,
360 2473 479 2534 utinun
498 2494 557 2535 nec
577 2472 739 2536 dormisses
760 2496 818 2535 nec
838 2475 992 2536 somnium
1012 2474 1190 2555 aspexisses:
1213 2495 1285 2534 nam
1306 2494 1369 2535 csse

270 2556 571 2630 fflalonimedlc
590 2546 675 2642 strae
694 2558 784 2638 νίκην
798 2558 912 2635 innuit,
931 2555 1018 2641 quod
1034 2557 1271 2639 interpretatur,
1283 2576 1370 2638 pone

175 2674 179 2686 ·
275 2640 327 2702 alii
346 2638 534 2717 victoriani,
555 2638 588 2701 id
610 2650 656 2701 est
677 2639 716 2701 ad
738 2640 898 2702 inimicum
920 2650 1009 2701 tuum
1039 2641 1173 2703 victoria
1206 2640 1370 2701 vertitur?

273 2744 345 2785 sane
365 2724 540 2807 imperator
568 2722 643 2783 nihil
665 2722 824 2785 inveniens
854 2725 894 2786 ed
923 2724 1074 2806 praelium
1096 2722 1208 2783 navalis
1229 2742 1369 2805 pugnae,
1455 2794 1461 2805 ‚

274 2808 488 2869 Romanorum
509 2805 614 2867 classes
634 2807 826 2887 praestruxit
840 2803 879 2869 ad
899 2806 1024 2869 bellum.
1066 2808 1178 2891 quihus
1195 2806 1228 2866 iu
1248 2808 1369 2868 attera.

273 2898 357 2952 tram
377 2888 568 2951 irruentibus
589 2899 779 2971 superantur
797 2890 940 2970 llomani,
959 2898 993 2953 et
1012 2890 1212 2953 commixtum
1235 2888 1370 2951 efficitur

273 2992 362 3035 mare
383 2972 529 3055 sanguine
545 2972 770 3033 Romanorum.
819 2972 923 3036 induit
942 2984 1047 3036 autern
1077 2974 1253 3057 imperator
1273 2972 1370 3035 aliem

274 3064 359 3119 reste
379 3076 443 3131 sun,
466 3064 499 3119 et
519 3055 654 3117 insiliens
680 3054 858 3137 praedictas
879 3057 960 3119 lilius
983 3058 1176 3122 bucinatoris
1196 3056 1227 3116 in
1252 3058 1371 3138 regiam

221 3190 225 3201 .
272 3138 418 3223 scapham
450 3140 673 3221 imperatorem
703 3147 865 3223 arreptum
884 3149 918 3202 et
939 3141 971 3203 in
991 3141 1083 3204 eliam
1097 3139 1199 3201 uarius
1221 3140 1371 3201 transdu-

273 3230 359 3286 ctum
379 3222 543 3305 inopinate
564 3222 705 3289 salvavit.
746 3244 849 3307 porro
870 3224 937 3307 ipse
958 3225 1140 3286 fomueimus
1161 3222 1297 3285 viriliter
1317 3223 1371 3283 in.
1485 3224 1490 3240 '

272 3306 379 3369 sistam
409 3305 629 3388 imperatoriae
656 3304 728 3367 nari
748 3310 863 3369 multos
892 3306 1018 3385 occidit,
1039 3308 1137 3369 morti
1152 3315 1249 3368 semet
1269 3307 1372 3388 ipsum

272 3409 335 3471 pro
355 3390 548 3471 imperatore
569 3389 764 3453 contradens.
814 3390 899 3453 hanc
923 3402 1089 3473 praeterea
1107 3390 1211 3453 hostes
1232 3390 1372 3450 circum-

274 3474 380 3535 dantes
399 3484 431 3535 et
452 3474 482 3534 in
506 3472 609 3535 medio
629 3474 798 3537 retinentes
821 3474 975 3557 putabant
994 3474 1095 3557 ipsum
1112 3494 1174 3535 cese
1197 3474 1368 3555 imperato-

274 3579 351 3619 rem.
391 3566 561 3639 pcstquam
587 3565 692 3621 autem
719 3556 834 3621 multos
866 3558 1091 3621 interfecerunt
1110 3556 1223 3631 hostes,
1245 3556 1371 3618 occide-

275 3651 350 3701 runt
371 3652 404 3704 ct
438 3641 539 3722 ipsum
570 3661 633 3713 uua
654 3661 727 3703 cum
749 3662 788 3703 eo
810 3640 864 3723 qui
885 3643 1036 3724 portabat
1056 3650 1172 3705 restem
1193 3642 1368 3722 imperato.

175 3733 265 3806 paea
277 3726 364 3790 riam.
406 3733 452 3786 est
473 3724 647 3807 imperator
666 3722 772 3785 taliter
791 3722 822 3785 in
842 3724 949 3821 fugam
967 3748 1072 3789 versus
1090 3724 1237 3800 salvatur,
1258 3730 1290 3785 et
1312 3722 1368 3787 de-

209 3882 214 3895 ·
275 3806 388 3872 relictis
402 3808 545 3871 omnibus
566 3806 724 3889 navigavit
733 3808 1046 3892 mnsnnnnopotim.

356 3934 447 4000 Anno
479 3936 604 4021 imperii
625 3938 800 4001 Constantis
833 3936 873 4001 14
893 3941 967 4003 doto
989 3949 1115 4003 necatos
1140 3949 1186 4003 est
1206 3937 1366 3999 {iethmau

275 4019 413 4083 Arabum
435 4020 516 4102 dur,
542 4042 613 4082 cum
644 4021 754 4082 amiras
780 4019 887 4084 decem
915 4025 1019 4086 fuisset
1049 4026 1147 4085 annis.
1189 4024 1225 4085 lit
1245 4022 1369 4082 interea

272 4102 446 4187 perduellio
466 4104 499 4165 in
510 4102 613 4167 medio
629 4106 785 4187 ipsorum:
801 4100 966 4192 'quotquot
988 4108 1072 4170 enirn
1091 4128 1185 4190 penes
1206 4105 1369 4166 heremum

273 4197 375 4269 eraut,
396 4187 615 4253 annotabam
640 4189 874 4269 consobrinum,
893 4212 1041 4273 generum
1062 4193 1242 4254 existentem
1262 4208 1369 4272 quon-
