3050 4900
281 306 326 373 10
437 305 648 376 ANASTASH
684 305 880 373 ntsrount
911 304 1222 383 [carolasrrcn

358 477 457 540 Simrss
487 499 562 560 ergo
591 477 630 540 ab
656 477 754 538 Adam
783 497 879 561 usqae
903 476 1077 554 Abraham,
1106 475 1275 538 monadum
1308 476 1368 537 Se-

275 562 456 708 ptuagilrptpq,
476 564 548 624 anni
579 569 651 624 sunt
674 555 776 636 3304,
809 583 827 621 a
859 559 978 621 diluvio
1012 581 1112 644 nsque
1142 559 1183 622 ad
1212 557 1369 622 Abraham

276 667 350 707 anni
454 694 462 710 .

360 751 516 815 Abraham
524 749 564 814 75
575 773 689 814 annum
705 771 794 836 agens
811 751 918 816 divino
930 771 1080 834 responso
1092 751 1201 843 dignus
1214 749 1369 827 efficitnr3

276 847 309 899 et
332 859 349 897 a
372 836 621 919 repromissione,
641 857 721 918 quae
739 837 823 896 faeta
839 845 884 897 est
900 836 939 898 ad
962 857 1043 911 eum,
1065 856 1163 919 nsque
1192 833 1369 899 aderitum

277 918 416 981 tiliorum
440 919 533 982 israel
547 919 744 1003 perMoysen
757 941 793 980 ex
806 923 946 1002 Aegypto
971 919 1050 979 fiunt
1070 920 1141 980 arani
1161 911 1233 995 430,
1256 941 1370 1003 quem-

277 1003 445 1065 admodum
465 1002 624 1085 apostolus
654 1011 796 1078 testatur,
818 1007 1076 1064 “testamentum''
1106 1003 1246 1085 inquiens
1267 1007 1370 1064 “eon-

277 1089 434 1149 tirmatum
456 1109 474 1147 a
495 1085 570 1165 deo,
590 1107 670 1168 quae
691 1095 764 1168 post
783 1080 845 1148 430
868 1107 964 1147 annos
984 1087 1067 1146 sacta
1084 1095 1131 1147 est
1155 1087 1212 1163 tex,
1235 1107 1297 1146 nou
1321 1085 1370 1145 ir-

279 1170 376 1232 ritum
406 1171 480 1231 facit
508 1170 548 1233 ad
580 1169 791 1232 evacuandam
823 1169 1125 1252 repromissionem.”
1177 1179 1210 1231 et
1242 1169 1308 1250 ipse
1337 1169 1370 1230 in

277 1253 388 1316 Exodo
409 1252 548 1316 conciuit
555 1252 674 1336 Moyses
689 1253 720 1314 iu
737 1253 783 1315 his
799 1253 954 1336 quaesit:
972 1252 1145 1314 “habitatio
1167 1261 1272 1313 autem
1286 1251 1371 1314 filio.

278 1359 349 1398 rum
371 1337 474 1415 lsrael,
488 1357 548 1421 qua
569 1335 786 1399 habitaverant
800 1337 832 1398 in
849 1341 990 1420 Aegypto
1006 1347 1038 1400 et
1058 1338 1090 1398 iu
1111 1343 1198 1398 terra
1212 1335 1370 1412 Chauaaa,

278 1421 336 1502 ipsi
360 1427 392 1482 et
413 1431 516 1504 patres
550 1439 678 1497 eorum,
705 1422 778 1484 anni
807 1431 880 1482 snut
898 1418 971 1485 430.
1021 1441 1080 1503 per
1101 1431 1204 1502 partes
1225 1439 1303 1488 vero
1323 1420 1369 1480 aie

277 1503 438 1566 sehabet:
467 1503 622 1566 Abraham
656 1506 932 1566 {arimannorum
964 1501 1025 1565 100
1048 1505 1146 1588 gignit
1167 1505 1264 1574 haam
1288 1503 1371 1563 isaac

279 1587 376 1648 sactus
405 1609 559 1650 annorum
583 1583 624 1648 60
645 1587 745 1670 gignit
773 1588 883 1660 lacoh3
912 1587 1007 1649 Iacob
1028 1587 1126 1648 faetus
1158 1607 1311 1647 annorum
1329 1583 1372 1645 88

300 1671 378 1752 ignit
398 1671 491 1744 Leri;
512 1669 587 1733 Levi
613 1671 710 1732 factus
731 1691 888 1733 annorum
911 1668 954 1732 45
974 1670 1073 1753 gignit
1092 1670 1228 1743 Chaath;
1251 1667 1371 1728 Chaath

278 1693 377 1816 iactus
396 1775 552 1816 annorum
565 1750 606 1814 00
619 1755 726 1836 genuit
740 1757 884 1829 Amram3
907 1756 1034 1816 Amnem
1054 1755 1152 1816 faetus
1165 1773 1319 1814 annornm
1329 1749 1371 1811 70

279 1837 388 1922 genuit
409 1841 555 1922 Moysen;
588 1839 707 1922 Moyses
728 1837 826 1900 factus
855 1860 1010 1902 annorum
1029 1836 1071 1900 80
1093 1838 1200 1900 educit
1220 1837 1372 1917 poputum

185 1925 318 1999 pitter
339 1927 491 2004 Aegypto.
533 1921 724 2066 colliguntur
752 1943 830 1986 vero
850 1944 957 1984 omnes
976 1945 996 1984 a
1014 1921 1119 2004 primo
1141 1919 1267 2004 quidem
1288 1939 1373 1978 anno

281 2004 426 2068 Abrahae
454 2026 554 2086 nsque
582 2027 599 2066 a
649 2007 765 2068 exitum
788 2027 825 2068 ex
845 2008 989 2090 Aegypto
1017 2005 1089 2066 anni
1111 2002 1191 2079 500,
1212 2027 1229 2063 a
1252 2001 1371 2062 dilavio
1424 2048 1428 2059 .

282 2099 386 2150 autem
408 2089 479 2149 anni
504 2085 592 2151 1587.
637 2099 765 2152 atvero
784 2087 946 2165 absidam,
967 2086 1138 2152 seeundum
1160 2085 1373 2171 Septuaginta,

282 2173 354 2234 anni
373 2168 468 2252 3809,
490 2169 660 2235 seeundum
680 2173 757 2235 alios
775 2185 878 2236 antem
898 2169 992 2235 3698.

365 2279 470 2342 Porro
473 2289 564 2427 4800
586 2279 663 2343 haee
695 2281 730 2342 fit
751 2279 861 2363 populi
882 2279 943 2342 dux
964 2281 1084 2363 Moyses
1107 2278 1138 2339 ia
1162 2275 1290 2373 heremo
1313 2297 1373 2338 aa·

281 2383 339 2511 pp:
355 2385 451 2511 iiim
515 2407 523 2426 .
560 2365 640 2427 lesus
669 2366 753 2505 lim
772 2386 869 2427 annos
892 2363 948 2443 07,
968 2363 1138 2427 secundum
1158 2381 1295 2464 seniores
1314 2381 1373 2422 an·

364 2562 530 2627 Philistiim
550 2585 644 2627 annos
665 2564 700 2642 8,
724 2563 895 2627 Gothoniel
917 2585 953 2626 ex
981 2565 1068 2626 trihu
1096 2560 1171 2625 ludu
1204 2581 1299 2623 annos
1319 2557 1372 2633 40,

282 2648 445 2710 philistiim
459 2669 556 2710 annos
571 2648 618 2710 18.
631 2657 704 2730 post
717 2670 795 2731 quos
807 2648 890 2709 Aoth
903 2646 942 2708 de
954 2646 1039 2709 trihu
1048 2645 1199 2728 Ephraim
1213 2665 1310 2706 annos
1323 2642 1376 2720 80,

283 2730 447 2796 Philistiim
467 2750 564 2792 annos
587 2730 626 2793 00
634 2775 644 2806 ,
668 2730 815 2793 Dehorra
843 2737 876 2793 et
894 2728 1015 2791 Baraeh
1035 2749 1131 2790 anuos
1148 2726 1200 2805 40,
1222 2726 1377 2788 Madiani-

285 2824 336 2877 tae
353 2836 449 2875 annos
460 2812 490 2891 7,
512 2813 641 2876 Gedeon
660 2836 756 2877 annos
768 2812 820 2893 40,
834 2812 1010 2876 Ahimeieoh
1032 2834 1129 2875 annos
1144 2810 1174 2890 3,
1194 2810 1296 2873 Thoia
1317 2833 1377 2871 an-

287 2919 342 2959 nos
364 2896 413 2974 03,
438 2896 527 2959 latter
553 2918 651 2958 annos
672 2898 730 2975 00,
750 2898 944 2960 ammanitae
973 2918 1070 2958 annos
1090 2896 1147 2970 18,
1181 2894 1289 2977 Iephte
1316 2916 1375 2953 aa.

189 2992 341 3067 patinos
363 2978 394 3057 6,
415 2978 538 3043 Esebon
561 3002 656 3041 annos
680 2980 710 3057 7,
731 2982 831 3065 Egiou
860 3002 956 3043 anuos
986 2979 1045 3053 10,
1073 2978 1201 3040 Labdon
1228 2998 1323 3037 annos
1344 2976 1376 3055 8,

283 3064 446 3127 Philistiim
477 3060 634 3136 auaos40‚
655 3066 807 3147 Sampson
831 3084 927 3125 annos
950 3060 1001 3137 00,
1024 3062 1093 3125 Heli
1112 3060 1256 3124 sacerdos
1277 3081 1374 3123 anuos

286 3146 343 3228 00,
364 3147 488 3210 Samuel
510 3156 543 3210 et
560 3148 633 3209 Saul
655 3169 752 3210 annos
775 3141 827 3221 40,
843 3145 944 3209 David
964 3148 1105 3229 regnavit
1125 3168 1222 3207 annos
1240 3138 1291 3206 40.

311 3320 315 3326 .
368 3264 468 3325 Simul
498 3284 605 3326 omnes
633 3265 672 3326 ab
694 3264 778 3331 exitu
807 3264 943 3325 fitiorum
973 3262 1064 3325 israel
1095 3261 1251 3347 usquead
1274 3258 1377 3323 David

286 3350 361 3413 anari
380 3344 452 3409 630.
495 3346 642 3410 Salomon
670 3370 769 3409 annos
798 3342 859 3418 40,
884 3348 1025 3409 Roboam
1046 3368 1142 3409 nonos
1165 3344 1212 3421 17,
1235 3350 1293 3406 Asa
1318 3365 1377 3405 an-

288 3454 344 3493 nos
364 3430 415 3506 40,
437 3432 580 3511 iosaphat
600 3452 696 3493 annos
709 3432 758 3495 25.
799 3431 857 3494 snb
880 3432 943 3494 istis
963 3430 1197 3515 prophetabant
1214 3427 1379 3505 Michaeas,

287 3516 388 3583 Helias
407 3523 439 3577 et
459 3515 625 3577 Helisaeus.

371 3626 474 3686 loram
493 3645 589 3685 annos
600 3622 631 3701 8,
654 3622 808 3686 Ochoaias
829 3642 943 3685 annam
956 3624 983 3699 1,
1003 3622 1137 3684 Godoiia
1158 3631 1258 3683 mater
1270 3622 1376 3684 Ocho.

290 3709 355 3769 aiae
375 3730 471 3769 annos
490 3706 520 3785 7,
543 3708 611 3769 lons
634 3729 730 3769 annos
753 3702 806 3785 40,
826 3708 961 3769 Aruasiaa
984 3727 1078 3767 annos
1089 3706 1141 3786 08,
1166 3707 1298 3783 Ananias,
1321 3706 1377 3789 qui

194 3798 322 3875 putet
343 3790 497 3853 Ochoaias
518 3811 615 3851 annos
635 3791 687 3859 50.
728 3792 787 3855 sub
812 3791 858 3855 his
881 3790 1114 3873 prophetabant
1144 3790 1242 3868 Osee,
1271 3793 1377 3865 Amos,

290 3875 401 3954 Esaias,
417 3878 518 3953 lonas,
536 3874 631 3938 lohel.

280 4010 284 4019 ·
374 3982 523 4045 lonathan
546 4006 640 4046 annos
663 3982 715 4061 16,
737 3982 839 4045 Achae
862 4000 958 4044 annos
982 3978 1030 4058 16,
1052 3980 1195 4042 Ezechias
1214 4000 1311 4041 annos
1326 3979 1378 4055 00,

291 4069 440 4129 Maaasses
461 4088 558 4129 annos
579 4068 630 4130 55.
672 4068 730 4131 snh
750 4066 811 4129 hoe
836 4068 1019 4154 Byzantium
1039 4066 1236 4127 aedificatum
1259 4074 1314 4125 est.

377 4175 470 4237 Amos
491 4196 586 4239 annos
612 4176 660 4254 10,
687 4176 780 4239 iosias
801 4172 959 4255 anuosiil,
983 4181 1014 4237 et
1034 4174 1161 4236 cessatio
1185 4171 1380 4255 principatus
