3050 4900
509 332 561 393 EX
597 328 853 395 THEOPHANE.
1150 319 1224 390 199

138 520 239 580 mnus,
266 500 373 567 sistens
402 498 601 563 arcobalistas
634 512 666 563 et
695 517 846 585 mangana
875 501 907 572 iu
926 498 1067 562 turribus
1083 506 1115 560 et
1133 518 1227 579 argu·

138 596 291 649 mentosas
318 581 390 646 alias
418 584 592 657 machinam
627 592 659 647 et
688 584 859 647 secuudum
887 582 975 667 quod
1001 583 1145 665 possibile
1169 582 1228 641 sibi

137 678 207 733 erat
226 670 337 731 urbem
355 666 496 745 munivit,
519 668 686 751 frugesque
706 668 854 751 plurimas
876 670 909 729 iu
931 666 1083 751 regahbus
1106 664 1227 727 horreis

136 753 254 836 posuit,
276 761 369 837 atque
388 752 521 812 munitas
541 751 664 813 sibimet
685 751 865 813 taunasis.

221 853 310 915 Auno
334 850 455 933 imperii
477 851 617 929 Artemii,
643 851 696 935 qui
718 859 749 913 et
770 850 944 913 Anastasius
965 848 1066 911 dictus
1087 858 1149 926 est,
1179 869 1230 911 se·

135 934 243 999 cundo
263 943 405 997 mortuus
427 943 473 995 est
492 932 606 997 Vhalid
625 936 762 995 Arabum
783 932 854 1011 dur,
879 942 910 995 et
923 933 1060 994 Sulimau
1083 934 1114 994 iu
1136 933 1228 1015 prin-

135 1022 245 1102 cipatu
264 1017 410 1095 succedit,
434 1018 489 1103 qui
516 1018 617 1080 tribus
666 1018 779 1079 raefuit
809 1018 905 1079 annis.
948 1018 1121 1079 Germanus
1145 1039 1231 1099 quo·

135 1124 199 1187 que
220 1101 583 1185 Constadtinopolitauus
603 1040 739 1163 habetur
760 1102 895 1178 antistes,
914 1100 969 1185 qui
987 1100 1086 1162 eidem
1109 1099 1230 1162 throno

135 1186 316 1271 quindecim
337 1185 493 1268 praesedit
523 1184 619 1247 annis.
673 1184 783 1247 eodem
806 1205 934 1267 quoque
960 1206 1041 1245 auno
1065 1184 1229 1258 translatus

135 1278 181 1333 ast
201 1290 220 1330 a
240 1269 353 1353 Cyzico
376 1269 457 1331 urbe
488 1268 657 1351 metropoli
687 1267 1008 1349 Constantinopolim,
1040 1268 1071 1328 in
1107 1290 1171 1351 quo
1197 1265 1230 1327 et

134 1352 416 1415 commonitorium
451 1342 677 1430 translationis,
701 1351 787 1435 quod
813 1350 1017 1429 subinfertur,
1038 1351 1230 1434 pronuntia-

135 1446 205 1499 tum
227 1446 273 1499 est
291 1438 452 1498 continens
467 1435 522 1497 ita.
573 1434 746 1497 “electione
767 1444 799 1496 et
811 1434 1040 1517 approbatione
1062 1434 1229 1516 religiosis.

133 1523 290 1582 simorum
308 1519 568 1603 presbyterorum
592 1526 623 1580 et
645 1516 851 1580 diaconorum
874 1526 904 1577 et
926 1518 1022 1577 totius
1044 1516 1229 1578 venerabilis

134 1604 213 1666 cleri
243 1604 386 1687 sacrique
413 1612 535 1664 senatus
568 1611 600 1665 et
628 1602 718 1663 amici
743 1600 858 1663 Christi
886 1600 996 1682 populi
1019 1599 1079 1660 deo
1102 1621 1229 1661 conser-

134 1686 257 1747 vandae
271 1686 361 1749 huius
383 1684 487 1768 regiae
500 1686 597 1761 urbis,
620 1685 722 1746 divina
738 1685 847 1768 gratia,
871 1705 950 1767 quae
961 1704 1083 1766 semper
1105 1684 1227 1744 infirma
1238 1712 1264 1765 p.
1275 1692 1328 1748 590

134 1778 227 1832 curat
258 1778 290 1830 et
318 1791 353 1831 ea
383 1790 463 1853 quac
492 1777 564 1831 sunt
585 1769 742 1871 adimplet,
765 1768 925 1830 transtulit
946 1770 1137 1829 Germanum
1156 1788 1230 1827 san-

134 1854 305 1916 ctissimum
328 1852 501 1935 praesulem
521 1852 730 1937 Cyzicenssum
761 1850 973 1935 metropoleos
989 1850 1026 1937 'in
1048 1850 1230 1933 episcopum

134 1936 226 1999 buius
249 1938 308 1997 deo
331 1936 560 1997 conservandae
582 1958 618 1997 ac
640 1936 863 2019 imperatoriae
884 1935 1026 1996 civitatis.
1068 1936 1149 1995 lacta
1171 1957 1230 1993 au.

134 2032 199 2083 tem
219 2029 265 2081 est
289 2041 433 2102 praesens
455 2020 616 2081 translatio
642 2021 673 2080 in
701 2019 877 2103 praesentia
899 2017 1056 2081 Michaelis
1076 2018 1230 2079 sanctissi.

134 2104 178 2165 mi
201 2104 377 2187 presbyteri
405 2110 437 2165 et
467 2100 662 2185 apocrisiarii
693 2102 884 2187 apostolicae
917 2102 1010 2182 sedis,
1034 2110 1065 2164 et
1087 2102 1231 2185 reliquo-

135 2210 207 2250 rum
237 2186 436 2251 sacerdotum
465 2208 501 2247 ac
531 2185 708 2269 praesulum
747 2186 805 2251 suh
837 2186 977 2248 Artemio
1009 2186 1230 2267 imperatore.”

132 2290 236 2355 porro
259 2292 331 2332 cum
350 2270 505 2331 Artemius
523 2269 676 2332 didicisset
707 2269 794 2354 quod
816 2268 916 2331 classis
939 2270 1168 2330 Saracenorum
1191 2268 1230 2331 ab

132 2355 320 2417 Alerandria
356 2352 387 2413 iu
411 2352 591 2415 Phoenicen
623 2360 824 2437 properasset
845 2352 884 2413 ad
907 2350 1105 2413 incidendum
1129 2350 1231 2434 ligna.

131 2461 204 2502 men
228 2437 458 2522 cypressinum,
481 2436 583 2500 electis
606 2458 641 2498 ex
675 2437 813 2520 proprio
832 2436 913 2507 stolo
933 2436 1089 2497 velocibus
1111 2434 1230 2516 scaphis

131 2523 217 2586 rnisit
249 2530 369 2584 taxatos
397 2541 432 2584 ex
462 2521 600 2584 themate
627 2520 767 2597 Obsicio,
797 2527 830 2582 et
851 2519 934 2600 apud
955 2519 1102 2581 Rhodum
1126 2539 1231 2579 omues
1313 2534 1319 2560 ¹

132 2605 242 2688 colligi
263 2605 360 2682 iussit,
382 2605 627 2688 praeposuitque
647 2613 830 2686 praetorem
851 2605 893 2663 eis
915 2611 948 2662 et
968 2611 1063 2683 caput
1082 2603 1231 2662 loannem

131 2711 265 2774 magnae
287 2690 433 2750 ecclesiae
463 2688 657 2765 ministrum,
680 2688 734 2770 qui
763 2685 927 2748 dicebatur
943 2706 1035 2767 ‚papa
1061 2685 1230 2762 loaunacis,

132 2775 254 2857 quique
276 2771 425 2856 generalis
447 2783 516 2834 erat
539 2781 615 2832 tunc
637 2769 809 2853 logotheta.
854 2771 877 2832 is
900 2766 976 2852 ergo
996 2789 1068 2830 cum
1084 2767 1231 2829 Rhodum

132 2857 258 2919 adiisset
279 2866 311 2918 et
332 2857 453 2938 navigia
477 2855 700 2931 convenissent,
722 2853 943 2936 alloquebatur
959 2853 1115 2935 principes
1136 2871 1229 2933 super

131 2942 279 3002 motione
308 2961 345 3000 ac
378 2939 489 3000 itinere
521 2939 661 3022 ipsorum
691 2938 723 2998 in
755 2937 934 2998 Phoenicen
967 2936 1005 2998 ad
1030 2935 1230 2997 incidendum

131 3025 286 3107 lignamen
309 3032 341 3085 et
362 3023 650 3104 praeparationem,
683 3042 763 3104 quae
785 3021 979 3082 inveniretur
1001 3022 1226 3097 Apparenorum.

131 3129 271 3190 cumque
288 3127 394 3167 omues
414 3105 562 3168 alacriter
584 3103 789 3181 obaudissent,
809 3104 842 3164 bi
858 3105 911 3187 qui
933 3103 1151 3164 erantObsicii
1167 3101 1229 3164 hoc

131 3192 308 3252 nullatenus
330 3190 531 3266 admiserunt,
550 3197 582 3250 et
597 3188 819 3269 imperatorem
833 3187 960 3271 quidem
980 3185 1124 3247 detestati
1145 3193 1226 3261 sunt,
1236 3216 1263 3269 p.
1273 3198 1324 3252 591

132 3275 303 3336 diaconum
334 3293 412 3334 vero
444 3275 590 3334 loannem
626 3271 750 3332 frameis
779 3279 992 3354 peremerunt.
1044 3267 1118 3329 hinc
1149 3285 1225 3350 ergo

132 3360 205 3418 stoli
230 3357 320 3418 divisi
341 3357 380 3418 ad
401 3378 454 3419 sua
469 3357 695 3436 navigaverunt
708 3353 785 3415 loca.
828 3353 872 3415 illi
894 3375 970 3415 vero
991 3371 1123 3435 nequam
1146 3370 1225 3432 ope-'

131 3450 254 3504 ratores
290 3449 399 3502 contra
442 3441 558 3524 regiam
597 3438 803 3500 ascenderunt
839 3437 961 3497 urbem.
1012 3456 1083 3495 eum
1121 3443 1243 3515 autem·

132 3523 351 3608 Adramytium
374 3523 517 3586 adiissent
542 3530 701 3604 essentque
720 3523 785 3584 sinc
807 3521 928 3602 capite,
956 3519 1141 3580 invenerunt
1161 3517 1225 3580 illie

131 3605 292 3670 hominem
321 3606 494 3691 indigenam
521 3603 730 3668 Theodosium
763 3605 907 3680 nomine,
940 3602 994 3688 qui
1025 3604 1225 3685 publicorum

133 3701 203 3754 erat
225 3692 420 3754 tributorum
450 3699 615 3772 exceptor,
643 3690 724 3751 iners
748 3709 785 3750 ac
813 3687 928 3765 idiota,
954 3695 985 3749 et
1012 3685 1132 3749 hortati
1153 3695 1226 3746 sont

134 3797 207 3836 eum
232 3776 397 3857 imperare.
439 3785 471 3837 at
500 3773 552 3834 ille
579 3775 650 3857 luga
686 3781 755 3832 uam
785 3770 816 3831 in
847 3779 956 3832 monte
976 3769 1108 3842 latebat;
1133 3789 1226 3850 quem

136 3861 298 3922 inventum
320 3868 355 3920 ut
388 3861 610 3940 imperatorem
642 3855 783 3916 laudibus
815 3855 1009 3931 extulerunt,
1031 3853 1062 3913 vi
1082 3855 1226 3933 cogentes

134 3963 206 4004 eum
229 3943 393 4024 imperare.
416 3942 527 4025 quibus
548 3940 702 4002 Artemius
733 3937 880 4021 coguitis,
900 3937 1051 4019 praefecit
1070 3935 1142 3996 urbi
1165 3935 1228 3996 do-

136 4028 282 4089 mesticos
302 4025 440 4087 homines
469 4045 540 4087 suos
563 4023 721 4105 principes
750 4045 812 4083 uun
840 4041 911 4082 cum
934 4019 1027 4095 stolo,
1050 4039 1140 4099 quem
1163 4018 1228 4100 ipse

137 4118 371 4186 construxerat,
391 4118 423 4170 et
452 4107 576 4170 armatis
604 4107 646 4168 eis
678 4107 743 4188 ipse
771 4105 912 4167 Nicaeam
936 4103 1084 4185 ingressus
1105 4101 1169 4163 abit
1194 4103 1224 4162 in

138 4193 262 4273 urbem,
282 4193 457 4277 ibidemque
480 4213 512 4254 se
532 4191 643 4252 munit.
681 4189 815 4252 rebelles
838 4199 943 4251 autem
965 4185 1172 4266 ascendentes,
1195 4193 1227 4248 et
