3050 4900
249 348 307 415 ΑΙ)
334 349 612 416 moraturas
640 349 780 414 NOTAE
807 349 1096 416 postulatores.
1157 343 1227 415 567

139 526 265 590 Eusebii
286 526 327 588 de
340 528 529 611 martyribus
540 527 727 604 Palaestinis,
772 529 836 590 uod
850 527 997 610 Stephani
1021 527 1116 590 editio
1139 547 1230 589 seor-

139 611 198 672 sim
218 619 440 692 repraesentat,
466 621 503 673 ut
520 620 553 673 et
572 610 735 672 cardinatis
748 549 927 688 hiemini,
951 611 1078 695 aliisque
1099 611 1148 673 CC
1171 633 1230 674 mss

141 693 285 777 maleque
306 693 608 776 Christophorsouus
626 693 790 772 confudit,
811 695 1002 778 interpolans
1028 715 1099 756 eum
1120 693 1231 758 eodem

140 777 223 838 libro
246 785 358 839 octavo
381 777 530 840 historiae
550 777 783 840 ecclesiasticae.

226 882 275 961 10,
290 880 320 945 9.
361 885 479 966 κομιδῆ
497 886 576 957 νέος.

225 990 338 1074 1217.
380 987 469 1052 τόδὲ
489 987 699 1074 όπομνήματα
718 990 777 1052 soii
797 989 938 1071 σωτῆρος
961 985 1135 1074 ἐπλάσατο]
1159 987 1232 1052 red·

143 1073 260 1151 ditum,
291 1078 612 1138 servaton’s'monita.
662 1076 747 1136 forte
777 1083 978 1136 monumenta
1000 1076 1152 1156 interpres
1172 1096 1232 1135 ro.

145 1159 249 1219 tuerit.
273 1161 376 1219 Anasi.
405 1162 590 1226 monitiones.
643 1159 749 1219 mutim
773 1179 828 1240 ego
854 1167 931 1235 acta,
953 1155 1038 1239 quod
1060 1160 1152 1218 etiarn
1173 1177 1232 1218 vox

143 1242 195 1302 itu
216 1250 317 1317 sonat,
336 1249 372 1302 ut
392 1242 472 1302 falsis
500 1243 732 1306 narrationibus
755 1241 913 1303 Christum
936 1241 1084 1302 infamare
1105 1241 1232 1301 studue-

143 1325 197 1405 rit,
210 1323 305 1423 'quod
327 1325 516 1407 praestitisse
538 1327 636 1411 liquet
656 1327 751 1388 etiam
773 1326 848 1386 alios
861 1322 1027 1386 Christiani
1049 1323 1150 1386 hostes
1171 1345 1231 1386 no-

142 1431 242 1473 mrnrs.

228 1513 277 1593 13,
299 1513 330 1577 4.
372 1508 432 1587 τός
454 1511 620 1595 όνκληοόας
639 1516 699 1577 τοῦ
720 1513 874 1597 Χριστοό.

229 1621 276 1699 14,
301 1621 348 1685 10.
398 1616 572 1703 περιόντων
601 1619 657 1683 eui
687 1623 751 1683 sais
771 1621 889 1682 λοιπῶν
906 1615 1007 1682 αόιοό
1025 1617 1149 1683 παίδων
1171 1619 1233 1680 τῶν

142 1699 359 1786 όμοπατριων]
385 1707 492 1765 Anasi,
521 1705 738 1788 praesentibus,
759 1727 876 1789 quoque
906 1705 1032 1766 cacteris
1046 1705 1127 1788 filiis
1146 1707 1232 1778 τινος

144 1797 182 1850 ut
204 1788 316 1872 legerit
335 1781 512 1866 παρόντων.
554 1787 608 1850 sed
630 1797 662 1849 et
678 1809 775 1850 novus
797 1789 932 1868 interpr.
974 1787 1234 1864 circumstantibus

144 1874 238 1933 etiam
258 1872 385 1954 reliquis
403 1872 465 1931 eius
475 1871 570 1955 filiu.
627 1893 737 1934 verum
760 1872 819 1932 alia
842 1872 887 1932 vis
911 1869 1000 1931 huius
1021 1871 1114 1946 vocis,
1139 1889 1231 1952 quam

144 1953 240 2017 codd.
277 1964 458 2016 constanter
488 1963 732 2037 repraesentent
783 1954 974 2017 reddiderim
1003 1972 1080 2037 egos
1111 1951 1234 2014 tametsi

145 2039 211 2100 eius
234 2037 349 2122 reliqui
368 2039 433 2117 titii,
453 2036 563 2100 eodem
586 2059 622 2098 ac
639 2039 856 2100 Constantinus
878 2047 970 2120 patre
993 2035 1099 2118 geniti,
1122 2055 1234 2118 super.

144 2120 230 2182 stitus
249 2119 355 2182 crant:
382 2121 524 2203 praelato
548 2120 697 2182 nimirum
724 2120 783 2182 iilis
805 2120 1008 2182 Constantino
1028 2119 1069 2180 oh
1096 2118 1234 2201 egregias

146 2205 288 2277 virtutes,
310 2225 498 2288 quamquam
520 2202 563 2264 illi
577 2215 719 2266 materna
737 2205 886 2286 prosapia
907 2213 1066 2285 praestare
1087 2201 1235 2262 videbun·
1267 2219 1271 2228 ·

146 2298 221 2363 tur,
251 2286 421 2350 Theodora
457 2286 539 2363 nati,
577 2287 618 2349 oh
655 2289 741 2350 euius
777 2289 899 2370 nuptias
934 2283 1098 2368 repudiata
1130 2285 1236 2345 fuisset

144 2371 273 2434 Helena.

231 2478 330 2557 15,1.
372 2474 548 2553 Μαξέντιον
576 2472 628 2541 τόν
655 2472 728 2538 οἶόν
755 2473 964 2553 Μαξιμιανοό
985 2472 1042 2535 rari
1055 2469 1234 2553 Ἕρνονλιόα

143 2562 290 2644 βασιλέα]
311 2562 355 2622 sio
380 2570 559 2623 constanter
590 2560 683 2625 codd.
713 2582 749 2621 ac
768 2558 866 2643 liquet
895 2558 1037 2620 vitiosum
1062 2555 1148 2639 quod
1168 2554 1236 2617 edi-

147 2654 215 2705 tum
239 2655 295 2721 est,
312 2640 494 2726 ‘proutt'ou
527 2645 587 2705 rosi
608 2640 781 2721 βαόιλόως·
833 2644 1054 2723 imperatorem
1078 2640 1238 2701 renuntia·

145 2737 263 2790 uerunt
281 2728 470 2789 Maxentium
485 2728 625 2790 Herculii
648 2728 755 2788 titium.
798 2724 851 2787 Sic
868 2739 940 2822 pap.
961 2723 980 2786 9
1002 2726 1038 2783 Α.
1084 2722 1138 2783 καὶ
1157 2722 1239 2782 Μα-

147 2812 252 2895 ξεντίιρ
272 2810 317 2895 τῷ
338 2804 399 2895 υἱῷ
416 2810 473 2872 τοῦ
493 2804 675 2888 Ἑρνοολιόυ
698 2810 733 2869 ἐν
747 2802 854 2894 Ῥιόμῃ
875 2804 937 2867 όπο
954 2806 1016 2868 ταῖν
1037 2802 1240 2886 στρατιωτῶν

144 2893 394 2973 α’ναγορταθένπ
414 2896 549 2971 βασιλεῖ.
591 2915 657 2956 cum
675 2893 832 2953 Maxentio
854 2890 993 2951 Herculii
1003 2886 1091 2974 filio,
1111 2889 1166 2973 qui
1177 2888 1240 2949 ao.

145 2998 214 3039 niae
234 2996 258 3039 a
280 2976 422 3038 militibus
441 2978 726 3061 imperatorsuerct
745 2976 941 3058 renuntiatus.

232 3082 281 3161 17,
302 3082 331 3144 2.
374 3082 461 3165 quod
484 3082 578 3145 hahet
597 3082 669 3144 vat
693 3078 707 3141 1
735 3080 866 3163 margini
886 3080 1091 3165 ¹adscriptum,
1110 3068 1244 3153 Ἀχόλας

139 3155 286 3249 Ἀρειον,
311 3164 437 3237 ι’όὲξατο
463 3160 650 3246 παραλόγως
682 3164 900 3246 χτιροτονῆραι
929 3154 1158 3243 πρισβότερον,
1188 3150 1246 3217 κατ’

148 3248 205 3311 τοῦ
230 3247 264 3311 ἒν
283 3246 505 3330 Ἀλεξανδρείᾳ
522 3248 728 3310 όιδαοιιαλιόα
744 3242 957 3329 καθγγὴτορα,
977 3241 1085 3305 scholii
1101 3241 1171 3303 ioco
1194 3238 1243 3316 sit,

151 3342 185 3394 ct
204 3340 241 3393 ut
261 3354 296 3393 er
322 3331 444 3408 licetur,
467 3354 531 3413 quo
552 3338 760 3413 promovente
787 3329 832 3390 sic
854 3328 1011 3415 depositus
1033 3323 1137 3403 Arius,
1167 3342 1242 3406 pre·

148 3414 268 3500 shyteri
310 3414 437 3497 ignitate
459 3414 657 3495 postmodnm
679 3421 786 3474 auctus
811 3412 859 3473 sit.

144 3512 149 3519 '
235 3496 287 3569 90.
304 3498 334 3564 5.
377 3492 541 3577 χρατὴαας
560 3492 619 3579 τῆν
636 3490 765 3575 Ῥιόμην
777 3494 1017 3564 Κωνοταντῖνος
1036 3484 1055 3551 ό
1074 3486 1247 3568 θεοσανόρ.

152 3580 260 3665 γητος]
282 3603 346 3642 non
364 3579 444 3642 mate
470 3583 574 3642 Anasi.
605 3600 671 3641 οιαπ
694 3576 805 3639 diuina
832 3598 891 3657 ope
915 3578 1043 3638 Romam
1062 3570 1248 3638 odtdauissee.

153 3664 269 3743 cgcidit
292 3672 346 3726 aut
369 3663 547 3746 interpreti,
568 3671 623 3724 eut
643 3662 786 3723 currenti
810 3660 935 3742 praelo.

239 3772 322 3835 Idid.
345 3768 393 3831 18.
448 3762 677 3849 όπεοτρότιαστ
707 3761 787 3829 nurci
810 3764 1023 3844 Μαξιμιανοῦ
1052 3760 1109 3825 τοῦ
1127 3760 1160 3825 Γ
1158 3760 1251 3823 uiis·

154 3853 241 3934 prhu]
264 3856 307 3917 sic
326 3854 408 3915 hene
427 3854 492 3914 Pat.
514 3863 546 3914 et
565 3848 658 3936 Peyr.
678 3871 803 3912 necnon
824 3854 931 3911 Anast.
952 3868 1010 3910 nco
1031 3844 1193 3909 serendum
1214 3838 1250 3905 τό

156 3938 345 4015 Μαξιμίνοο
370 3936 427 3998 τοῦ
446 3937 477 3998 Γ
476 3934 639 4013 utreque,
672 3955 767 4032 poem
799 3943 913 3995 auctor
935 3932 995 3993 iam
1016 3930 1185 3993 extinctum
1206 3922 1253 3985 di.

153 4029 243 4083 xerat
264 4042 347 4081 anno
368 4020 527 4101 superiori
547 4012 750 4087 ποποιθωςό
773 4008 996 4090 Μαξιμιανός·
1039 4014 1073 4075 P.
1096 4014 1185 4074 Coar
1207 4008 1255 4069 le·

154 4103 203 4184 gis
220 4103 409 4180 Μαξιμῖνος,
428 4102 533 4185 priori
548 4101 653 4163 errori
675 4098 815 4176 haerens,
841 4121 905 4181 quo
926 4119 986 4159 vox
1009 4094 1107 4157 ultera
1129 4092 1255 4155 atterius

151 4186 229 4249 ioco
250 4184 283 4249 iu
312 4185 406 4251 codd.
442 4192 744 4270 quaesusumus,
774 4182 957 4267 irrepserat.
999 4180 1099 4263 placet
1122 4176 1253 4239 maxims
