3050 4900
273 288 349 364 264
435 299 646 366 snnsrasu
682 297 878 364 assroau
908 294 1216 364 recursansrtca

274 471 436 548 serebant,
467 469 682 532 maledicentes
712 471 878 531 coronanti
907 477 939 530 et
971 469 1155 528 coronando
1185 463 1366 546 cunctisque

273 552 562 635 congratulantibus
599 555 653 614 eis.
703 562 736 616 et
772 553 897 636 quidem
918 573 990 613 cum
1014 551 1164 634 religione
1187 571 1223 612 ac
1242 551 1365 612 ratione

272 638 410 698 rivesstes
431 635 571 698 divinum
591 637 789 697 mirabantur
810 634 976 712 iudicium,
1000 637 1135 717 qualiter
1155 655 1221 694 eam
1243 631 1364 714 permi-

272 721 367 796 serit,
389 739 471 804 quae
492 740 554 802 pro
577 728 663 780 recta
684 719 745 780 fide
765 740 854 780 more
883 727 1060 804 martyrum
1087 717 1323 801 agonizaverat,
1345 737 1363 774 a

272 805 402 865 subulco
423 802 543 883 expelli,
562 805 745 885 praesertim
760 824 831 863 curn
854 802 881 864 ei
901 801 1088 862 devotissimi
1110 801 1173 864 eius
1194 802 1364 882 praecipue

271 886 443 948 adhaerere
465 896 601 968 propter
632 887 796 947 avaritiam
826 887 1062 969 proposuerint,
1085 887 1148 946 Len
1171 885 1290 945 scilicet
1310 905 1363 943 eu-

270 969 401 1049 nuchus,
423 970 573 1052 patricias
588 979 627 1052 'et
652 968 825 1031 sacellarios
847 969 998 1052 sinopeos
1030 977 1062 1030 et
1082 967 1141 1031 deo
1162 969 1266 1050 perosi
1287 967 1362 1026 Tri.

269 1053 367 1135 phylii
391 1062 486 1135 atque
506 1053 642 1137 patricii,
665 1054 721 1138 qni
743 1054 885 1136 superius
907 1052 983 1115 dicti
1002 1060 1083 1128 sunt,
1101 1053 1155 1136 qui
1177 1051 1265 1113 donis
1288 1049 1364 1132 plu·

270 1137 356 1196 rimis
384 1138 423 1198 ab
447 1138 498 1196 illa
515 1137 607 1198 ditati
634 1146 730 1218 suut,
760 1147 885 1200 etcum
909 1157 944 1197 ea
969 1157 1059 1220 saepe
1080 1143 1307 1210 convescentes,
1330 1143 1362 1195 et

269 1220 500 1282 adulationibus
520 1241 591 1281 cum
615 1219 796 1282 iuramentis
816 1219 1021 1282 horribilibus
1046 1231 1165 1281 certam
1185 1216 1360 1293 reddentes,

267 1303 412 1366 osnuibus
432 1304 540 1365 mundi
569 1305 661 1366 rebus
682 1325 714 1365 sc
745 1306 984 1366 necessariorem
1007 1312 1166 1384 reputare,
1188 1323 1281 1386 quam
1303 1299 1363 1361 ba-

265 1387 379 1449 berent
399 1408 473 1470 erga
494 1390 591 1466 illem,
614 1387 863 1450 benevolentiam
878 1386 1081 1448 affirmabant.
1124 1387 1176 1447 alii
1197 1396 1303 1448 autem
1325 1393 1362 1445 ut

266 1469 299 1530 in
321 1472 428 1533 ecstasi
451 1473 543 1548 faeti,
570 1477 729 1553 gestorum
749 1471 972 1532 certitudinem
1004 1469 1119 1531 horum
1142 1469 1268 1530 minime
1288 1489 1362 1529 sen-

266 1553 387 1631 tientes,
408 1555 564 1616 somninm
595 1577 627 1616 se
649 1555 758 1615 videre
777 1555 944 1638 putabant.
988 1555 1038 1614 alii
1064 1563 1177 1634 autem,
1198 1555 1252 1636 qui
1277 1551 1360 1613 dun.

162 1655 190 1708 p.
206 1639 349 1698 lltltarat
367 1637 563 1720 perpendere
583 1637 662 1699 bene
683 1639 830 1714 sciebant,
860 1638 1061 1720 praeteritam
1082 1638 1260 1698 felicitatem
1283 1636 1359 1696 bea.

265 1721 425 1781 tilicabant
445 1732 478 1783 ct
498 1721 635 1781 futuram
667 1742 727 1802 per
748 1723 948 1818 tprannidem
970 1719 1179 1782 infelicitatem
1202 1721 1359 1802 lugebant,

264 1805 395 1865 maxime
422 1803 454 1863 bi
477 1804 532 1887 qui
564 1805 689 1886 maligni
705 1814 777 1867 rota
810 1807 937 1889 tyranni
959 1805 1179 1885 experientiam
1201 1805 1358 1886 quandam

262 1897 336 1949 ante
354 1896 574 1969 perceperant.
621 1909 723 1969 porro
755 1890 914 1950 universos
945 1889 1155 1950 communiter
1181 1884 1358 1968 possidebat

261 1970 362 2053 caligo
384 1977 417 2032 et
447 1973 513 2033 sine
544 1972 759 2034 consolatione
788 1972 899 2034 mentis
930 1971 1075 2047 delectio,
1099 1993 1138 2034 ne
1159 1991 1218 2053 per
1238 1971 1357 2052 singula

259 2052 453 2116 miserandae
475 2055 557 2118 illius
579 2053 641 2116 diei
663 2055 817 2116 deformia
840 2056 935 2117 verba
957 2055 1094 2116 scribens
1138 2053 1269 2116 rotelem
1290 2075 1356 2115 ser·

259 2158 397 2200 monem.
439 2135 575 2221 deniqne
596 2139 737 2221 sequenti
760 2139 811 2202 die
832 2139 962 2221 sumptis
992 2077 1176 2222 quibus-lina
1198 2158 1235 2198 cx
1253 2137 1355 2219 patri.

259 2221 314 2282 ciis
337 2220 475 2286 ascendit
504 2222 546 2284 ad
578 2222 810 2303 imperatricem
841 2220 999 2291 custodiae
1022 2221 1240 2303 mancipatam,
1260 2221 1355 2282 simu-

258 2302 334 2382 lans,
357 2314 392 2366 nt
410 2305 440 2366 ei
454 2304 550 2366 moris
564 2316 643 2383 erat,
665 2305 772 2367 falsam
790 2307 1025 2390 benignitatem,
1047 2326 1213 2388 perquam
1234 2313 1266 2364 et
1280 2303 1355 2386 pla-

259 2407 307 2461 res
330 2387 463 2471 decepit,
486 2397 518 2448 et
536 2409 679 2451 excusans
695 2411 728 2453 se
750 2389 837 2474 quod
851 2387 964 2451 inritus
978 2388 1017 2451 ad
1038 2389 1252 2472 principatum
1274 2409 1353 2451 con.

257 2472 416 2535 scanderit
437 2492 495 2535 uec
515 2471 600 2534 hunc
619 2496 755 2556 unquam
769 2472 1006 2537 desideraverit:
1028 2472 1230 2535 maledicebat
1248 2482 1353 2535 autem

255 2554 303 2615 bis
334 2556 389 2637 qui
420 2578 453 2618 se
482 2568 694 2638 provexerant
722 2566 755 2619 et
789 2558 871 2619 illam
913 2554 1029 2619 insidiis
1057 2558 1293 2639 appetiverant,
1317 2564 1353 2616 ut

255 2638 407 2719 proditor
428 2640 607 2716 dominum,
627 2650 794 2724 postquam
825 2662 897 2703 cum
918 2641 984 2723 ipso
1007 2640 1198 2713 caecaverit;
1221 2660 1299 2723 quos
1320 2649 1353 2701 et

256 2723 429 2783 imitatores
464 2723 543 2785 illius
576 2724 707 2805 existere
738 2727 920 2787 testabatur.
972 2724 1099 2785 ostensis
1129 2726 1223 2787 etiam
1256 2724 1351 2805 nigris

255 2804 481 2884 calceamentis,
505 2829 610 2869 amare
630 2829 663 2869 se
684 2808 795 2869 talibus
816 2810 863 2870 uti
883 2817 1011 2889 praeter
1034 2807 1112 2889 leges
1134 2806 1352 2889 imperatorias

157 2888 453 2969 p-tttaffirmabat;
476 2890 685 2975 fiduciamque
699 2890 817 2954 habere
831 2888 937 2952 dolose
957 2892 1105 2951 monebat
1125 2912 1203 2969 eam,
1226 2900 1258 2953 et
1279 2911 1350 2951 cum

254 2971 447 3048 iuramentis,
467 2973 506 3035 de
528 2977 613 3035 omui
626 2967 796 3057 ’corporali
821 2974 940 3059 requie,
962 2996 1056 3057 quam
1076 2968 1223 3057 consequi
1246 2973 1350 3035 domi-

253 3077 368 3116 nama
397 3076 487 3117 servo
514 3058 660 3131 deceret;
688 3058 866 3141 nullamque
889 3056 1038 3119 arbitrari
1064 3080 1244 3121 aerumnam
1265 3078 1350 3119 casus

252 3138 335 3201 illius
357 3138 593 3203 exhortabatur.
634 3142 853 3205 commonebat
871 3138 1028 3223 postremo
1051 3143 1093 3202 nil
1114 3141 1260 3203 occulere
1281 3162 1299 3201 a
1317 3163 1350 3203 sc

252 3222 464 3303 imperialium
486 3223 714 3300 thesaurorum,
733 3235 766 3287 ct
789 3222 955 3285 damnabat
977 3226 1125 3287 avaritiae
1142 3224 1262 3301 vitium,
1288 3224 1348 3285 boc

252 3304 337 3366 illam
370 3306 487 3369 babere
520 3330 583 3370 nou
615 3307 735 3369 ferens:
769 3308 933 3391 languebat
963 3310 1046 3370 enim
1076 3330 1114 3371 eo
1147 3310 1348 3371 vehementer

250 3389 357 3452 omnia
379 3387 554 3467 devorans,
588 3411 712 3453 omnem
735 3413 776 3453 uc
801 3392 834 3452 in
857 3411 936 3452 auro
957 3413 1043 3475 spem
1064 3403 1096 3454 et
1117 3392 1263 3453 fiduciam
1286 3412 1347 3472 po-

250 3494 335 3535 nens.
378 3484 507 3535 atvero
528 3475 648 3556 sapiens
670 3484 703 3535 et
745 3495 782 3536 ao
806 3474 920 3539 dilecta
941 3474 1085 3552 Heirene,
1108 3476 1248 3561 quamvis
1270 3494 1348 3537 con·

251 3566 381 3639 grueret
409 3566 446 3618 ut
478 3559 621 3639 passione
650 3568 715 3619 tam
742 3559 924 3640 repentinae
950 3560 1202 3621 commutationis
1232 3569 1345 3642 utpote

248 3641 364 3701 mulier
396 3648 582 3715 teneretur,
603 3642 679 3703 forti
702 3648 734 3703 et
765 3642 894 3724 sapienti
917 3642 1084 3724 prudentia
1107 3642 1182 3704 dixit
1203 3640 1242 3703 ad
1264 3663 1345 3718 eum,

251 3726 306 3807 qui
330 3724 400 3784 beri
429 3723 557 3806 quidem
585 3746 692 3787 servus
721 3728 867 3807 periurus
889 3726 1009 3805 fuerat,
1034 3724 1127 3789 bodie
1142 3748 1218 3788 vero
1238 3724 1345 3787 sollcrs

249 3818 281 3869 et
302 3808 464 3869 seditiosus
485 3816 635 3889 tyrannus
655 3829 692 3869 ac
715 3808 875 3891 impudens
898 3808 1088 3872 habebaturs
1110 3812 1188 3891 “ego
1209 3807 1344 3892 quidem,

249 3912 271 3951 o
291 3890 399 3967 homo,
420 3889 514 3951 deum
532 3890 649 3973 deputo
672 3892 804 3972 pridem,
825 3914 1005 3955 cumessam
1029 3892 1181 3975 orphana,
1203 3893 1345 3955 exaltasse

249 3996 310 4051 me,
329 3984 362 4036 ct
382 3970 494 4037 deiude
513 3994 609 4056 super
619 3976 731 4037 solium
748 3976 881 4057 imperii,
903 3976 976 4037 licet
990 3996 1083 4039 essem
1106 3976 1241 4059 indigna,
1263 3996 1344 4059 pro-

250 4060 366 4119 vexisse
385 4078 448 4117 me.
472 4076 594 4121 causam
619 4080 694 4120 vero
716 4060 919 4142 depositionis
943 4082 1029 4122 meae
1055 4060 1194 4121 mihimet
1218 4058 1342 4142 applico

252 4151 285 4204 st
304 4142 439 4225 peccatis
457 4142 532 4206 meis
553 4140 686 4204 ascribo.
741 4145 773 4206 in
795 4144 915 4207 cunctis
934 4153 1037 4207 autem
1060 4166 1097 4205 ac
1117 4142 1216 4207 modis
1238 4144 1341 4205 omni·
