3050 4900
309 403 382 480 436
657 417 700 479 ΙΝ
729 413 1006 482 ΤΗΕΟΡΗΑΝΕΜ

308 565 418 652 popuii
438 565 478 630 ad
495 565 715 670 imperatorem
730 571 886 667 querelae,
906 589 999 652 quem
1012 589 1084 628 cum
1104 577 1213 648 aperte
1234 567 1397 630 nominare

309 653 423 726 nollet,
458 651 621 731 φοβοῦμαι
651 671 803 729 ννσμσσσι
833 674 873 713 nu
898 675 934 712 er
963 652 1049 721 dixit,
1074 653 1166 712 tacite
1186 651 1396 712 subindicavit

308 735 372 796 eius
394 755 528 809 atamen,
560 735 708 797 allusione
740 737 821 796 facta
850 674 896 796 ad
919 735 1110 796 calcearium
1129 727 1325 811 retardabar,
1342 735 1394 794 di-

307 837 395 878 cens:
415 813 461 886 sic
481 812 520 876 τὰ
540 815 714 896 τζσγγορνά
746 813 932 894 εὑρίσκεται.
985 825 1094 898 aperte
1123 837 1235 877 nomen
1258 816 1392 878 eiusdem

307 898 434 960 iuferius
451 900 683 980 pronuntiatur.
724 894 927 972 Κολοσόδιος
951 893 968 960 ὁ
991 894 1170 978 cantiprat
1185 897 1291 960 σ’δίκεῖ
1299 921 1352 978 με.

389 997 460 1074 280,
484 995 532 1059 10.
579 998 626 1070 εἰς
654 994 709 1058 ἕνα
737 998 969 1078 βαπτίζεσθαι]
992 1017 1181 1073 sarcasmus,
1205 1018 1269 1080 quo
1291 999 1393 1058 Mani·

308 1081 477 1144 abacorum
502 1103 565 1142 non
579 1081 611 1141 in
633 1081 783 1162 trinitate,
803 1079 902 1142 sedin
925 1082 983 1144 deo
1005 1081 1072 1142 soto
1094 1079 1316 1162 baptizantium
1339 1103 1392 1141 er.

307 1185 375 1237 ror,
398 1164 517 1246 populo
539 1165 764 1247 exprobratur.
786 1166 888 1246 piacet
910 1173 1012 1225 umen
1032 1164 1092 1225 aiis
1116 1163 1219 1239 lectio,
1247 1185 1307 1248 qua
1328 1185 1391 1244 po.

305 1249 381 1332 palo
401 1245 634 1310 Manichaismns
660 1247 887 1330 exprobraturi
909 1244 955 1320 εἰς
983 1241 1041 1308 ἕνα
1061 1245 1263 1326 donatianae.
1303 1249 1391 1308 anias

303 1333 423 1396 nomiroe
442 1331 651 1416 ὀσμίτστσῠεί.

386 1438 458 1511 281,
473 1436 524 1501 10.
566 1433 741 1521 Σαββώτης]
759 1435 923 1500 sabbatius
945 1435 1103 1499 iustiniani
1125 1445 1224 1518 pater.
1264 1437 1390 1498 Proco-

303 1523 371 1606 pius
393 1523 424 1583 in
446 1521 604 1583 anecdotis
625 1525 655 1583 in
685 1522 880 1582 contrariam
907 1521 963 1581 aiis
985 1519 1150 1604 confingit:
1172 1521 1348 1604 principem
1371 1543 1390 1582 a

305 1607 457 1688 Procopii
486 1605 645 1666 calumniis
676 1604 814 1666 vindicat
842 1604 970 1666 Gabriel
989 1604 1153 1666 Tricorios
1178 1607 1207 1666 iu
1231 1605 1387 1667 observat.

306 1689 500 1773 apologetica
520 1688 615 1770 ipsius
639 1687 809 1748 iustiniani.

385 1795 462 1857 ibid.
476 1795 524 1855 11.
565 1791 612 1864 εἰς
631 1791 665 1854 τὸ
676 1793 821 1878 Ζεῦγμα]
843 1792 977 1874 origines
993 1793 1052 1854 ΟΡ.
1074 1791 1175 1854 adbuc
1194 1815 1247 1855 ms.
1269 1789 1304 1855 τὸ
1327 1817 1388 1856 τα-

301 1876 453 1956 latinator
472 1877 613 1957 Ζεῦγμα,
636 1869 753 1937 ὁπόταν
776 1877 928 1954 ἐνομίσθη
949 1871 982 1936 τό
1006 1875 1098 1953 σώμα
1119 1877 1176 1936 τοῦ
1197 1870 1387 1956 πρωτομώρ-

301 1979 397 2038 τνρος
417 1954 579 2040 Στεφάνου
600 1959 700 2020 ἐκεῖσε
723 1953 922 2038 ε’ζεώχθησον
939 1959 1067 2036 μοῦλαι,
1089 1958 1144 2018 καί
1162 1949 1245 2040 ᾖρον
1266 1955 1301 2019 τὸ
1324 1963 1387 2020 σοῖ-

229 2111 241 2130 ,
299 2065 346 2121 μσ
366 2038 427 2112 ἕως
447 2042 767 2102 Κωνστονττνιανών·
787 2037 843 2102 arai
855 2029 956 2112 adeost
972 2038 1109 2120 ἐνεκλήθη
1133 2043 1283 2120 Ζεῦγμα.
1304 2043 1386 2105 Zea·

298 2144 374 2206 gma
394 2125 472 2186 locas
493 2124 589 2185 dictas
608 2139 670 2202 est,
692 2125 774 2209 quod
794 2125 916 2208 quanda
938 2123 1073 2185 delatum
1096 2139 1142 2185 est
1155 2130 1389 2207 protomartyris

298 2228 422 2292 corpses,
452 2209 486 2268 ira
515 2228 550 2269 eo
576 2207 647 2288 siege
678 2222 806 2287 aptatae
833 2209 894 2268 sint
917 2209 1029 2270 mulae.
1079 2221 1108 2268 et
1128 2209 1256 2269 tulerunt
1276 2231 1387 2291 carpas

299 2312 391 2372 usqae
416 2290 462 2352 ad
494 2289 778 2354 Constantinianus.-
814 2304 904 2376 atque
932 2293 978 2352 ita
1008 2291 1092 2352 locas
1123 2291 1262 2373 Zeugma
1291 2313 1388 2355 voca·

299 2387 345 2436 tas
360 2388 411 2436 est·
1343 2380 1350 2399 '

380 2472 464 2538 Ibid.
491 2472 539 2535 12.
594 2464 634 2546 aa
663 2470 849 2556 ἐθεώρησεν]
882 2462 922 2543 ἇς
950 2474 1103 2557 particula
1129 2471 1310 2535 exhortandi
1334 2473 1385 2535 vei

301 2557 432 2639 optandi
452 2555 535 2639 apud
557 2558 733 2621 neotericos
757 2562 968 2619 Graecorum:
994 2548 1031 2628 ἇς
1052 2553 1175 2639 naaion,
1199 2556 1316 2618 utinam
1336 2560 1386 2616 t'a.

299 2640 372 2715 ciat,
387 2640 437 2701 vei
457 2642 552 2701 faeiat
579 2642 778 2722 irnperatire:
809 2639 966 2701 indicativi
986 2640 1219 2721 significantiam
1239 2640 1270 2701 in
1291 2648 1386 2721 opta-

300 2724 363 2783 tavi
384 2724 542 2800 transfert,
565 2713 604 2796 dc
625 2718 811 2805 ἐθεώρησεν,
832 2724 950 2785 utinam
972 2730 1145 2803 spectasset.

382 2820 453 2897 289,
475 2820 525 2881 16.
567 2816 603 2883 τό
623 2819 721 2903 μισοῖ]
744 2842 864 2903 expone
886 2813 905 2881 t
924 2822 1020 2899 μισώ.
1071 2872 1075 2877 .

331 2989 333 2992 ,
383 2918 529 2983 111190.
570 2916 785 3004 μσγιστὸρων]
807 2920 1069 3005 populitribunos
1090 2920 1145 3007 qai
1165 2922 1306 3007 superbas
1325 2914 1384 3005 δή.

174 3024 178 3029 ’
297 3021 428 3082 dmum·

306 3170 310 3180 ,
380 3100 495 3179 983,6.
537 3099 583 3173 εἷς
605 3096 660 3162 adr
678 3094 991 3185 ai'ysarAavps'retav]
1018 3100 1056 3163 ad
1076 3102 1157 3164 sinus
1180 3104 1240 3167 CP.
1266 3104 1383 3167 laevam

298 3194 473 3247 extructum
499 3184 648 3267 templum
672 3185 733 3246 boc
767 3184 900 3250 nomine.
951 3186 1125 3267 Procopius
1149 3186 1201 3248 lib.
1228 3189 1242 3250 1
1268 3190 1307 3249 de
1329 3210 1383 3251 ae-

298 3270 352 3330 dif.
376 3271 449 3331 lust.
472 3263 543 3329 τότε
563 3263 624 3347 γὰρ
648 3268 681 3328 ir
699 3266 852 3346 οἶριστερ”
875 3264 931 3327 τοῦ
952 3263 1069 3329 κόλπου
1079 3268 1281 3347 Λαυρεντίαν
1298 3294 1382 3351 μσρ-

215 3365 232 3405 .‘
297 3346 418 3430 τώρτον.
460 3350 780 3427 Marcellinus-comes
810 3290 850 3409 ad
882 3371 995 3412 annum
1016 3350 1087 3411 453.
1132 3354 1292 3415 Palrlaeria
1314 3357 1382 3416 Aa·

295 3438 378 3515 gasti
394 3436 553 3495 Marciani
568 3435 719 3519 principis
734 3454 817 3494 uxor
834 3430 869 3493 S.
896 3434 1058 3495 Laureraii
1076 3438 1190 3496 atrium
1210 3438 1385 3499 inimitabili

296 3538 395 3601 opera
415 3520 641 3594 rememoravit,
664 3524 722 3578 etc.

380 3616 463 3681 Ibid.
490 3616 537 3677 10.
578 3614 623 3687 εἷς
644 3615 678 3678 ssi
713 3612 920 3700 πραιτώριον]
944 3616 1095 3699 praefecti
1117 3616 1201 3679 urbis
1221 3618 1382 3699 palatium,

297 3722 361 3784 quo
393 3699 506 3760 iudicia
531 3702 712 3780 saraguinum
743 3700 925 3775 exercebat,
955 3709 987 3763 et
1012 3722 1080 3764 reos
1110 3702 1285 3765 carceriBua
1309 3702 1382 3765 vin·

296 3795 364 3847 ctos
385 3782 556 3843 detinebat:
597 3784 635 3845 de
664 3804 727 3867 quo
758 3783 898 3844 inferius.

376 3890 457 3956 lta'a
479 3890 526 3955 15.
582 3884 620 3951 τὰ
643 3884 793 3970 Aaaiaov]
815 3890 905 3953 Lausi
931 3892 1066 3971 patricii,
1089 3893 1143 3973 qni
1166 3890 1221 3954 sub
1247 3893 1383 3957 Arcadio

295 3974 417 4052 floruit,
438 3972 536 4039 aedes.
579 3973 695 4056 Gyltias
716 3973 755 4035 de
777 3975 985 4056 topographia
1006 3975 1065 4035 CP.
1085 3972 1137 4036 lib.
1160 3976 1179 4037 2
1199 3997 1268 4058 cap.
1290 3976 1339 4037 25.

376 4078 520 4145 laia-19.
561 4079 625 4141 τών
645 4073 882 4159 Προτικτόρων]
907 4082 961 4167 qui
981 4082 1154 4165 principem
1177 4084 1259 4146 foras
1280 4085 1383 4167 prod.

293 4171 417 4230 euntem
438 4166 647 4240 comitantur,
686 4164 733 4225 ius
764 4164 916 4226 Palatium
951 4167 1118 4227 observant
1145 4175 1177 4228 et
1196 4177 1379 4249 protegunt.

293 4242 467 4332 Procopius
490 4250 523 4310 in
541 4246 709 4310 anecdotis.
752 4247 945 4311 Paucirollus
967 4248 999 4309 ia
1021 4260 1087 4316 not.
1110 4250 1186 4334 imp.
1207 4272 1274 4334 cap.
1295 4248 1351 4313 89.
