3050 4900
307 274 381 348 618
658 283 716 344 Μ)
744 281 1022 346 ΤΗΕΟΡΗΑΝΕΜ

390 449 465 528 678,
484 449 515 514 9.
555 444 586 510 oi
605 449 639 511 di
660 445 820 530 λεγόμενοι
841 455 916 528 παρ’
936 451 1057 525 αὐτοῖς.
1078 445 1221 535 α’φνὶεανς
1234 451 1292 514 τοῦ
1304 449 1396 514 θεοῦ.

307 529 489 608 ἐπισκόποις
507 533 563 595 καί
580 540 744 613 μσναχσῖς,
764 531 827 598 καί.
847 537 921 618 neg.
944 543 1004 596 etc.

392 643 472 707 thid.
498 639 546 703 18.
587 637 763 720 ἐγγράφως,
784 640 839 701 καί
860 639 1012 722 α’γρὰφως
1024 633 1258 721 ἀποκηρύττων]
1277 645 1397 725 scripto,

307 747 348 792 ac
367 729 447 788 νίυα
469 747 541 786 voce
555 724 759 809 proscribens.
781 725 913 805 interpr.
924 723 963 784 ad
982 725 1152 802 πρεσβείας
1173 727 1288 796 resert;
1311 727 1401 808 quod
1501 781 1502 796 ζ

307 811 409 873 minna
431 808 544 891 placet.
587 808 688 890 liquet
706 818 743 867 ut
766 809 984 868 Constantinus
1006 808 1125 868 utrovis
1149 807 1244 870 modo
1266 809 1401 870 insecta.

308 895 417 957 tussit
439 893 470 953 8.
498 891 632 966 Mariae,
662 899 694 951 et
720 899 900 952 sanctorum
932 891 1067 952 aliorum
1097 891 1340 968 intercessiones,
1366 915 1400 954 er

307 979 372 1040 vita
394 977 426 1040 8.
448 975 598 1055 Stephani
620 974 762 1052 iunioris,
779 975 930 1035 invectiva
950 975 1072 1034 loannis
1093 974 1157 1036 siva
1176 975 1402 1059 Hierosolymi-

307 1060 372 1123 tani
394 1057 661 1132 siveDamasceni,
681 1059 754 1119 eins
767 1057 996 1140 pseudosynodi
1017 1055 1102 1134 actis,
1125 1079 1298 1142 corumque
1321 1080 1401 1120 con.
1501 1082 1502 1090 ν

308 1143 473 1218 tutatione,
507 1149 575 1201 tum
595 1162 676 1224 quae
696 1150 781 1206 extat
801 1143 833 1202 in
857 1141 875 1202 'l
899 1127 1051 1226 synodo,
1073 1149 1141 1202 tum
1162 1163 1244 1225 quac
1265 1142 1400 1204 necdum

306 1225 428 1312 prodiit
449 1227 483 1286 8.
495 1223 679 1308 Nicephori.

391 1329 464 1411 679,
486 1332 533 1394 12
575 1329 745 1406 ἀναδείξας
765 1323 865 1404 oded]
891 1329 984 1414 Peyr.
1005 1337 1063 1392 etc.

307 1527 335 1588 R
389 1440 470 1583 lbp'd.
487 1439 536 1502 16.
557 1434 574 1502 a‘
596 1434 695 1512 αὕσὸς
711 1437 781 1518 μέν.
802 1433 857 1499 καί
871 1437 1020 1522 Tupooe'ip
1039 1431 1270 1524 rqioiytnnirqt]
1293 1445 1398 1503 Anasi
1501 1511 1502 1516 η

336 1545 383 1608 eg.
404 1545 468 1594 ee·
1257 1565 1261 1571 ·
1501 1555 1502 1560 ¹

392 1637 466 1715 680,
486 1637 517 1701 8.
559 1631 578 1696 d
607 1629 671 1696 dni
691 1628 852 1714 Σκλάβων]
881 1634 1071 1712 libertusne,
1104 1636 1190 1698 cuius
1219 1659 1255 1699 ea
1279 1635 1403 1702 ratione

309 1723 467 1786 ordinatio
495 1719 652 1802 illegitima
685 1719 832 1780 dicatur?
886 1729 940 1780 aut
962 1721 1083 1797 forsan,
1113 1720 1308 1803 meliusque,
1329 1725 1402 1805 qnia

309 1807 489 1879 eunucha„
510 1813 622 1886 sponte
632 1803 749 1863 scilicet
770 1803 915 1878 eviratus,
930 1801 968 1862 ad
988 1802 1076 1863 aulae
1091 1804 1287 1886 obsequium,
1314 1805 1401 1889 quod

309 1890 395 1952 clero
418 1889 584 1950 inhabilem
606 1886 696 1956 lacit;
721 1907 784 1946 non
800 1885 932 1945 humana
963 1885 1077 1946 iniuria
1098 1887 1141 1948 sic
1161 1889 1334 1968 mutilatus,
1357 1889 1401 1950 uti

308 1972 467 2036 eunuchus
491 1971 550 2030 fait
570 1971 601 2030 8.
620 1967 766 2049 ignatias,
788 1969 856 2029 iure
878 1977 950 2066 post
970 1969 1098 2031 modurn
1122 1981 1243 2032 creatus
1265 1975 1403 2054 patriar·

310 2057 369 2119 cha
390 2053 767 2135 constantinopolitanus.
787 2047 826 2112 at
848 2074 913 2134 ppo
945 2051 979 2114 di
1001 2049 1057 2114 καί
1073 2045 1123 2114 roi.
1147 2056 1222 2138 Reg.
1245 2067 1304 2116 etc.

394 2179 474 2240 lhid.
501 2172 548 2239 14.
590 2170 644 2240 τὸν
668 2169 936 2240 onninamente
964 2169 1098 2257 α’γιεγόν]
1132 2179 1206 2278 Reg.
1230 2175 1403 2242 Odoetem.

311 2263 434 2323 νιανσιῖ.
456 2263 548 2343 Peyr.
582 2263 686 2322 Anast.
719 2261 943 2343 aqtaaedantnrn
975 2261 1196 2322 Valentiniani.
1247 2263 1343 2324 etiam
1370 2263 1402 2324 8.
1501 2295 1502 2312 ¹

312 2344 440 2426 lt'iccph.
462 2345 520 2406 rod
541 2335 655 2414 ὕδατος
677 2339 771 2403 ὁλκὸν
790 2339 826 2402 ὃν
842 2339 1083 2414 Balcaranensis
1102 2341 1120 2404 d
1141 2341 1292 2422 βασιλεὺς
1315 2367 1406 2408 κατε-

311 2425 475 2492 σκεύασεν.
516 2428 740 2512 nquaednctnm
761 2428 864 2503 illam,
885 2447 970 2511 quem
992 2425 1225 2489 Valentinianus
1245 2430 1407 2515 insperatos·

312 2518 386 2575 olim
416 2526 610 2574 extraxerat.
659 2534 769 2573 verum
801 2509 1005 2592 'sincophanes
1034 2511 1245 2573 Valentiniani
1279 2514 1403 2575 annui

313 2596 440 2659 Valenti
462 2596 522 2656 hoc
542 2594 716 2656 aediticium
740 2594 862 2671 tribuit,
884 2596 1094 2676 hactenusque
1109 2591 1405 2660 Odnleaunnmo'r

313 2678 422 2741 vocari
442 2678 558 2754 asserit,
581 2679 666 2761 quod
696 2679 759 2739 illic
787 2678 862 2758 Reg.
888 2679 1002 2761 aliique
1034 2676 1124 2737 codd.
1147 2686 1329 2741 constanter
1350 2680 1405 2739 ha.

313 2764 400 2824 hena.
444 2762 553 2823 melius
583 2761 627 2823 ihi
662 2759 754 2823 Cedr.
788 2758 950 2821 Ου’νὶλεντα
978 2760 1023 2821 ait
1043 2761 1210 2843 appellasse
1241 2764 1329 2845 quasi
1350 2784 1405 2825 sno
1501 2834 1502 2837 Ἴ

314 2846 415 2907 indito
434 2845 569 2919 nornine,
597 2866 632 2905 ex
654 2865 718 2928 quo
747 2842 855 2905 melius
889 2841 1100 2905 Odolcarsuda
1129 2845 1182 2905 liat
1206 2868 1297 2929 quam
1320 2846 1404 2931 quod
1501 2848 1502 2869 l

297 2929 363 2990 >vel
384 2930 445 3004 hic,
469 2927 583 2989 aetthi
614 2929 697 3008 apud
709 2926 930 3007 Theophanem
962 2926 1104 2988 liabetur.
1134 2924 1354 3006 ἐπιλεξάμενος
1372 2928 1406 2993 ia

314 3006 491 3095 διαφόρων.
532 3009 587 3071 asni
609 3010 667 3071 νοῦ
689 3006 826 3072 Πόντου.
850 3010 987 3073 καὶτῶν
1008 3005 1119 3090 νήσων.
1140 3012 1216 3092 aeg.
1237 3022 1294 3074 cte

397 3134 474 3212 682,
490 3127 523 3195 4.
566 3128 815 3213 ἀναβιβάσαντες
829 3130 938 3217 αὐτόν]
961 3134 1034 3217 Reg.
1055 3144 1115 3200 etc.
1135 3131 1242 3214 λαβών
1261 3130 1294 3196 rd
1319 3131 1403 3214 nino.

316 3214 440 3303 φόρεον.
490 3218 567 3279 haec
596 3226 643 3279 est
675 3238 770 3301 quam
793 3214 1017 3299 depositionem
1051 3218 1166 3279 realem
1203 3228 1332 3297 vocant,
1355 3240 1404 3279 scu

316 3302 582 3385 degradationem,
604 3322 697 3384 quam
721 3309 754 3363 et
775 3302 885 3361 mortis
906 3322 1009 3384 poena
1033 3310 1137 3363 secuta
1157 3304 1206 3363 sit.
1247 3303 1404 3383 percussio

316 3388 367 3448 itta
389 3386 552 3446 infaciem
575 3386 642 3466 ipso
663 3384 767 3445 libello
788 3384 893 3460 tiebat,
916 3394 1046 3469 cratque
1062 3386 1093 3446 id
1106 3386 1200 3447 moris
1221 3386 1251 3445 in
1276 3385 1403 3450 iudiciis.

316 3471 360 3531 sic
381 3478 412 3530 et
435 3468 612 3531 Heraclium
634 3470 664 3529 in
688 3468 820 3549 Crispo,
849 3490 904 3531 seu
930 3470 1038 3532 Prisco
1067 3470 1172 3533 fecisse
1204 3468 1298 3533 habes
1323 3466 1403 3554 apud

317 3554 348 3616 8.
368 3552 589 3637 Nicephorum.
610 3549 649 3633 τῇ
671 3549 707 3613 δὲ
726 3543 807 3631 ἑξῆς.

402 3667 485 3731 Ibid.
503 3665 550 3727 11.
572 3662 700 3747 oppinio
719 3663 774 3725 καὶ
792 3662 989 3743 α’μανίκωεον
1000 3664 1120 3743 κονδόν]
1142 3668 1216 3751 Reg.
1229 3676 1288 3729 etc.
1300 3670 1402 3727 hnast.

316 3760 421 3812 tamen
442 3742 561 3831 ἧρινσν,
582 3771 654 3809 cum
689 3750 810 3826 reddat,
834 3751 921 3811 laneo
944 3750 1041 3825 brevi,
1070 3765 1100 3811 et
1116 3753 1181 3812 sine
1200 3752 1332 3817 manicis
1351 3770 1403 3811 oe-

316 3840 473 3896 sn'mento:
509 3832 596 3917 quod
625 3842 658 3895 et
677 3833 780 3914 aptius
802 3834 961 3908 videatur,
982 3834 1077 3895 serica
1095 3843 1178 3897 veste
1199 3836 1298 3897 minus
1323 3834 1402 3895 forte

318 3939 456 4000 congrua
479 3916 571 3995 huic,
601 3936 694 4000 qaam
725 3918 945 3979 Constantinus
966 3916 1112 3998 ludebat,
1143 3939 1262 3981 scenae.
1282 3938 1402 3996 σακμα·

264 4059 267 4068 ,
317 4020 480 4083 saansaan.

399 4112 472 4194 683,
498 4114 546 4180 13.
563 4135 567 4139 “
586 4110 668 4196 μετὰ
685 4107 741 4191 σάς
762 4120 843 4199 τρεῖς
865 4114 996 4201 ἡμέρας]
1018 4118 1090 4204 neg.
1113 4128 1172 4185 etc.
1198 4114 1254 4181 δύο
1272 4104 1332 4201 γὰρ
1353 4114 1401 4181 σε’-
