3050 4900
290 300 363 377 548
653 314 695 377 m
728 309 1008 376 meneutam

371 480 514 561 611616.
571 483 624 545 καί
649 476 831 559 ὑπαλλάξας
863 479 918 542 τὸν
942 472 1096 560 a'rdurq'e,
1118 472 1164 555 ὥς
1183 474 1260 553 ἔθος
1279 476 1385 557 ἐστίν]

288 565 446 629 adeundus
468 568 604 629 Codinus
627 566 665 628 de
688 568 761 647 imp.
783 567 991 627 coronatione
1013 585 1081 645 cap.
1106 562 1143 625 17
1165 584 1249 624 uum.
1272 558 1321 624 1-1

370 673 513 745 thidbt.
555 682 612 744 τοῦ
633 680 742 763 πάσχα
756 678 795 743 ad'
816 680 1022 757 ἰνδικτιαῖνος]
1045 690 1241 761 praesentem
1262 702 1384 745 anuum

290 766 419 827 indictio
445 768 553 849 quinta
575 788 668 847 supra
696 764 848 827 decimam
870 764 974 826 afficit.
997 764 1073 825 baec
1093 772 1197 825 tameo
1217 767 1385 846 superiore

288 852 395 933 peragi
427 852 562 931 potuisse
592 871 654 910 uon
688 849 856 925 dubitabit,
885 850 940 932 qui
961 849 1197 909 Constantinum
1216 848 1385 935 Coprony.

278 956 372 1009 ,mum
396 934 519 1015 imperii
552 934 696 1017 quintum
726 954 765 994 ao
789 932 981 993 tricesimum
1011 940 1134 992 tautum
1154 930 1324 1008 inchoasse,
1349 942 1385 995 et

288 1018 424 1077 Leonem
454 1016 550 1077 fitium
580 1036 617 1077 eo
651 1036 732 1079 anno
764 1037 783 1076 a
801 1014 993 1097 Septembris
1023 1015 1075 1077 die
1097 1013 1385 1079 rectractatione

288 1098 406 1159 decima
428 1112 540 1183 quarta
555 1108 740 1181 potestatem
761 1099 914 1181 accepisse
934 1096 1191 1161 consideraverit.
1232 1098 1257 1158 ai
1276 1108 1384 1161 tanea

288 1182 439 1245 decimam
467 1184 608 1268 quintam
637 1183 851 1267 reponendam
880 1178 1071 1261 contendas,
1113 1204 1179 1244 nou
1210 1203 1268 1245 ero
1304 1204 1384 1245 con-

287 1268 413 1329 itarius.

369 1380 443 1457 697,
468 1382 497 1442 1.
539 1378 747 1462 heneaulus]
777 1382 878 1445 etun
904 1384 1100 1444 Graecorum
1122 1381 1235 1444 mobile
1255 1395 1286 1442 et
1304 1403 1385 1465 por.

285 1466 380 1527 tacite.
430 1464 624 1542 α’ντιμίνσιον
646 1474 707 1545 est,
735 1468 822 1549 quasi
855 1461 931 1527 dari
946 1466 1006 1526 rori
1024 1466 1149 1543 μινσοῦ,
1167 1467 1252 1526 sacri
1260 1467 1386 1544 ferrioli

287 1550 329 1629 (id
353 1550 436 1611 enim
456 1542 568 1625 μινσός
588 1558 695 1625 sonat,
728 1548 773 1610 ait
793 1546 932 1611 Baisamo
955 1556 987 1609 et
1008 1552 1137 1611 loannes
1159 1548 1239 1611 Citri
1259 1548 1385 1631 epiroo.

173 1634 178 1642 ’
286 1655 343 1716 pus
367 1633 397 1693 in
420 1630 627 1714 euchologicia
660 1632 786 1708 retatus)
811 1633 970 1693 amorium.
1018 1632 1202 1694 Latinorum
1221 1632 1385 1715 corporati

288 1717 383 1778 linteo
404 1716 502 1777 simite
525 1736 625 1777 sacrm
647 1716 792 1800 reliquias
812 1718 896 1798 gerit
921 1713 1061 1792 inclusas,
1082 1725 1115 1777 et
1134 1716 1286 1778 sacrificio
1308 1716 1385 1776 mis-

286 1822 338 1885 sae
357 1796 565 1877 celebrando,
586 1802 743 1883 scoriaque
773 1801 920 1882 precibus
940 1798 1073 1861 ubilibet
1091 1798 1304 1883 concipiendis
1324 1800 1385 1861 ad·

287 1894 446 2058 movddd,
464 1978 497 2043 3.
552 1976 695 2062 Τέλερος]
734 1979 790 2064 qui
818 2000 914 2063 snpra
940 1980 1109 2065 tta'payaa,
1144 1984 1199 2068 qui
1221 1982 1382 2045 Anastasio

289 2066 468 2129 Telericbus.

368 2169 439 2248 699,
461 2164 490 2233 4.
534 2170 726 2253 Μαιουμᾶν]
747 2171 820 2233 Maii
841 2170 1044 2256 kalendarum
1062 2172 1228 2235 celebritas
1246 2172 1309 2235 diei
1331 2174 1384 2236 fe-

285 2256 424 2318 stivitate
439 2254 521 2317 civiti
545 2255 673 2315 hilarius
690 2254 878 2317 celebrando
892 2256 1071 2335 Μαωυμᾶς
1094 2260 1228 2320 nominis
1248 2278 1383 2320 consor-

288 2341 369 2401 tium
390 2340 572 2421 impertivit.
624 2338 709 2421 quod
737 2342 944 2423 antiquorum
971 2342 1126 2403 Maiumae
1157 2344 1278 2423 festum,
1301 2361 1385 2424 quae

288 2425 390 2508 prima
409 2424 473 2486 eim
494 2423 670 2502 institutio,
693 2444 788 2507 quam
819 2420 1002 2485 Christianis
1032 2427 1250 2506 execrandum,
1264 2432 1307 2486 ut
1326 2424 1386 2487 de-

290 2507 362 2570 inde
382 2507 556 2591 castigatius
577 2509 758 2589 permissum
781 2506 916 2568 diatriba
936 2529 1018 2590 pene
1036 2509 1160 2594 integra
1172 2510 1324 2574 Meursiua
1351 2510 1384 2570 iu

290 2593 399 2670 terico,
420 2600 453 2652 et
474 2591 612 2652 Lacerda
634 2591 665 2651 in
688 2589 872 2652 adversariis
894 2593 1078 2655 edisserunt.

375 2695 448 2770 700,
474 2695 521 2758 16.
572 2693 628 2758 καί
646 2695 745 2757 adrui
776 2693 985 2777 νουβίτισσαι]
1015 2721 1054 2762 au
1076 2699 1267 2777 Nubitemes,
1285 2707 1387 2782 prout

289 2782 387 2842 vertit
418 2781 612 2855 Anastasius,
635 2779 708 2862 quia
735 2780 841 2840 forsan
862 2781 1001 2842 mabr'les?
1040 2781 1090 2844 vei
1112 2785 1186 2866 quia
1208 2784 1385 2860 Nubicuses,

291 2865 393 2926 Nubis
410 2863 554 2924 videlicet
574 2865 612 2923 ad
636 2864 742 2924 Niinm
764 2863 856 2924 vico?
875 2863 925 2925 vet
950 2865 1085 2964 denique
1106 2867 1295 2950 prophetico
1318 2867 1386 2950 spi-

292 2947 356 3007 ritu
378 2948 489 3022 otarae,
512 2967 581 3006 curn
607 2967 664 3006 vox
686 2947 764 3008 Nabi
786 2947 871 3030 Syris
892 2956 924 3009 et
943 2950 1097 3011 Arabtbus
1117 2951 1306 3032 prophetam
1328 2951 1386 3012 de·

292 3031 415 3112 signet?
456 3029 577 3090 arridet
600 3031 750 3112 expositio
773 3041 952 3113 postrema:
975 3031 1098 3116 puellae
1118 3033 1269 3120 siquidem
1289 3034 1388 3098 Eme-

292 3135 356 3174 sam
376 3113 485 3197 Syriae
508 3113 699 3175 incolebant.

348 3237 351 3244 ’
377 3219 449 3300 761,
469 3218 499 3282 3.
542 3222 580 3304 τῇ
600 3219 635 3282 δὲ
656 3219 728 3304 ἕκτῃ
757 3219 814 3282 τοῦ
837 3219 1061 3301 Φεβρουαρίου
1082 3218 1201 3303 μηνός,
1220 3222 1275 3302 τῆς
1291 3216 1317 3302 γ’
1339 3220 1389 3284 ιύ·

293 3301 466 3388 disertivae]
490 3325 571 3365 anno
588 3304 783 3366 Constantini
812 3305 1005 3389 Copronymi
1027 3307 1164 3367 secundo
1186 3327 1281 3389 supra
1301 3307 1390 3367 rice-

293 3389 404 3448 simum
426 3409 542 3448 norum
571 3387 778 3448 indictionum
808 3387 962 3450 circulum
982 3387 1206 3472 Theophanem
1229 3389 1390 3451 inchoasse

294 3473 333 3531 ab
357 3493 394 3532 eo
414 3471 530 3554 scripta
557 3469 780 3537 demonstrant.
832 3480 982 3555 quartum
1014 3473 1126 3534 deiude
1159 3474 1271 3556 quinto
1292 3493 1390 3554 supra

293 3555 472 3616 vicesimum
494 3554 641 3614 ascribit:
670 3575 741 3616 mox
761 3563 875 3616 sextam
898 3555 1043 3618 vicesimo
1068 3558 1221 3638 septimo:
1244 3566 1391 3617 octavam
1458 3561 1463 3568 ⁴

294 3639 440 3700 vicesimo
453 3660 552 3699 rinno:
568 3638 725 3699 tricesimo
741 3658 870 3699 nouam:
888 3649 955 3700 tum
972 3660 1049 3702 vero
1065 3639 1279 3701 duodecimam
1292 3641 1390 3701 tertio

295 3729 328 3784 et
346 3721 522 3782 tricesimo:
548 3721 659 3806 quinto
688 3723 890 3805 postmodum
912 3731 943 3784 et
964 3725 1132 3801 tricesimo,
1154 3724 1209 3806 qui
1228 3723 1293 3786 eius
1313 3723 1391 3805 imp.

295 3813 480 3888 postremus,
504 3805 628 3866 tertiam
649 3805 809 3883 decimam,
833 3814 864 3867 et
884 3807 1046 3869 confestim
1066 3807 1220 3886 *decimam
1240 3815 1390 3890 quartam

300 3889 467 3952 consociat.
509 3888 547 3949 ad
568 3889 680 3951 Leonis
703 3889 897 3973 Copronymi
931 3891 987 3951 titii
1010 3913 1124 3951 annum
1143 3891 1283 3973 primum
1307 3888 1392 3952 indi·

265 3971 267 3976 ’
299 3974 437 4034 ctionem
459 3971 610 4034 decimam
638 3983 784 4056 quartam
813 3985 981 4036 memorat:
1015 3974 1055 4034 ad
1084 3982 1278 4057 praesentem
1306 3971 1393 4034 huuc

299 4058 444 4139 quintum
472 4056 581 4120 circuti
613 4055 766 4140 sequentis
801 4058 927 4120 tertiam
958 4067 1108 4121 annotat:
1143 4067 1176 4118 et
1211 4078 1294 4118 anno
1317 4078 1393 4118 mox

298 4148 471 4223 sequutura
494 4148 637 4226 quartam
649 4139 797 4203 adnectit.
839 4139 877 4202 ad
897 4162 1012 4204 annam
1034 4141 1229 4227 copronymi
1250 4141 1394 4224 primum
