3050 4900
265 334 317 412 18
407 333 630 414 ‘nnnsrnsn
660 342 854 412 nrsroan
882 343 1193 412 nemasnsucn
1302 312 1304 315 ’

266 451 424 582 senhctuta
443 536 504 602 pro
516 516 632 580 Christi
643 519 837 582 confessione
862 517 1020 602 suppliciis
1042 516 1121 597 obit,
1135 537 1208 580 eum
1221 515 1281 579 iam
1299 515 1359 580 1117

267 623 422 664 annornm
442 610 528 664 essct.

347 701 455 766 Mundi
467 701 652 779 erachilii,
664 702 788 766 divinae
800 699 1022 764 incarnationis
1034 699 1107 780 817,
1120 699 1226 763 ludaei
1237 709 1268 761 et
1277 699 1358 760 Per-

263 805 315 848 sae
335 784 471 848 videntes
490 785 749 849 christianismum
769 787 801 848 in
811 785 938 847 Perside
951 785 1046 868 magis
1068 806 1105 846 ac
1120 783 1357 929 mapispollere,

264 869 433 931 detrahunt
452 871 589 933 Simeoni
620 871 858 952 archiepiscopo
879 866 1080 950 Ctisiphontis
1102 891 1163 951 epu
1206 867 1359 929 Saborern

263 953 430 1015 Persarum
452 975 572 1036 regem,
593 955 680 1038 quasi
702 954 802 1015 nnrico
829 953 1028 1034 imperatoris
1048 953 1180 1015 Romani
1202 959 1234 1014 et
1253 951 1359 1013 Persi.

259 1057 374 1114 'corum
396 1036 530 1098 delatori
547 1039 758 1122 negotiorum.
805 1036 1358 1118 uamobrem-perseeutionemagna

262 1122 294 1181 in
316 1118 442 1182 Perside
463 1130 549 1182 mota
569 1122 659 1184 multi
680 1141 742 1205 pro
761 1061 888 1206 Christo
907 1120 1063 1203 martyrio
1092 1127 1167 1181 suat
1192 1117 1358 1193 adornati3

262 1205 347 1265 inter
371 1224 449 1288 qnos
471 1205 674 1268 Heustasades
695 1203 892 1287 paedagogus
902 1203 1031 1264 Saboris
1050 1210 1084 1264 et
1102 1205 1229 1265 Simeon
1251 1210 1284 1262 et
1303 1221 1358 1264 su-

261 1307 322 1369 per
342 1287 416 1348 alios
438 1287 551 1350 multos
583 1298 706 1351 centum
736 1285 843 1350 clerici
868 1296 901 1348 et
921 1287 1061 1368 episcopi
1081 1309 1145 1349 una
1167 1285 1217 1348 die
1237 1293 1357 1370 marty·

152 1377 155 1384 '
262 1371 353 1432 riaati
376 1380 467 1449 sunt,
498 1383 530 1434 et
562 1371 793 1434 innumerabilis
823 1370 883 1430 alia
910 1369 1101 1449 multitud03
1130 1391 1167 1431 ex
1188 1369 1303 1455 quibus
1324 1369 1357 1428 in

261 1455 382 1538 signum
404 1453 512 1516 decem
535 1464 567 1518 et
588 1465 661 1518 octo
676 1456 761 1524 milia
774 1461 952 1538 martyrum
971 1463 1187 1529 numerarunt,
1209 1463 1355 1515 tormen-

183 1537 299 1614 pssttis
314 1530 589 1602 horribilibuseta
610 1548 721 1602 natura
744 1537 898 1600 extraneis
923 1559 942 1598 a
962 1537 1084 1600 Sabore
1096 1545 1273 1621 perempta·
1296 1557 1370 1617 per*

171 1631 244 1703 1240
262 1620 343 1683 idem
357 1631 479 1705 tempus
498 1632 529 1684 et
541 1625 575 1684 B.
587 1623 706 1685 Helena
724 1620 877 1684 dormivit
888 1622 920 1681 in
934 1617 1062 1682 domino
1073 1641 1230 1681 annorum
1244 1630 1358 1704 octua.

260 1706 355 1788 ginta,
378 1708 476 1767 multu
497 1707 562 1768 litio
583 1705 730 1768 mandans
744 1725 805 1788 pro
824 1702 943 1786 pietate
964 1725 1044 1787 quae
1063 1704 1190 1766 cbristo
1210 1703 1356 1766 debetur.

174 1857 179 1869 ,
258 1789 380 1870 sepulta
409 1800 514 1851 nutem
536 1797 581 1851 est
600 1790 631 1850 in
655 1791 773 1870 templo
794 1787 1082 1870 sarmentorum
1108 1785 1191 1869 apud
1200 1787 1357 1848 Constan-

258 1869 435 1954 tinopolim,
461 1871 548 1954 quad
571 1872 748 1934 aedificarit
770 1870 850 1932 filius
877 1872 944 1934 eius
964 1871 1186 1938 Constantinus¹
1204 1870 1246 1931 ad
1265 1891 1356 1952 sepe·

259 1954 398 2016 tiendum
419 1964 561 2017 mortuos
575 1955 994 2038 Christianosimperatores.
1036 1954 1141 2039 prima
1160 1953 1292 2015 veroin
1316 1971 1356 2015 eo

259 2038 297 2098 B.
320 2037 435 2101 Helena
458 2047 504 2100 est
530 2041 672 2121 sepulta,
693 2039 903 2102 monumentis
924 2037 1016 2101 claris
1048 2046 1081 2100 et
1110 2037 1221 2120 vigiliis
1248 2035 1354 2098 hono-

258 2131 339 2184 rata.
392 2141 493 2204 porro
526 2145 632 2185 sacrae
667 2122 821 2206 virgines,
859 2143 996 2205 quarum
1024 2123 1135 2184 mensis
1168 2129 1268 2181 astans
1294 2139 1357 2202 per

259 2212 358 2268 semet
378 2205 477 2288 ipsam
508 2207 594 2290 quasi
619 2205 733 2292 famula
753 2205 965 2280 ministrabat,
997 2204 1109 2267 divinis
1141 2203 1221 2267 isene
1240 2223 1356 2266 monu-

261 2288 373 2353 mentis
395 2287 619 2372 praedicabant
638 2289 704 2353 sine
723 2291 892 2352 cessatione
911 2287 1045 2352 beatam.

343 2388 453 2452 Mundi
477 2409 558 2451 anno
581 2387 683 2469 5818,
707 2386 830 2451 divinae
853 2387 1077 2453 incarnationis
1106 2383 1178 2467 318,
1202 2385 1356 2451 Constan-

265 2471 328 2535 tius
358 2494 431 2535 cum
456 2473 497 2536 99
517 2472 640 2557 imperii
662 2482 788 2557 gereret
808 2494 933 2550 annum,
954 2492 1014 2556 per
1030 2473 1182 2535 virtutem
1202 2473 1233 2535 S.
1256 2473 1358 2533 crucis

262 2559 438 2621 Germanos
467 2558 625 2621 Sarmatas
654 2568 686 2620 et
715 2556 836 2620 Gothos
866 2565 1022 2619 extremae
1051 2555 1196 2619 servituti
1225 2555 1356 2639 subegit.

146 2648 338 2725 pilatum
369 2642 518 2703 Eusebius
545 2640 702 2723 Pamphili
731 2635 906 2725 symbolum
930 2639 1007 2722 fidei
1037 2660 1056 2700 a
1083 2638 1195 2699 sanctis
1214 2638 1358 2721 patribus

261 2724 346 2806 apud
367 2726 510 2786 Nicaeam
542 2723 698 2807 expositae
731 2744 856 2785 omnem
881 2720 1100 2783 orthodoxiam
1120 2720 1238 2792 habere
1260 2731 1356 2783 testa.

260 2815 325 2884 tur,
345 2808 482 2869 scribens
504 2806 565 2869 suis
584 2805 765 2867 concivibus
787 2816 820 2868 et
839 2808 905 2867 inte
947 2814 1049 2867 retens
1079 2806 1163 2867 dicta
1183 2806 1354 2867 secundum

261 2912 394 2953 sensnm.
439 2890 619 2951 Athanasius
641 2898 744 2951 autem
764 2888 797 2951 in
824 2826 954 2971 episthlb
976 2887 1017 2950 ad
1040 2890 1131 2951 Afros
1154 2890 1244 2949 missa
1265 2890 1354 2950 testi-

261 2972 401 3035 monium
430 2972 576 3055 perhibet
606 2973 759 3050 Eusebio,
779 2973 866 3056 quod
888 2973 1058 3055 susceperit
1087 2994 1197 3035 vocem
1215 2972 1354 3034 consub.

260 3056 465 3120 stantialitatis
486 3060 524 3135 *).
574 3064 607 3118 et
628 3076 705 3117 vero
726 3055 939 3119 Theodoritus
958 3058 1036 3119 dicit
1059 3055 1143 3117 hunc
1164 3056 1356 3119 concordem

261 3142 462 3219 Asianorum,
481 3140 608 3203 Eusebii
627 3140 745 3203 scilicet
762 3138 998 3203 Nicomediensis
1022 3148 1056 3202 et
1075 3161 1188 3202 eorum
1207 3140 1263 3223 qui
1283 3160 1357 3201 cnm

262 3224 329 3307 ipso
342 3224 535 3302 sentiebant,
558 3222 659 3285 finisse.
701 3221 786 3285 unde
809 3232 841 3287 et
860 3222 1050 3306 depositioni
1070 3224 1265 3288 sacratissimi
1288 3223 1356 3284 Eu.

261 3308 366 3369 stethii
388 3308 576 3371 Antiocheni
596 3308 768 3381 consensit;
790 3328 863 3370 cum
886 3308 999 3390 quibus
1020 3317 1052 3369 et
1073 3306 1258 3389 imperatori
1279 3327 1357 3390 per·

262 3390 391 3454 suadens
411 3388 496 3452 hunc
514 3392 592 3455 iuste
619 3388 797 3477 depositum
815 3390 881 3475 egit
906 3398 943 3453 ut
964 3389 1049 3477 apud
1072 3388 1214 3476 Illyrium
1235 3391 1266 3451 in
1289 3390 1356 3453 exi.

263 3474 341 3537 lium
362 3474 552 3537 mitteretur.

308 3600 311 3605 ¹
347 3574 542 3636 Constantini
572 3573 715 3657 vigesimo
752 3575 847 3637 tertio
881 3593 964 3636 anuo
993 3574 1025 3636 in
1061 3572 1195 3656 imperio
1222 3593 1357 3656 percur-

263 3665 362 3735 rente,
385 3658 469 3741 apud
489 3658 688 3721 Antiochiam
716 3668 908 3741 octagonum
936 3659 1087 3739 templum
1111 3662 1151 3735 **)
1177 3657 1284 3739 eoepit
1305 3676 1358 3718 ae·

263 3738 405 3817 ditionem
427 3742 573 3827 quicum
596 3742 775 3827 vigesimum
795 3753 943 3825 quartum
962 3741 1085 3826 imperii
1104 3749 1210 3823 ageret
1230 3762 1356 3821 annum,

297 3922 322 3995 ¹)
340 3922 637 4047 cppspabstanlpiatitatisl
659 3924 744 3977 utitur
765 3920 927 3979 esdicfioue
944 3924 1087 3980 Facundus
1102 3932 1133 3978 et
1149 3883 1283 3996 interpres
1291 3922 1354 3977 Tri-

331 4009 349 4066 p
394 4010 401 4045 ι
433 4011 457 4051 a.
515 4012 571 4047 aaa.

297 4090 337 4163 αι)
358 4087 537 4213 telmplluml'p
573 4090 662 4213 agnon,
680 4087 852 4212 dpmiuieurpl.
888 4090 1000 4175 diutinus
1020 4090 1112 4213 Apuli.
1130 4090 1272 4174 'interpres
1282 4088 1352 4212 111131

332 4176 403 4303 111111
423 4176 537 4287 1111111111
555 4230 590 4285 ad
608 4200 628 4290 l.
648 4176 1012 4306 11ης1ω1111101.01111ρ11111
1030 4176 1354 4305 111111110111111)...11111.ο
