3050 4900
633 291 784 358 NOTAE.
1181 294 1252 364 357

164 469 273 546 edocti,
296 467 416 530 ctionni
434 466 513 529 aiios
538 467 679 547 homines,
699 469 893 556 Cappadoces
922 486 1019 534 tamen
1040 493 1099 535 non
1119 473 1163 534 ito
1182 495 1253 534 eon·

164 569 303 629 temnere,
323 573 361 612 ac
375 573 436 634 pro
455 551 551 612 nihilo
573 567 703 637 putare,
723 576 847 639 quorum
874 557 921 616 nil
939 569 1002 617 tom
1021 557 1179 640 proprium
1201 571 1255 633 est,

164 659 258 722 quam
268 633 508 721 fideifirsnitas,
529 643 588 698 eto.
611 636 719 697 exinde
742 638 913 720 composita
930 661 999 700 cum
1012 639 1146 700 Eusebio
1165 660 1256 720 pune,

163 741 266 803 eoque
286 719 326 781 sul
350 719 508 780 Christum
529 719 692 801 migrante,
718 720 844 784 Basilius
868 721 1040 804 designatus
1061 722 1183 788 antistes
1204 743 1257 782 re-

161 805 284 866 fertur:
303 802 381 886 qseid
398 803 464 864 atu
484 801 583 862 dicere
602 824 715 864 necesse
727 817 781 882 est,
802 805 926 865 subiicit
947 804 1101 866 nonnullis
1124 803 1257 866 interie-

163 887 221 948 ctis
241 886 430 967 Gregorius?
470 905 580 946 verum
604 886 762 947 enimvero
793 885 904 949 Christi
919 889 1007 948 bostis
1029 889 1203 970 imperator,
1227 901 1258 948 et

156 969 242 1055 fidei
258 983 411 1048 tyrannsss
419 1013 431 1044 ,
458 987 524 1028 enm
545 969 658 1030 nraiori
676 971 851 1053 impietate,
874 993 911 1032 ac
917 973 1109 1047 ferventiore
1126 972 1203 1048 ace,
1226 983 1258 1032 ut

157 1068 231 1137 pote
249 1073 318 1113 eum
343 1052 511 1112 valentiore
534 1051 715 1112 advenurio
744 1074 808 1114 rem
828 1053 990 1132 habiturus,
1012 1052 1058 1114 ad
1075 1073 1129 1114 nos
1147 1055 1253 1114 iterum

161 1136 254 1212 versit,
275 1133 387 1218 ιἰιιριινί
405 1155 443 1194 ac
459 1136 555 1217 pravi
573 1135 654 1195 r'llius
671 1136 791 1218 spirinse
811 1137 843 1196 in
864 1137 994 1213 modern,
1019 1139 1073 1222 qui
1087 1159 1130 1198 ese
1153 1137 1253 1198 nomi-

161 1222 210 1280 nis
235 1238 358 1302 corpore
384 1217 507 1301 pulsus,
538 1217 651 1302 diuque
677 1234 822 1298 uagatus,
849 1219 894 1280 aci
918 1219 1042 1281 eundem
1067 1241 1165 1280 rursm
1184 1240 1250 1278 eum

160 1302 278 1364 maiori
307 1301 465 1385 spirituum
488 1301 610 1381 agmine
635 1300 822 1364 nabitaturus
841 1303 922 1363 sedet
942 1311 1001 1367 etc.
1051 1322 1088 1364 sc
1112 1302 1249 1364 inferius.

159 1399 195 1446 ut
217 1405 290 1446 vero
307 1384 483 1468 peragentis
501 1384 634 1445 omnibus
656 1385 795 1467 oppidis,
822 1386 870 1446 ad
888 1387 969 1448 banc
977 1383 1126 1466 firmam,
1149 1397 1178 1444 et
1200 1386 1251 1446 in-

158 1465 308 1550 sffinsam
328 1469 517 1527 ecciesiancn
547 1481 670 1528 matrem
689 1489 721 1527 se
742 1469 867 1528 contulit
885 1477 943 1530 ete.
985 1467 1044 1529 boc
1064 1469 1089 1528 si
1113 1488 1173 1528 non
1196 1487 1252 1548 go..

159 1553 282 1612 minum
301 1550 438 1612 Valentis
460 1550 640 1611 Caesaream
662 1570 814 1612 necessum
841 1553 985 1632 probant,
1007 1549 1097 1632 plane
1119 1547 1251 1610 balinei.

160 1656 229 1696 nor.
271 1632 406 1696 secundo
423 1654 511 1710 vero,
533 1654 613 1714 qnae
627 1632 679 1694 bie
692 1643 873 1716 tanguntur,
896 1634 1056 1717 contigisse
1068 1641 1157 1696 testes
1179 1639 1252 1693 sunt

160 1717 348 1780 Sozomenus
373 1724 405 1776 ct
425 1717 611 1797 Gregorius,
637 1715 749 1799 quibus
771 1713 910 1798 adiungit
928 1739 960 1777 se
980 1726 1109 1790 auctor,
1130 1713 1250 1776 dicens:

158 1788 233 1882 ἧκεν
253 1799 299 1872 εἰς
318 1797 518 1877 Καισάρειαν
546 1798 580 1874 ἐξ
600 1796 755 1871 treton}
786 1795 864 1862 ιιαιά
888 1798 946 1862 τοῦ
968 1799 1059 1861 suos
1080 1793 1250 1861 Boostts'oo

157 1879 368 1961 μαινόμενος·
409 1876 526 1958 ἔπραξε
547 1875 696 1943 distairi
715 1821 1028 1966 ομἐγαςΓρηγὸριος
1049 1880 1095 1954 εἷς
1117 1875 1250 1944 10⁸an-

157 1966 278 2028 osttims
290 1957 456 2049 ἐπιτάφιον
471 1959 584 2040 ἔλεξεν.

244 2087 313 2172 100,
337 2088 387 2150 13.
432 2086 553 2152 Μαυΐιι
572 2089 765 2170 Σαρανηνῶν
785 2087 969 2174 duodenne]
994 2085 1069 2186 baec
1090 2096 1162 2172 post
1184 2089 1251 2166 vs,-

158 2171 250 2234 lentis
271 2171 436 2234 Antiochia
459 2173 632 2246 discessum,
656 2182 688 2234 et
710 2172 840 2233 inbunc
861 2193 974 2232 annum
997 2173 1164 2234 incurrisse
1185 2171 1251 2233 coi-

157 2253 234 2339 legit
254 2267 385 2334 unctor,
408 2277 444 2316 er
464 2257 597 2318 Socrate
619 2253 675 2317 lib.
694 2248 716 2316 0
736 2276 805 2338 cap.
826 2253 882 2334 29,
906 2255 1077 2339 dequibus
1099 2252 1249 2318 Theodo.

158 2349 258 2420 retns,
278 2340 479 2418 sozomenus,
497 2348 530 2400 et
549 2339 689 2404 Rufinus.

241 2464 360 2611 {331'3'
412 2460 539 2547 intonet
562 2462 639 2548 neni
668 2460 727 2526 rosi
745 2456 860 2537 ἔθνους
881 2458 905 2529 o‘
926 2457 1121 2545 Σωζόμινος]
1153 2460 1247 2525 tino

153 2570 224 2634 cap.
288 2594 297 2610 .

239 2672 318 2733 ibid.
342 2672 372 2735 5.
415 2664 446 2734 oi
466 2670 503 2733 di
522 2668 554 2733 Γ
552 2666 652 2753 eoos]
673 2670 754 2733 idem
778 2668 899 2751 cnp.37
922 2670 972 2732 iib.
995 2668 1016 2731 6
1047 2668 1086 2733 de
1106 2670 1245 2752 Ulpbito,

155 2754 204 2818 vel
231 2756 366 2839 Urpbiin
398 2754 591 2818 Gottborum
617 2754 765 2837 episcopo
793 2752 946 2816 eruditam
981 2753 1074 2817 hahet
1102 2754 1246 2821 disserte.

154 2840 274 2903 tionem
288 2847 402 2903 auctor
422 2861 529 2902 eorum
552 2840 583 2901 in
605 2838 751 2900 Photisni
772 2836 972 2919 Phiiostorgii
992 2836 1095 2919 ceni
1117 2838 1170 2899 lib.
1192 2838 1221 2901 0.

234 2964 317 3026 Jstd.
341 2962 388 3025 15.
439 2959 581 3033 Λούκιος
599 2955 652 3044 ἔτη
674 2957 731 3041 ιβ’,
758 2957 785 3023 δ’
796 2962 810 3046 ]
841 2982 941 3045 neque
969 2982 1065 3022 snntu
1085 2960 1137 3023 bic
1155 2962 1243 3024 Lucii

153 3057 295 3130 quartus,
319 3067 420 3131 neque
441 3048 527 3107 annis
544 3046 582 3107 12
605 3048 822 3128 pontificatum
847 3045 995 3119 obtinuit,
1017 3044 1067 3106 sed
1090 3066 1138 3106 sex
1161 3042 1242 3106 dun..

152 3139 247 3206 taret,
269 3131 355 3192 euius
377 3130 427 3191 bio
450 3132 585 3213 quintus,
606 3128 771 3191 succedens
792 3139 901 3191 sextus.
947 3128 1039 3189 atium
1061 3126 1128 3189 Pal.
1152 3128 1243 3189 rodi·-
1293 3158 1299 3169 1

151 3215 195 3275 cis
216 3224 249 3276 et
268 3214 395 3297 Peyrez.
416 3234 569 3289 errorem,
590 3235 627 3275 ac
644 3212 774 3275 subinde
795 3212 884 3275 barb.
908 3210 1156 3275 emendationem
1184 3232 1240 3271 vn.

152 3299 218 3362 riae
238 3297 386 3361 lectiones
406 3296 561 3359 exhibent.

233 3422 314 3485 ibid.
340 3418 390 3484 16.
441 3420 474 3483 Γ
470 3416 562 3482 trun
592 3415 687 3482 πόλιν
715 3414 896 3501 {sudines}
927 3418 1131 3501 praecipuam
1159 3414 1241 3479 banc

150 3506 365 3567 Romanorum
385 3514 519 3587 stragem
541 3504 687 3566 describit
701 3504 882 3563 Ammianus
905 3502 957 3562 tib.
979 3498 1016 3563 31
1054 3500 1094 3561 ed
1125 3520 1239 3560 annum

150 3590 291 3651 Veientis
315 3584 355 3651 14
376 3588 507 3671 assignat
526 3586 732 3669 Hieronymus
753 3587 785 3646 in
811 3584 979 3662 chronico,
1005 3584 1058 3668 qui
1080 3592 1151 3665 post
1173 3583 1238 3643 Vs.

149 3672 314 3735 lentinieni
331 3671 437 3733 {ratris
458 3681 592 3735 mortem
605 3669 743 3733 Veientis
764 3668 875 3730 tertius
896 3678 1080 3730 numeretur
1101 3665 1237 3728 aTbeo.

148 3757 274 3838 phones
296 3756 347 3818 cui
367 3776 499 3817 concors
523 3753 699 3815 Ammianus
711 3752 830 3813 scribit.
868 3754 965 3835 periit
983 3754 1038 3813 boe
1059 3751 1145 3811 exitu
1169 3748 1241 3810 Vo-

148 3842 213 3901 lens
233 3842 477 3923 qninquagesimo
507 3859 590 3899 anno
616 3838 788 3918 contigusn,
817 3856 882 3897 cum
906 3855 1080 3919 perennes
1101 3846 1240 3917 quattuor

149 3926 340 4005 imperasset,
358 3936 387 3983 et
401 3942 509 4007 paruo
531 3922 638 3983 nunus.

238 4046 308 4124 103,
332 4045 380 4109 16.
421 4045 457 4109 ἐν
475 4046 520 4131 τῷ
539 4042 702 4126 surnyee'sgs]
723 4044 987 4125 nnpbitbcntnun,
1008 4060 1071 4123 quo
1094 4040 1239 4101 venetio-

150 4150 224 4209 nes,
245 4140 279 4194 et
301 4130 464 4193 bominum
493 4152 564 4193 oum
584 4128 687 4191 bestiis
714 4148 838 4209 pugnae
868 4125 1039 4189 edebantur
1075 4130 1237 4205 xvunysion
