3050 4900
491 368 545 437 nx
571 315 832 441 munemne.
1155 370 1203 443 or

123 551 219 602 torem
242 560 394 622 qnaerm
408 538 649 607 henedictiones.
690 553 725 606 ut
747 544 1120 629 episcopusmuutlusit
1142 566 1206 609 non

39 604 40 672 l
118 646 151 685 se
180 624 298 685 hahere
321 624 468 706 pecunias
493 626 533 687 nd
559 626 765 709 mittendum,
793 630 850 691 nisi
881 630 968 691 forte
987 650 1114 713 quoque
1133 640 1207 693 utar

116 708 279 791 (inquiens)
301 730 337 769 ex
360 710 455 769 sacris
476 711 607 773 vasibus.
649 712 685 772 lit
706 734 783 794 ergo
797 733 832 775 es
853 712 914 773 hoc
935 712 1109 794 interillos,
1126 712 1207 775 Pul-

117 791 223 852 cherie
253 791 331 853 haec
350 792 532 874 ignorante,
563 814 628 854 non
648 794 788 857 modicus
809 816 945 860 maeror.
999 816 1109 858 verum
1129 797 1207 859 hueo

118 873 200 959 epud
223 872 534 957 Constantinopolim.
574 885 713 938 ceterum
726 898 821 960 penes
833 878 1050 941 Alexandriam
1073 880 1207 941 Diosco-

117 958 703 1125 tss⁰sssltmfilfl¹¹¹tstttlt
722 962 989 1107 '’tt-tlte?
1008 962 1207 1109 diffidi

117 1124 315 1187 Athanasium
341 1127 560 1211 presbyterum
585 1128 652 1188 sine
676 1090 774 1209 ctilpn
800 1127 954 1211 deposuit.
1003 1128 1081 1193 haec
1100 1113 1205 1193 nutem

116 1208 248 1270 faciebat
267 1219 373 1271 rectae
397 1209 507 1292 cyrilti
528 1210 601 1271 fidei
628 1208 821 1289 adversatus,
843 1234 914 1273 cum
937 1222 1014 1273 esset
1030 1212 1204 1275 haereticus

116 1300 200 1353 etex
223 1293 369 1353 mollibus
391 1293 512 1374 ungulis
533 1314 569 1354 ea
590 1315 672 1377 quse
696 1303 771 1357 sunt
792 1286 935 1377 Orig⁸enis
955 1299 1094 1359 sentiret.
1137 1296 1206 1357 iru-

114 1376 257 1436 scehntur
278 1383 382 1437 autem
409 1384 442 1436 et
469 1377 643 1454 Flaviano,
675 1398 713 1439 eo
746 1377 833 1459 quod
864 1378 1021 1439 modicum
1041 1379 1117 1463 quid
1137 1375 1205 1460 opis

115 1458 195 1519 henti
218 1460 381 1520 conferret
401 1459 509 1542 Cyrilli
530 1460 678 1543 cognatis.
719 1482 791 1521 eum
809 1460 942 1542 ergoCh
983 1462 1107 1543 sephius
1128 1473 1206 1525 esset

116 1542 586 1689 restituisses
608 1543 808 1689 tutus
821 1483 1059 1689 situlus
1075 1566 1207 1691 assir
1252 1628 1256 1639 ι

143 1730 240 1769 snum
260 1708 300 1769 ah
324 1710 504 1791 episcopatu
526 1670 712 1793 depelleret,
733 1712 841 1772 voleus
860 1650 1024 1794 Eutyclien
1049 1710 1204 1795 quendum

135 1812 212 1852 ,usus
246 1794 295 1851 sui
327 1792 603 1855 archimandritam
634 1794 674 1855 sd
695 1793 909 1877 episcopatum
931 1795 994 1855 eius
1017 1793 1205 1876 provehere.

115 1884 143 1934 et
162 1874 316 1960 quonium
338 1874 504 1937 Pulcheria
525 1896 573 1937 res
598 1876 702 1939 civiles
723 1877 880 1940 retinente
905 1876 983 1938 nihil
1004 1878 1111 1951 veluit,
1135 1876 1206 1958 pri-

113 1979 160 2021 mo
193 1958 365 2021 insidiatur
383 1958 544 2021 Eudocine
563 1960 744 2022 insidiarum
776 1959 842 2022 eius
875 1958 1014 2023 nondum
1046 1971 1203 2042 expertae,

116 2050 143 2103 et
162 2042 193 2102 in
214 2041 352 2103 livorem
374 2062 442 2103 eam
464 2042 590 2127 instiget
611 2053 723 2105 contra
736 2042 903 2127 proprium
918 2052 1064 2123 matrem,
1088 2055 1120 2105 ct
1142 2044 1203 2105 im-
1212 2068 1238 2121 p.
1248 2052 1300 2105 152

115 2125 205 2185 mittit
227 2126 283 2197 ei,
314 2135 350 2186 ut
371 2136 403 2186 et
423 2124 467 2185 illi
498 2126 629 2210 deroget
649 2125 733 2209 apud
754 2129 978 2209 imperatorem
998 2136 1030 2189 et
1051 2126 1143 2189 tollat
1162 2128 1203 2189 ud

114 2228 141 2268 se
158 2206 384 2290 praepositum,
405 2210 554 2290 quonium
573 2210 770 2292 praepositus
785 2209 824 2271 nd
846 2210 1080 2293 dispositionem
1095 2232 1203 2273 rerum

114 2292 355 2371 pernecessarius
383 2300 454 2353 erut
477 2292 669 2354 Pulcheriue.
718 2294 896 2375 imperator
923 2304 1026 2355 nutem
1045 2294 1084 2355 uh
1105 2316 1203 2357 uxore

114 2375 255 2437 molestiis
278 2375 431 2459 fatigatus,
450 2376 548 2436 mittit
564 2376 593 2437 ei
611 2375 715 2437 dicens
728 2380 790 2438 “ne
808 2386 840 2439 te
856 2376 917 2439 hoc
937 2376 1062 2439 tristem
1071 2376 1200 2439 reddet:

114 2461 325 2540 prsepositum
345 2458 428 2520 enim
450 2468 483 2522 te
501 2458 620 2522 hahere
640 2480 706 2520 non
731 2469 777 2522 est
799 2460 956 2542 possibile,
974 2481 1080 2542 neque
1100 2483 1202 2522 meum

112 2559 248 2604 sororem
282 2542 362 2604 hene
389 2549 423 2604 et
443 2541 547 2625 perite
570 2563 607 2602 uc
626 2543 680 2683 pie
707 2543 812 2604 omnia
831 2543 1053 2624 disponentem.
1067 2564 1124 2624 ego
1147 2565 1202 2603 re·

112 2624 213 2704 pello.”
232 2625 378 2687 inefficax
399 2647 475 2709 ergo
489 2625 629 2709 Chryssp
653 2626 698 2686 ius
717 2645 814 2705 super
828 2623 891 2685 hoc
911 2625 1038 2686 effectus
1060 2625 1098 2686 ud
1117 2623 1201 2686 aliud

112 2709 238 2770 vertitur
260 2711 519 2789 instrumentum,
541 2717 574 2771 et
593 2707 731 2792 suggerit
749 2707 912 2771 Eudociue
932 2716 969 2769 ut
989 2707 1116 2770 molesta
1138 2709 1201 2768 im-

112 2791 558 2939 tdtttttzffmtt’tt
578 2791 1199 2958 ''ttttt‘gttttt”tittetttttf

111 2956 164 3018 tius
181 2960 329 3023 Eudocia
344 2899 535 3043 ildpualori
555 2899 684 3022 idolestu
702 2959 855 3042 persuasit
867 2958 985 3022 levitnti
1006 2959 1080 3022 eins.
1101 2979 1197 3042 super

113 3059 169 3121 quo
189 3045 287 3106 iussus
311 3044 474 3106 Flavianus
495 3042 534 3105 uh
558 3043 750 3125 imperatore
769 3043 908 3104 tristatus
929 3051 975 3105 est
995 3042 1093 3121 valde,
1115 3065 1196 3126 pro.

113 3124 232 3204 spiciens
263 3127 374 3188 futuru
401 3149 438 3189 ex
468 3125 532 3188 hoc
559 3124 702 3189 scandala
733 3127 902 3190 nascitura.
956 3136 989 3188 et
1009 3126 1196 3206 imperatori

113 3207 229 3287 quidem
251 3209 454 3294 repromisit,
479 3207 665 3272 Pulcherine
691 3229 769 3271 sero
790 3207 914 3292 scripsit
934 3229 1046 3290 rogans
1067 3229 1136 3268 enm
1155 3230 1196 3270 ne

111 3289 207 3354 saltem
216 3302 293 3355 ente
305 3294 415 3356 faeiem
428 3294 492 3356 cios
503 3293 636 3371 veniret,
657 3293 718 3355 “ne
736 3295 852 3375 cognr'
873 3291 978 3375 inquit
992 3293 1105 3372 “ngere
1118 3290 1195 3374 quid

112 3393 212 3437 corum
234 3399 319 3460 quse
343 3385 377 3440 te
408 3378 624 3456 contristant?
672 3376 725 3437 illn
747 3397 823 3459 ergo
851 3395 888 3438 ex
906 3375 952 3436 his
973 3395 1054 3458 quse
1075 3377 1194 3456 scriptu

109 3454 226 3519 fuerunt
254 3461 430 3544 intelligens
457 3460 543 3546 quod
563 3457 816 3536 meditabuntur,
840 3467 873 3519 et
890 3459 1105 3540 praepositum
1125 3459 1195 3520 Eu-

110 3536 209 3604 docinc
227 3545 424 3624 transmittit,
445 3557 477 3608 et
499 3543 563 3627 ipse
576 3545 676 3606 exiens
697 3544 729 3604 in
743 3541 922 3605 Ebdomnm
935 3543 1029 3604 siluit.
1073 3563 1109 3604 ex
1131 3541 1193 3602 hoc

110 3619 205 3704 itaque
226 3625 404 3709 imperator
424 3637 458 3691 et
477 3625 617 3690 Eudocia
635 3627 727 3690 valde
754 3634 867 3688 contre
886 3627 1067 3688 Flavianum
1089 3625 1192 3686 tristes
1199 3651 1228 3705 p.
1243 3633 1294 3688 15³

109 3706 201 3768 effecti
220 3717 306 3792 sung
326 3711 412 3794 qnod
429 3733 519 3772 suum
530 3712 692 3774 revelssset
713 3718 876 3772 secretum.
917 3729 1019 3792 porro
1041 3708 1191 3770 Eusebius

108 3787 315 3869 scholasticas,
342 3796 398 3877 qui
426 3795 545 3878 primus
565 3794 742 3858 Nestorium
770 3792 982 3877 reprehendit,
1004 3791 1043 3852 ud
1067 3791 1192 3873 episco-

109 3879 209 3949 patum
238 3877 385 3939 Doriluei
413 3886 591 3960 promotus,
621 3876 715 3940 etde
740 3876 803 3940 fide
829 3898 901 3938 cum
921 3873 1064 3958 Eutyche
1083 3873 1190 3936 urchi-

109 3958 254 4044 mandritn
284 3959 462 4043 disputans,
490 3962 609 4024 invenit
631 3983 702 4024 eum
730 3980 795 4022 non
818 3968 905 4022 recta
925 3958 1113 4040 sapientem
1134 3958 1189 4042 qui

111 4055 172 4100 eum
192 4042 333 4105 multum
353 4063 548 4107 commonens
570 4046 677 4108 iuuare
698 4043 785 4105 illum
803 4042 999 4142 nequivisset,
1023 4041 1131 4105 retulit
1150 4041 1191 4104 de

110 4139 141 4179 so
160 4125 314 4188 Flaviano
336 4123 494 4210 episcopo,
515 4127 571 4211 qui
590 4127 794 4213 quadraginta
814 4144 1034 4209 episcoporum
1054 4124 1187 4186 concilio
1197 4153 1225 4208 p.
1246 4133 1298 4191 154

110 4218 292 4294 congregato
316 4207 445 4273 adducit
459 4211 633 4298 Eutychen,
652 4220 684 4275 et
697 4214 782 4274 iuxtn
795 4231 920 4274 omnem
936 4209 1189 4296 consequentiam
