3050 4900
513 315 564 378 aa
593 310 816 380 smcnao.
1062 268 1068 278 ’
1154 302 1203 374 aa
1272 264 1276 274 ’

208 481 356 547 Secundus
390 486 604 548 Romanorum
635 483 821 546 monarchus
852 483 965 544 Caesar
998 480 1241 560 Octavianus,p·
1251 487 1304 546 sn

140 568 229 652 quiet
249 575 397 652 Augustus
426 569 602 650 appellatus·
627 577 682 630 est.
739 591 756 628 a
789 567 951 629 creatione
977 565 1086 626 maadi
1109 587 1207 648 usqae

140 653 171 714 ad
189 653 299 714 initiam
323 652 409 714 tertii
444 655 573 734 Augusti
594 651 734 713 Caesaris
757 652 846 729 anni,
865 653 897 711 in
926 669 991 733 quo
1020 658 1053 711 et
1076 646 1206 710 indictio

139 735 312 818 promulgata
334 744 398 814 est,
424 735 516 798 sicuti
546 737 653 798 beatus
683 733 831 796 Maximus
852 734 884 796 iu
912 753 1057 796 sermone
1088 751 1145 794 sno
1167 731 1208 794 de

138 820 232 900 paseha
250 827 395 894 testatur,
416 819 489 880 anni
516 827 589 880 suat
609 813 704 880 5400.
761 818 873 881 Cicero
893 817 1004 878 rhetor
1027 823 1061 877 et
1079 824 1208 877 senator

138 903 236 964 Ga'r'etis
256 902 362 965 ltaliae
383 905 588 986 iuteremptus
618 911 681 975 est;
701 911 738 964 at
767 912 873 966 autem
892 901 947 963 alii
966 901 1064 978 uiuat,
1084 919 1205 963 veneno

136 1007 187 1048 sese
205 985 332 1048 necavit.

209 1093 403 1176 Principatas
424 1113 535 1156 eorum
565 1102 683 1178 septem
717 1094 771 1178 qui
794 1092 878 1174 apud
895 1093 1085 1177 Pergamum
1103 1091 1207 1188 impe·
1216 1114 1244 1171 p·
1252 1099 1306 1158 518

138 1185 273 1239 raveraat
294 1179 432 1254 cessavit,
453 1199 524 1240 cum
546 1177 746 1262 perdurasset
772 1176 832 1242 154
851 1179 947 1242 annis.

204 1291 288 1354 Sient
309 1293 340 1354 in
371 1293 555 1377 quibusdam
586 1295 702 1356 Latinis
726 1293 913 1358 editionibus
940 1295 1053 1372 fertur,
1075 1293 1114 1355 ab
1135 1292 1309 1382 ate-pesa

137 1373 237 1437 raadro
268 1397 366 1461 nsque
396 1376 436 1438 ad
462 1378 590 1464 Augusti
623 1391 769 1462 tempora
798 1380 927 1443 faemnt
957 1379 1031 1441 anni
1058 1377 1127 1462 plas
1148 1375 1209 1438 mi-

138 1479 185 1519 nas
204 1457 270 1522 300.

202 1565 386 1630 ludaeorum
405 1566 526 1650 primas
541 1590 602 1632 rex
624 1569 792 1655 alienigena
805 1568 945 1633 Herodes
967 1569 1028 1631 fuit
1045 1569 1131 1631 anais
1152 1566 1307 1648 sapsas
1330 1574 1365 1629 ts

137 1647 179 1730 qai
197 1651 358 1712 Anaailam
391 1651 565 1735 quendam,
586 1652 773 1716 ludaeorum
796 1654 851 1736 qui
882 1653 914 1713 ia
937 1653 1098 1736 Babylone
1118 1661 1211 1716 erant

133 1751 266 1795 summurn
280 1734 472 1817 pontificem,
494 1736 662 1799 accersiens
686 1738 717 1798 ia
740 1737 930 1800 Hierusalem
949 1758 1104 1798 summurn
1124 1756 1209 1820 pon.

134 1814 229 1878 tiliceua
249 1819 423 1880 constituit.
475 1828 508 1881 et
537 1819 598 1882 hoc
635 1821 734 1884 electo
754 1829 826 1903 post
853 1820 1014 1884 modicam
1046 1819 1210 1882 constituit

132 1898 329 1963 aristobulum
349 1922 502 1964 summam
513 1905 705 1984 pontificem,
728 1905 860 1967 fratrem
883 1903 987 1967 uxoris
1007 1925 1089 1981 suae,
1110 1902 1210 1964 lilium

132 1979 259 2082 Hyrcani.
312 1994 345 2049 et
372 1985 435 2047 hoe
464 1986 656 2076 interempto
678 2011 785 2053 rursus
814 1989 979 2050 Auaailum
1003 1995 1076 2071 post
1095 2007 1210 2050 aaaam

133 2077 270 2145 prorant.

136 2255 142 2269 Ι
206 2178 297 2239 dano
319 2177 428 2240 mandi
445 2175 527 2242 5500
548 2178 696 2242 devoluto
713 2189 744 2242 et
764 2178 843 2244 5501
869 2179 1039 2262 incipiente
1060 2178 1144 2240 facta
1165 2181 1306 2257 eriphio

135 2261 297 2324 racematio
321 2262 439 2323 domiui
461 2273 493 2324 et
510 2263 671 2326 salvatoris
693 2267 791 2326 nostri
813 2266 881 2326 lesu
892 2263 1018 2344 Christi,
1036 2281 1141 2324 mense
1162 2281 1213 2322 se-
1290 2301 1296 2346 t

132 2341 251 2404 caudam
270 2345 430 2408 Romanos
451 2347 584 2424 Martio,
607 2347 659 2408 die
681 2347 731 2425 25,
749 2347 919 2410 secandum
939 2345 1076 2408 divinam
1095 2344 1213 2406 editio-

131 2442 200 2499 nem,
222 2449 305 2511 quae
326 2449 386 2511 per
405 2431 532 2515 Moysen
550 2430 677 2513 prolata
705 2439 766 2509 est,
786 2433 889 2515 prima
911 2429 961 2493 die
982 2428 1092 2493 mensis
1112 2429 1214 2504 Nisae,

132 2509 178 2587 qui
200 2511 284 2594 apud
304 2514 461 2577 Hebraeos
485 2515 605 2597 primus
625 2525 748 2577 creatus
770 2523 828 2592 est,
851 2535 912 2597 qua
927 2513 1055 2575 Gabriel
1077 2511 1214 2572 archan-

129 2592 202 2671 gelas
215 2596 252 2673 ei,
277 2619 359 2679 qaae
379 2618 453 2661 vere
476 2608 522 2660 est
544 2619 581 2661 ac
601 2598 734 2680 proprie
754 2596 805 2659 dei
822 2598 968 2680 genitrix,
989 2597 1086 2657 totius
1106 2594 1215 2655 maadi

130 2677 221 2753 gaudii
243 2681 362 2741 obtulit
381 2684 549 2765 evangelia.
591 2683 636 2743 sic
656 2683 738 2757 enirn
758 2688 791 2743 et
812 2682 954 2743 vivificae
975 2678 1215 2741 resurrectionis

131 2758 184 2819 eius
205 2763 268 2825 dies
293 2764 400 2825 eadem
422 2767 524 2846 prima
544 2766 654 2831 mensis
687 2766 738 2829 die
757 2765 923 2828 concurrit
942 2763 1115 2827 secandam
1135 2782 1214 2846 apo·

131 2843 243 2906 stolicas
265 2846 461 2909 traditiones.

199 2957 355 3037 Augustas
375 2955 516 3037 pontifex
538 2956 686 3019 maximus
708 2957 851 3020 decretas
873 2968 927 3023 est.
980 2954 1121 3017 llerodes
1141 2950 1343 3035 pri-paoli
1381 2994 1387 3005 ·

129 3053 201 3096 scam
222 3039 407 3117 Samariam,
430 3060 500 3101 cam
513 3050 591 3102 esset
612 3040 741 3118 deserta,
762 3063 781 3101 a
801 3040 1010 3105 fundamentis
1032 3038 1141 3114 erexit,
1153 3038 1309 3129 Str-past
1328 3048 1364 3105 lt

129 3116 225 3181 hasten
257 3124 291 3181 in
320 3122 475 3185 honorem
503 3124 640 3186 Caesaris
671 3124 841 3186 nominans.
892 3124 1031 3187 Herodes
1061 3122 1214 3204 templum

129 3205 207 3281 quod
232 3206 457 3290 Hierosolymis
492 3215 562 3269 erat
593 3205 705 3289 duplex
726 3208 945 3273 reaedificavit.
987 3205 1126 3269 Herodes
1144 3204 1336 3288 pri-ponet

127 3302 201 3345 seam
222 3290 381 3350 Stratonis
405 3290 520 3351 turrim
543 3292 725 3353 Caesaream
741 3284 743 3295 ’
758 3292 791 3352 ia
820 3290 975 3355 honorem
1006 3290 1142 3353 Caesaris
1162 3309 1214 3348 su·

126 3370 342 3446 peraedificaas
365 3374 546 3435 nominavit
599 3375 681 3436 idern
713 3375 780 3457 ipsa
811 3375 1001 3439 ludaeorum
1021 3372 1315 3461 legisperitosp.595
1335 3380 1369 3433 11

126 3452 235 3515 oceidit
256 3466 291 3517 et
314 3456 447 3539 scriptas
469 3457 661 3542 genealogias
683 3458 831 3521 incendit.

204 3562 317 3625 lllantli
335 3586 417 3626 anno
439 3562 543 3643 5500,
574 3562 696 3628 divinae
726 3586 804 3628 vero
836 3562 1364 3645 incarnationisnnno1,p.5as12

130 3650 236 3738 pastor
256 3647 359 3709 bonus
372 3655 512 3729 pastores
523 3648 642 3746 primos
655 3648 694 3713 ad
715 3649 916 3713 ineffabilium
936 3650 1085 3712 visionem
1104 3658 1138 3711 et
1157 3668 1216 3709 aa·

129 3720 281 3791 dationem
297 3752 354 3813 per
375 3733 499 3815 angelos
521 3732 674 3797 anvruvit

202 3854 315 3917 Mundi
338 3878 434 3919 annas
449 3866 519 3919 erat
534 3856 626 3937 5501,
648 3858 756 3920 Sextus
775 3856 990 3942 Pythagoreas
1013 3839 1313 3941 philosophas-⁶⁹⁹

123 3932 270 3999 llorebat.
314 3938 402 4001 ludas
423 3941 576 4003 Galilaeus
607 3940 750 4005 adversas
766 3944 921 4006 Romanos
953 3943 1121 4004 simultates
1142 3964 1218 4026 age-

123 4036 156 4076 ra
176 4018 369 4084 hortabatur
384 4022 513 4086 ludaeos
527 4036 663 4109 propter
679 4024 931 4109 descriptionem.
975 4026 1116 4088 Herodes
1129 4046 1217 4087 mor·
1324 4096 1328 4106 p

123 4108 191 4162 tuas
213 4113 271 4181 est,
295 4127 367 4169 eam
397 4108 519 4170 vixisset
537 4110 623 4171 anais
641 4101 702 4185 70‘5
755 4110 786 4171 ui
809 4110 927 4172 ludaeis
955 4110 1063 4192 inique
1084 4109 1220 4192 impera-

127 4184 168 4247 rit
189 4190 282 4252 auais
304 4188 359 4254 37.
406 4192 464 4255 sub
494 4214 559 4278 quo
590 4202 622 4258 et
653 4134 823 4279 propletia
857 4194 952 4259 lacob
973 4195 1142 4279 adimpleta
1163 4199 1219 4255 est.
1269 4259 1271 4262 .
