3050 4900
323 374 397 454 tat
691 387 733 449 ns
760 381 1038 453 Tnnonntnnu

321 585 391 642 μιαν
409 557 740 638 κατεξουοιαζδντων’
724 585 760 622 εν
779 567 847 632 ταῖς
868 555 1100 640 ἱπποδρομίαις.
1137 558 1245 660 popuii
1252 561 1408 640 saen'oni

322 651 374 709 διιτ
397 661 571 730 potestatem
599 667 718 707 omnem
745 646 805 704 sibi
832 643 1053 705 vindicantibus
1088 644 1120 704 in
1139 647 1239 720 circo,
1274 653 1330 704 etc.
1373 652 1407 706 ei

322 731 546 809 δήμαρχος,
523 751 587 790 sne
609 724 774 826 δημάρχης
804 731 900 825 portis
920 727 1008 786 unius
1010 726 1180 828 princeps
1192 727 1258 785 tuit.
1301 727 1405 787 Simo-

321 824 402 874 cetto
426 813 477 873 tit>
498 813 611 892 8τερ.
634 809 664 872 7.
705 805 778 884 τοδς
799 801 1028 916 δηιιδρχοοςδ
1044 805 1244 904 αδτονοδτωρ
1266 808 1406 870 εἰσκαλε-

319 894 455 972 διέμενος
483 895 529 966 εἰς
549 893 587 956 τὰ
609 892 773 972 flaccino,
804 890 859 964 oisc
888 887 1048 972 διοικητάς
1077 893 1138 952 min
1163 887 1273 968 iinon
1292 887 1407 953 εἴωθεν

320 976 354 1041 τό
376 979 496 1058 πλῆθος
517 976 699 1040 ἀποκαλεῖν.
746 977 893 1074 tribunos,
930 997 1000 1058 qnos
1018 977 1142 1074 populi·
1147 975 1405 1036 administratores

320 1064 427 1157 vulgos
448 1063 631 1157 appellere
627 1061 746 1120 soliasm
764 1073 832 1157 est,
848 1063 882 1119 in
898 1059 1050 1143 palatium
1071 1059 1186 1118 accivit
1202 1061 1278 1160 imp.
1300 1059 1404 1118 Zona

325 1167 375 1208 tos
397 1147 427 1204 in
449 1145 564 1204 Phoco,
614 1135 768 1212 δίδοικᾶς
797 1136 853 1220 τὴν
879 1147 1013 1238 γυναῖκα
1032 1139 1188 1202 Λεοντίδι
1214 1135 1407 1244 Αδηοδσταν

321 1222 421 1297 εδδύς
446 1223 635 1330 irpyipeocs
657 1224 717 1285 τῶν
737 1223 846 1305 δήμιον
866 1218 1040 1302 παρδιιοον.
1082 1217 1152 1284 τότε
1172 1217 1226 1283 διδ
1248 1221 1351 1282 ciant·
1370 1225 1408 1284 ἐν

321 1301 403 1380 οἷς
386 1329 512 1371 ισταιτο
534 1307 736 1406 ἀμφιβολίας
758 1305 923 1386 γενομένης
951 1313 1016 1376 τοῖς
1029 1301 1233 1402 Πραοδνοις,
1264 1305 1407 1376 καὶτοῖς

318 1392 483 1466 Berisum,
512 1386 696 1465 στασιάζειν
714 1381 849 1486 ἤρξαντο
872 1411 929 1450 και
931 1383 1112 1484 ’ἀλλήλων
1149 1389 1280 1492 ηιδμψας
1295 1391 1333 1448 δέ
1353 1410 1406 1450 τι·

318 1495 374 1544 νας
403 1471 420 1535 δ
454 1475 566 1547 Φακᾶς
594 1467 841 1546 κατασκευάζειν
876 1469 983 1569 ανίοἴς
1013 1465 1070 1550 την
1097 1464 1208 1532 στάσιν
1235 1469 1404 1549 εἰιεχεδρει.

318 1552 385 1629 δνδς
405 1549 464 1618 oie
492 1553 548 1618 τὸν
579 1556 753 1617 σταλέντων
784 1551 837 1614 τὸν
864 1555 925 1616 τῶν
944 1555 1119 1652 Πηασινιον
1136 1549 1323 1650 ὑβρίσαντος
1333 1551 1405 1652 δή·

316 1661 464 1739 pappos,
491 1638 548 1700 καί
565 1641 673 1702 τοῦτον
694 1636 884 1717 ditissimae,
912 1631 956 1714 μη
981 1633 1153 1714 ἐνεγκόντες
1175 1629 1204 1696 oi
1225 1637 1281 1696 τοῦ
1300 1631 1405 1716 δήμου

318 1726 422 1799 τοῦτο,
443 1717 583 1822 ἔκραζον.
624 1722 786 1781 Leontium
808 1741 934 1782 uxorem
945 1721 1109 1800 Assgustarn
1127 1722 1335 1802 praesentibus
1343 1723 1406 1798 sa·

316 1771 463 1868 ettorsiisnt
481 1808 584 1866 statim
605 1805 796 1868 semmnavit.
837 1817 908 1864 tuno
933 1815 1060 1885 psopter
1077 1804 1209 1864 locorum
1229 1804 1405 1902 dignitatem

316 1891 395 1949 inter
415 1889 561 1950 Prasinos
582 1901 611 1948 et
634 1885 762 1947 Venetos
791 1897 861 1946 orta
889 1888 1075 1946 contentione
1095 1885 1271 1944 tunntituari
1292 1886 1405 1946 adin-

296 1975 415 2032 ·vicem
436 1983 609 2054 coeperint.
660 1969 841 2065 quibusdam
874 1989 948 2028 vero
976 1969 1079 2046 missis,
1101 1969 1169 2028 ioca
1189 1970 1232 2028 eis
1249 1971 1404 2050 assignate

316 2053 434 2115 Pitocas
453 2053 629 2116 conabattu.
671 2052 829 2113 missorum
851 2053 954 2133 itaque
974 2053 1114 2132 quopiam
1131 2051 1405 2126 Prasinaesactio·

315 2139 362 2196 nis
381 2136 485 2196 ducem
508 2138 650 2197 convitiis
666 2137 834 2218 excipiente
854 2155 894 2194 ac
915 2155 980 2193 eum
1001 2135 1182 2215 impellente,
1189 2136 1345 2208 factionis
1361 2135 1405 2194 il.

316 2221 374 2279 lius
394 2221 458 2278 oiri
477 2220 623 2280 iniuriam
643 2240 702 2278 non
715 2217 903 2279 tolerandam
927 2217 1000 2290 rati,
1021 2217 1269 2294 noep‘etebantnr.
1290 2218 1405 2278 factio..

314 2301 359 2362 nis
382 2303 530 2384 cuiusque
549 2302 599 2363 vir
628 2295 777 2383 δημότης,
810 2309 841 2360 et
868 2295 1052 2378 δημοιεδειν
1081 2300 1135 2382 (ηαί
1164 2319 1216 2362 eos
1247 2299 1281 2361 in
1308 2321 1404 2361 unum

319 2385 491 2468 cogebant,
522 2384 700 2447 dicebatur:
723 2381 931 2465 δημοκρατίαι
953 2381 1075 2442 tantiam
1109 2383 1197 2442 onitu
1221 2383 1406 2446 institeram

317 2478 439 2551 partem
460 2490 582 2551 pugnae
603 2466 745 2531 victoria.
786 2466 958 2566 Ptocopins
991 2467 1029 2527 de
1050 2464 1132 2527 bello
1152 2466 1274 2528 Persico
1296 2466 1349 2527 tib.
1376 2468 1405 2528 1.

314 2554 423 2636 popuii
448 2549 543 2629 δημοι
577 2555 610 2613 in
638 2550 773 2636 qualibet
799 2552 923 2609 civitate
953 2550 1171 2609 iamdudum
1159 2571 1192 2611 tn
1213 2550 1354 2611 Prasinos
1373 2564 1404 2613 et

319 2636 448 2695 Venetos
468 2634 566 2695 divisi
596 2646 685 2696 erant
713 2633 867 2713 (fullonia
888 2632 1004 2717 quidm
1025 2634 1164 2711 nomina)
1186 2654 1312 2716 qnorum
1332 2655 1406 2715 gra·

317 2722 361 2777 tia
382 2720 463 2777 inter
480 2732 669 2798 spectatores,
691 2729 720 2775 et
733 2718 880 2798 pecunias
893 2734 1029 2794 erogare,
1048 2726 1076 2773 et
1095 2736 1223 2799 corpora
1239 2718 1315 2776 diris
1335 2738 1406 2776 cru-

319 2801 445 2861 ciatibus
480 2800 632 2881 affligere,
676 2800 803 2879 demque
836 2800 1068 2879 ignominiosam
1111 2814 1247 2881 oppetere
1283 2812 1405 2859 martem

318 2905 379 2943 non
402 2882 612 2963 dedignantur.
655 2894 770 2942 certant
787 2882 865 2941 enim
882 2900 949 2939 cum
963 2884 1106 2963 opposito,
1125 2902 1184 2941 non
1204 2882 1405 2942 animadver-

320 2980 413 3024 tentes
431 2968 513 3025 cuius
542 2968 644 3065 gretia
666 2966 834 3048 periculum
864 2964 998 3023 subeant:
1032 2966 1217 3047 nasciturque
1245 2966 1307 3025 iilis
1333 2986 1404 3047 erga

314 3050 472 3132 proximos
503 3052 661 3109 tnnnicitio
691 3048 840 3130 quaedam
872 3048 957 3106 nulia
982 3045 1022 3105 de
1041 3066 1152 3125 causa,
1173 3068 1254 3144 quae
1274 3068 1330 3108 nee
1350 3070 1405 3127 ge-

318 3134 404 3206 neri,
425 3152 480 3190 nec
508 3130 717 3192 necessitudini
745 3130 804 3189 ulli
825 3132 945 3212 parcit:
975 3128 1061 3227 apud
1087 3131 1139 3190 Ιιοε
1162 3131 1403 3209 vincereflterit,

318 3218 348 3273 si
368 3234 433 3296 ηιια
452 3215 608 3295 impietate
639 3216 673 3272 in
698 3213 790 3272 deum
811 3226 950 3310 utantur-,t
970 3214 997 3271 si
1026 3226 1055 3271 et
1075 3212 1160 3293 leges,
1184 3228 1213 3273 et
1233 3234 1281 3273 nes
1296 3214 1406 3295 pubii-

318 3318 371 3357 cae
390 3297 549 3360 uiolentia
592 3299 675 3356 cuins
694 3296 812 3357 sceleris
837 3297 1002 3377 participes
1021 3316 1136 3393 quoque
1152 3298 1309 3369 faentinae
1329 3309 1405 3373 sunt,

318 3401 380 3440 non
396 3380 524 3439 solum
510 3400 587 3464 ipsos
603 3392 751 3462 sequentes
773 3378 933 3453 nicomed
946 3380 1065 3439 stanteis
1085 3381 1113 3437 si
1131 3393 1266 3461 oporteat
1284 3382 1317 3439 in
1337 3400 1407 3437 cer-

319 3478 420 3523 tamen
440 3460 664 3536 descendentes,
686 3461 824 3545 pisantvis
854 3459 971 3520 alias
959 3480 992 3519 ιιι
1021 3463 1170 3521 theatrum
1191 3482 1252 3523 non
1273 3466 1407 3529 veniant.

319 3566 412 3628 super
446 3548 552 3644 ηιιίδιιιΙ
589 3509 668 3605 uitii
696 3565 750 3625 ego
786 3545 859 3603 satis
894 3543 991 3605 tabeo
1027 3544 1148 3624 di‚cere
1177 3548 1238 3605 nisi
1270 3544 1408 3606 ιιιοιδιιιιι

319 3630 395 3688 isson
417 3650 478 3689 esse
498 3631 594 3689 αιιὶοιί
627 3648 835 3701 communem,
869 3629 921 3710 qui
942 3646 1043 3687 omnes
1064 3628 1203 3689 civitates
1223 3650 1261 3689 αε
1275 3628 1406 3712 populos

319 3714 443 3771 trtttatit.

403 3809 473 3888 97,8
498 3810 545 3873 11.
588 3804 691 3871 nitra
719 3802 901 3888 στοιχὴσας]
931 3830 1040 3889 pacem
1061 3808 1122 3870 hoc
1142 3830 1224 3870 anno
1246 3807 1409 3890 depactam

318 3894 532 3991 Theophanes,
552 3893 718 3955 tornando
729 3890 768 3954 de
783 3913 867 3973 rego.
881 3914 916 3953 oc
929 3900 1023 3974 temp.
1044 3913 1126 3955 succ.
1144 3893 1302 3955 seditionis
1315 3912 1408 3969 enno,

320 3978 375 4059 qui
399 3978 560 4060 insequens
584 3985 646 4039 oste
667 3975 862 4037 Marcellinus
884 3976 1045 4037 lastiniam
1067 3972 1096 4054 6
1132 3974 1308 4058 Procopius
1328 3976 1408 4037 Per-

319 4060 557 4289 Zeuffpppitpp
573 4058 1071 4229 aiiipiisipdi'liiiiisiitiflciiiiiisiicon
1091 4118 1351 4218 Alexandrinum,
1376 4146 1411 4201 et

355 4248 426 4289 srce
449 4247 490 4289 nn
