3050 4900
270 317 321 394 le
423 331 634 398 masrasn
665 331 860 396 ansonis
884 329 1193 398 summissum

270 519 381 584 scopus
403 497 545 564 Hcmisae
564 511 596 566 et
618 501 759 566 Silvanus
781 503 944 585 episcopus
965 503 1090 582 Gazae,
1109 503 1262 566 Lucienus
1290 525 1365 586 prc-

270 585 378 668 sbyter
398 585 600 663 Antiochiae,
632 586 787 648 Zenobiae
821 587 985 671 presbyter
1014 584 1157 665 Sidonis,
1186 587 1365 670 Pamphilus

270 669 437 752 presbyter
467 669 644 744 Caesarina,
665 679 761 754 atque
775 669 827 732 alii
856 671 1024 732 innumeri.
1067 669 1202 754 denique
1222 671 1366 744 Galerius

270 751 472 815 Maximianus
508 774 602 816 omne
632 753 797 836 praecepit
821 753 1074 816 Christianorum
1099 755 1316 818 exterminium
1337 759 1365 835 'l

271 833 349 912 lieri,
373 855 437 896 non
458 847 581 900 tantum
601 847 737 921 propter
756 838 949 920 impietatem
965 859 1052 900 suam
1073 849 1228 924 quantum
1246 839 1289 902 ob
1311 861 1364 902 ra·

270 921 377 1004 pinam
396 921 661 1003 patrimoniorum
684 922 835 1003 ipsorum.

153 1045 181 1102 p.
195 1029 262 1086 194
353 1027 457 1090 Porro
487 1029 707 1092 Constantinus
735 1037 822 1093 sexto
851 1029 975 1113 imperii
1003 1029 1051 1092 sni
1080 1049 1165 1093 auno
1187 1031 1219 1091 in
1241 1028 1365 1094 destru-

269 1111 406 1174 ctionem
429 1121 639 1198 tyrannorum
658 1114 802 1176 surrexit.
843 1115 1016 1176 Maxentius
1029 1122 1132 1177 autem
1149 1115 1190 1175 im
1215 1115 1259 1176 ius
1281 1113 1364 1176 lacto

269 1197 300 1257 in
316 1195 424 1274 llnvio,
445 1197 499 1282 qni
519 1199 604 1260 circa
625 1197 738 1261 urbem
747 1199 881 1259 Romam
894 1198 1045 1276 decurrit,
1066 1219 1102 1260 er
1115 1135 1244 1260 naaiiins
1266 1211 1365 1282 ponte

269 1291 380 1340 corstra
396 1301 542 1363 magnum
552 1282 791 1344 Constantinum
804 1283 900 1344 aciem
914 1281 1032 1366 dirigit,
1046 1281 1100 1380 ‹pri
1108 1282 1256 1344 Maxentii
1266 1303 1364 1364 pave.

268 1363 322 1424 bat
339 1363 485 1426 maleficia
506 1365 651 1446 parvulos
665 1364 832 1428 incidentis
848 1375 982 1448 propter
998 1365 1203 1428 divinationes
1221 1366 1363 1428 nefarias.

268 1467 402 1532 olimque
429 1450 460 1509 in
482 1449 684 1514 haesitatione
703 1450 801 1512 multa
825 1449 1025 1527 consisteret,
1053 1449 1202 1533 apparuit
1222 1449 1263 1528 ei,
1282 1449 1364 1512 bora

267 1543 350 1592 serta
365 1533 437 1608 diei,
452 1534 590 1615 pretiosa
612 1555 687 1596 crux
699 1555 734 1594 ex
748 1533 816 1596 lucc
836 1534 983 1612 formata,
993 1531 1109 1596 habens
1121 1534 1364 1618 superscriptio·

269 1627 341 1676 nem'
353 1617 404 1678 “in
416 1615 478 1678 hoe
489 1619 606 1690 vincc.”
628 1617 726 1680 astitit
740 1625 844 1680 autem
866 1618 895 1678 ei
908 1617 1051 1680 dominus
1073 1617 1105 1677 iu
1124 1617 1241 1680 visione
1253 1617 1364 1696 noctis,

268 1709 299 1762 et
314 1697 391 1762 dixit
400 1700 512 1764 “utare
523 1701 609 1784 quod
622 1710 777 1762 ostensam
791 1709 836 1762 est
851 1699 918 1779 tibi,
933 1710 965 1763 ct
978 1701 1096 1762 vince.’'
1108 1708 1185 1762 tunc
1197 1721 1293 1763 cruce
1305 1723 1363 1762 au.

269 1803 321 1844 rea
334 1783 478 1861 formata,
492 1807 572 1870 qnae
588 1793 633 1847 est
645 1806 742 1869 usque
755 1787 787 1847 in
795 1782 986 1847 hodiernam
997 1785 1088 1867 diem,
1102 1785 1188 1845 iussit
1199 1793 1234 1846 ut
1245 1795 1317 1847 autc
1330 1806 1364 1847 sc

266 1876 454 1948 portaretur
464 1868 494 1928 in
513 1869 652 1950 praelim
676 1871 820 1954 factaque
828 1869 1045 1952 congressione
1057 1869 1197 1951 superati
1216 1877 1289 1930 sunt
1307 1869 1364 1968 qui

266 1949 349 2012 circa
361 1952 550 2014 Maxentium
561 1953 696 2032 fuerant,
707 1951 849 2036 plurimis
861 1973 896 2014 ex
912 1953 958 2015 his
969 1951 1175 2034 interemptis.
1187 1953 1363 2016 Maxentius

266 2043 372 2096 atatem
395 2057 466 2096 cum
490 2035 618 2099 residuis
649 2039 768 2121 fugiens
788 2045 887 2118 ponte
916 2036 1021 2099 divina
1043 2036 1161 2098 virtute
1182 2035 1305 2097 discisso
1328 2037 1362 2097 in

265 2119 381 2182 {lumen
410 2119 624 2204 demergitur,
654 2119 917 2206 quemadmodum
947 2121 1071 2184 Pharao
1103 2117 1261 2202 quondam
1289 2141 1362 2181 cuns

264 2204 350 2265 omni
371 2203 529 2282 exercitu,
562 2207 604 2268 ita
635 2215 671 2268 ut
690 2206 788 2268 amnis
809 2205 924 2266 necatis
946 2204 1032 2288 equis
1054 2223 1127 2267 cum
1149 2203 1362 2265 ascensoribus

183 2309 208 2361 p.
221 2286 461 2370 wimplerctur.
506 2297 539 2349 at
559 2311 635 2352 vero
658 2289 738 2353 cives
751 2289 897 2370 Romani,
920 2291 974 2372 qui
992 2285 1075 2349 bunc
1095 2297 1307 2368 poposcerant
1325 2295 1363 2348 nt

263 2372 294 2432 in
316 2391 406 2432 suurn
430 2381 594 2458 exurgeret
619 2373 831 2452 adiutorium,
853 2395 871 2434 a
891 2372 1018 2457 maligni
1027 2369 1175 2434 Maxentii
1196 2369 1363 2457 tyrannide

262 2454 385 2517 liberati
408 2454 569 2519 civitatem
590 2467 760 2537 coronant,
790 2479 862 2520 cum
883 2456 998 2541 gaudio
1032 2454 1187 2517 victorem
1209 2456 1362 2518 Constan-

262 2538 364 2602 tinum
386 2562 447 2604 nna
461 2562 532 2602 cum
547 2541 712 2604 victoriam
724 2544 857 2605 faciente
878 2561 973 2605 cruce
991 2540 1203 2623 suscipientes,
1221 2550 1254 2630 ct
1275 2540 1362 2603 bunc

261 2621 449 2688 salvatorem
470 2646 542 2689 cum
562 2626 677 2709 gaudio
700 2627 911 2689 acclamantes.

345 2732 455 2795 Mundi
472 2756 553 2795 anno
569 2734 661 2814 5803,
672 2734 891 2797 Constantinus
902 2733 1034 2816 septimo
1048 2724 1173 2812 imperii
1195 2728 1242 2791 sni
1265 2751 1360 2808 anno,

262 2838 335 2879 cum
368 2815 473 2879 divina
506 2840 568 2901 ope
596 2820 728 2879 Romam
761 2818 961 2895 obtinuisset,
983 2823 1056 2877 ante
1086 2814 1192 2875 omnia
1222 2834 1361 2896 corpora

261 2910 443 2963 sanctorum
462 2913 637 2983 martyrum
650 2900 754 2986 colligi
779 2912 812 2965 et
825 2910 949 2963 sanctae
967 2896 1241 2983 sepultaraetradi
1264 2920 1359 2979 prae.

262 2986 356 3069 cepit.
378 2995 410 3049 et
432 2995 523 3048 erant
544 2986 676 3049 Romani
706 2984 928 3068 triumphalem
956 2982 1155 3045 festivitatem
1182 2992 1308 3064 agentes
1328 2992 1360 3043 ct

264 3067 427 3131 dominum
444 3068 662 3146 collaudantes,
684 3090 825 3131 necnon
847 3078 879 3131 ct
903 3068 1057 3130 vivificam
1081 3086 1207 3127 crucem
1230 3086 1288 3148 per
1308 3086 1358 3129 sc.

263 3160 349 3237 ptem
370 3152 434 3215 dies
457 3163 489 3216 et
507 3154 743 3216 Comtantinnm
764 3154 916 3215 victorem
941 3150 1182 3233 magnificantes.
1228 3176 1234 3203 s

348 3260 546 3325 Constantini
567 3258 685 3323 arnoll
706 3262 891 3323 Maximinus
919 3260 1000 3321 lilius
1021 3257 1150 3332 Galerii,
1172 3254 1304 3318 insiliens
1326 3266 1360 3319 ct

262 3345 386 3408 sibimet
419 3346 585 3426 imperium
608 3344 790 3419 reflectens,
818 3346 956 3425 turpiter
987 3343 1017 3403 in
1041 3340 1150 3403 Cilicia
1173 3343 1267 3401 sitam
1288 3340 1359 3401 lini.

261 3430 318 3490 vit.
361 3428 489 3491 audiens
512 3436 614 3490 autem
628 3430 828 3491 Maximianus
841 3428 986 3492 ,Galerius
1006 3434 1099 3508 pater
1118 3423 1209 3487 huius
1228 3426 1358 3486 Maxen-

262 3515 341 3575 tium
363 3512 461 3573 lslium
484 3511 623 3573 Herculii
638 3514 756 3575 Romae
778 3512 1010 3573 aCoostantino
1030 3530 1090 3593 per
1110 3509 1260 3569 virtutem
1280 3528 1358 3567 cru.

262 3600 304 3658 cis
328 3596 512 3673 odmcmum,
535 3596 651 3673 timuit,
673 3608 703 3659 et
716 3598 966 3677 persecutionem
987 3615 1081 3678 quam
1094 3592 1238 3654 adversus
1260 3591 1355 3653 Chri-

261 3682 375 3743 stiauos
396 3680 534 3762 agitabat
556 3701 674 3743 cessare
696 3681 783 3743 fecit.

344 3788 564 3850 Constantinus
595 3798 698 3851 autem
727 3789 848 3851 ‹lecimo
885 3789 1009 3871 imperii
1036 3788 1082 3849 sui
1099 3805 1180 3846 anno
1203 3806 1263 3847 nna
1285 3804 1357 3845 cum

260 3870 381 3931 Licinio
403 3872 542 3949 Caesare,
569 3873 635 3934 zelo
660 3872 710 3935 dci
734 3870 854 3949 ductus,
876 3882 976 3935 castra
996 3872 1095 3933 movit
1117 3868 1261 3931 adversus
1285 3870 1356 3929 Ma-

260 3955 426 4019 ximianum
440 3956 610 4039 Galerium,
632 3957 687 4041 qui
701 3957 1108 4021 moderabaturOrieutem
1155 3964 1186 4016 at
1204 3954 1255 4016 illc
1276 3973 1356 4014 cou-

330 4156 355 4223 *)
376 4156 574 4227 exterminium]
601 4157 688 4209 utitur
708 4156 894 4208 Tertullianus
912 4154 972 4205 adu.
991 4154 1052 4205 lud.
1068 4170 1093 4219 c.
1111 4152 1128 4203 8
1150 4160 1177 4203 et
1196 4152 1226 4201 11
1247 4157 1276 4202 et
1292 4146 1353 4201 adr.

330 4226 539 4283 Valentinianus
560 4244 581 4279 c.
605 4228 644 4285 16.
666 4227 800 4299 interpres
818 4226 951 4297 epistolae
970 4224 995 4278 S·
1012 4223 1156 4279 Barnabae.
1178 4222 1256 4276 Fara.
