3050 4900
246 356 319 437 est
395 370 605 436 anteriso
636 371 833 437 armonia
859 368 1168 437 summissum

246 543 378 625 fingeret
404 541 490 625 quod
518 542 689 605 exercitum
718 553 846 603 motura
875 552 954 602 esset
974 543 1005 601 in
1026 540 1202 603 orientales
1220 548 1336 621 partes,

247 649 286 689 eu
308 624 395 709 quod
415 625 530 687 Arehes
552 626 678 687 fuissent
702 624 844 707 egressi,
869 628 944 687 exiit
962 625 1063 687 omnis
1084 624 1186 707 regius
1205 645 1340 705 appara.

247 718 296 773 tus
316 718 412 792 atque
446 709 604 791 suppellex
639 730 738 793 usque
766 709 807 770 ad
837 709 1006 791 Malagmata
1038 717 1072 770 et
1092 708 1286 769 introeuntes
1307 707 1340 767 hi

248 792 303 877 qui
325 793 517 855 exteriorum
546 792 717 854 thematum
745 802 839 854 erant
859 800 1030 855 tenuerunt
1052 792 1174 853 arbem
1216 791 1341 851 mittens

249 884 354 943 autem
384 878 424 937 ud
452 875 701 959 ittossignificst
728 876 772 937 eis
794 876 900 938 dicens
927 874 1070 941 “mittite·
1080 874 1158 936 mihi
1177 895 1266 936 erma
1287 894 1343 935 re·

173 1010 178 1021 .
248 969 329 1023 stro:
353 980 431 1043 opus
453 960 535 1021 enim
561 960 649 1022 vohis
678 960 808 1021 balaeo)l
861 967 894 1020 st
919 959 964 1020 illi
990 959 1076 1021 stulti
1098 958 1245 1021 divinitus
1267 958 1341 1019 facti

252 1044 407 1107 dederunt
427 1064 473 1105 ea.
516 1052 590 1105 tunc
611 1042 705 1103 missis
728 1040 851 1106 familiis
868 1063 980 1105 uorum
999 1044 1032 1105 iu
1052 1064 1143 1105 naves
1163 1041 1266 1105 exules
1289 1062 1342 1103 eos

251 1126 353 1191 emisit
375 1128 413 1189 als
438 1099 534 1205 urhe,
555 1127 586 1189 io
624 1126 788 1209 propriam
810 1127 971 1210 regionem
999 1146 1098 1188 ouum
1142 1146 1275 1209 nemum
1295 1126 1344 1185 iu·

251 1212 327 1273 bens
354 1210 459 1288 abire,
490 1212 521 1272 in
547 1221 663 1294 quaet
688 1212 809 1293 genitas
836 1218 923 1271 meet
970 1220 1005 1273 et
1024 1231 1096 1271 cum
1116 1148 1237 1271 lecisset
1255 1229 1345 1269 eren·

253 1296 350 1355 eitum
369 1294 538 1377 proprium
556 1302 588 1355 ct
610 1294 768 1376 principes
786 1294 845 1354 sibi
869 1292 1131 1375 obtemperantes,
1152 1296 1218 1375 ipsa
1241 1311 1345 1354 mense

252 1378 336 1440 Maio
359 1378 473 1441 iterum
502 1378 625 1439 mittens
653 1398 712 1459 par
737 1398 863 1439 omnem
890 1376 994 1437 locum
1015 1378 1203 1439 convocavit
1221 1377 1345 1458 episco-

252 1482 319 1545 pos,
364 1483 405 1524 uo
427 1462 570 1523 venirent
592 1462 622 1523 io
642 1460 854 1523 Nicaeensium
879 1460 1039 1521 civitatem
1054 1458 1219 1544 Bithyniae
1240 1458 1280 1521 ad
1299 1460 1346 1520 ef-

253 1484 420 1607 ficiendum
455 1546 516 1607 illic
551 1544 731 1606 concilium.
781 1554 814 1605 et
836 1564 898 1625 per
927 1554 1030 1605 totum
1056 1546 1205 1605 aestivum
1226 1552 1347 1625 tempas

253 1628 436 1711 cougregati
456 1637 529 1690 suot
550 1647 657 1691 omnes
687 1626 772 1708 opud
792 1628 953 1705 Nicaeam,
982 1626 1137 1711 siquidem
1160 1647 1213 1689 eos
1233 1627 1288 1713 qni
1311 1646 1347 1687 es

253 1712 414 1775 Romanae
434 1710 514 1775 sedis
535 1721 568 1773 ct
588 1710 797 1773 Orientalium
823 1731 958 1792 pomona
989 1721 1141 1775 venerant
1161 1732 1225 1772 uon
1253 1710 1348 1772 dimi-

254 1805 350 1873 serat,
369 1794 422 1857 sed
438 1803 576 1857 retentos
594 1815 698 1855 secum
714 1793 859 1859 habehat.

341 1881 430 1939 Anno
461 1877 584 1961 imperii
609 1876 761 1939 Heirenae
782 1887 815 1939 et
841 1876 1037 1941 Constantini
1060 1886 1172 1941 octavo
1194 1878 1268 1943 exiit
1287 1878 1349 1939 Ta·

257 1960 354 2024 rusius
373 1960 577 2023 sanctissimus
611 1960 862 2043 archiepiscopus
891 1960 1205 2045 Constantinopoleos
1235 1961 1266 2026 iu
1295 1961 1351 2023 Ni.

163 2055 248 2129 ΜΗ
258 2046 394 2108 censium
416 2044 591 2121 civitatem,
624 2052 656 2105 et
677 2046 833 2107 celebrata
854 2056 903 2107 cst
922 2054 1029 2107 sancta
1050 2055 1083 2106 et
1104 2045 1282 2109 universalis
1303 2066 1351 2107 se·

259 2128 359 2216 ptimo
379 2128 514 2213 synodus
534 2128 767 2211 episcoporum,
787 2137 820 2191 et
834 2129 954 2211 recepit
966 2126 1120 2190 catholica
1135 2129 1262 2193 ecclesia
1282 2128 1351 2212 pri·

258 2232 345 2275 scum
369 2222 592 2275 ornamentum
613 2232 713 2290 suum,
735 2209 778 2273 nil
802 2234 918 2273 novum
940 2210 1132 2293 praedicans,
1152 2210 1205 2275 sed
1226 2219 1353 2275 saucto-

261 2318 333 2357 rum
356 2304 388 2357 et
415 2294 583 2357 beatorum
637 2302 741 2357 atrum
770 2294 916 2377 dogmata
945 2295 1072 2360 immota
1101 2294 1276 2359 custodiens
1288 2338 1301 2374 ,
1322 2302 1355 2358 et

260 2377 546 2468 novam'hoeresim
566 2316 721 2458 abdicans,
743 2388 867 2462 tresque
884 2380 973 2441 salsos
988 2379 1163 2441 nominatos
1180 2376 1356 2464 patrirchas

262 2463 546 2542 anathematizans,
571 2464 764 2527 Anastasium
785 2463 931 2527 videlicet
953 2461 1190 2526 Constantinum
1210 2473 1243 2526 et
1261 2465 1357 2528 llice·

262 2556 337 2625 tam,
357 2555 452 2630 atque
471 2569 576 2611 omnes
596 2556 819 2610 consentaneos
835 2569 955 2609 corum.
998 2549 1081 2610 facte
1102 2557 1266 2612 astantem
1286 2548 1357 2629 pri.
1445 2578 1449 2587 ·

262 2654 312 2692 ma
337 2630 503 2693 conventio
524 2652 562 2693 ac
581 2631 672 2692 sessio
695 2631 917 2712 episcoporum
949 2629 981 2690 in
1003 2630 1130 2694 ecclesia
1149 2629 1356 2697 catholicas.

262 2713 401 2798 Sophiae
423 2713 575 2776 Nicaenae
601 2713 732 2774 civitatis
765 2713 877 2796 quinto
902 2711 968 2774 idus
989 2713 1159 2778 Octobrias
1179 2713 1358 2778 indictionis

263 2797 456 2859 undecimae.
499 2805 531 2858 et
546 2794 736 2858 Novembrio
749 2817 854 2857 mense
876 2784 1003 2878 ingressi
1017 2806 1091 2860 suot
1111 2818 1218 2864 omues
1240 2799 1359 2882 regiam

263 2881 393 2955 urbem,
415 2887 448 2940 et
474 2877 723 2964 praesidentibus
753 2879 997 2965 imperatoribus
1026 2903 1087 2942 uua
1108 2902 1180 2945 cum
1203 2880 1359 2966 episcopis

264 2963 296 3025 in
320 2965 491 3044 Magoaura
511 2963 609 3024 lectus
631 2970 677 3024 est
698 2969 818 3041 tomus,
842 2971 873 3024 et
895 2963 1078 3048 subscripsit
1098 2973 1163 3028 tam
1185 2966 1360 3049 imperetur

263 3068 358 3132 quam
380 3054 481 3108 mater
505 3045 579 3122 citu,
605 3045 761 3108 firmantes
782 3045 1112 3129 pietatemsecuodum
1140 3049 1270 3133 entique
1298 3046 1361 3110 do.

262 3140 376 3214 granta,
403 3150 501 3212 opera
526 3129 722 3192 sacerdotum
743 3129 869 3208 honori,
891 3141 923 3194 et
945 3131 1129 3196 dimiserunt
1147 3153 1209 3210 eos,
1230 3143 1263 3196 et
1283 3151 1361 3214 pace

263 3215 365 3298 potita
389 3221 435 3276 est
457 3212 584 3278 ecclesia
609 3211 669 3289 dei,
691 3235 879 3300 quamquam
893 3214 1034 3278 inimicus
1054 3215 1171 3278 zizania
1191 3217 1223 3278 io
1245 3236 1361 3299 opera·

264 3297 402 3360 tionibus
431 3297 491 3358 suis
511 3295 664 3362 seminare
697 3319 760 3358 uon
795 3309 903 3364 cesset.
942 3297 997 3362 sed
1017 3299 1145 3364 ecclesia
1166 3298 1216 3364 dei
1238 3317 1362 3382 semper

265 3379 447 3466 impugnata
465 3377 651 3462 triumphat

350 3481 440 3541 Anno
460 3477 586 3563 imperii
608 3480 656 3545 sui
678 3499 765 3542 nouo
785 3481 921 3552 Heirene
950 3480 1142 3565 imperatris,
1161 3503 1240 3566 pnes
1261 3484 1363 3546 soluta

129 3570 222 3646 pttss
240 3563 402 3625 uinciendi
424 3583 497 3629 oum
516 3563 646 3626 Francis
667 3565 819 3648 nuptiales
843 3575 1044 3646 contractus,
1066 3566 1181 3631 direxit
1192 3564 1363 3649 Theopha-

266 3669 339 3710 nem
359 3647 650 3730 protospatharium
670 3657 702 3710 et
721 3647 850 3712 abduxit
874 3648 1006 3732 puellam
1028 3672 1065 3713 er
1089 3649 1278 3714 Armeniacis
1301 3670 1362 3712 no.

266 3729 352 3792 mine
373 3731 506 3794 Mariam
529 3731 568 3792 ah
591 3731 713 3810 Amnis,
734 3739 768 3792 et
788 3731 888 3794 iunxit
914 3753 983 3794 eam
1003 3733 1208 3798 Constantino
1229 3735 1364 3816 impers-

267 3815 332 3876 tori
353 3823 385 3878 et
406 3814 471 3877 lilio
493 3835 561 3892 suo,
583 3836 655 3876 cum
678 3813 741 3895 ipse
754 3815 889 3878 multum
901 3819 1082 3880 tristaretur
1097 3829 1136 3881 et
1153 3819 1262 3896 nollet,
1283 3837 1364 3902 pro.

267 3907 341 3984 pter
362 3897 509 3966 allectum
539 3918 603 3986 quo
626 3919 699 3981 erga
722 3898 828 3960 Caroli
856 3899 953 3961 filiam
979 3903 1179 3966 Francorum
1201 3903 1282 3988 regis
1305 3899 1364 3969 lla.

211 3995 215 4004 '
268 3983 390 4066 prebat,
414 4003 508 4066 quam
535 3981 652 4043 scilicet
673 3991 761 4043 antee
785 3983 1034 4064 desponsaverat.
1080 3995 1111 4047 et
1130 4005 1367 4048 consummare·

268 4075 344 4128 runt
366 4066 488 4147 nuptias
508 4066 573 4128 eius
591 4067 914 4129 vrrsouseNorembrio
945 4068 1119 4131 indictionis
1148 4068 1364 4132 duodecimae.

269 4150 388 4215 interea
410 4149 545 4216 Heireoa
564 4149 648 4212 misit
666 4150 815 4216 loannem
837 4149 1039 4217 &acherium
1061 4163 1094 4216 st
1112 4153 1307 4237 logothetam
1331 4151 1364 4212 io

268 4231 541 4317 Langobardiom,
576 4254 637 4296 uua
667 4255 741 4296 cum
776 4233 945 4298 Theodoto
979 4233 1098 4299 dodum
1127 4256 1203 4322 rege
1234 4233 1364 4300 miens
