3050 4900
534 327 587 394 EX
609 325 868 392 moranum
1186 321 1233 392 91

149 495 278 572 laralar,
298 491 507 578 fiduciamque
532 503 653 559 tantam
674 495 759 580 apud
790 496 1013 579 imperatorem
1040 493 1170 558 baberet
1202 503 1238 558 ut

149 580 243 644 etiam
263 581 413 642 Seuerum
433 577 633 676 praeciperet
647 579 760 642 eiiciet
781 579 934 642 interimi:
955 579 1043 640 nimis
1063 581 1147 641 enim
1168 586 1238 642 erat

148 661 342 726 orthodoxus
351 662 533 729 Vitalianus.
575 685 639 748 quo
662 662 770 726 audito
790 665 922 726 Severus
943 662 1032 746 fugit,
1054 673 1086 724 et
1103 664 1238 724 lulianus

149 745 330 808 blicurnassi
358 746 531 829 episcopus·
580 749 756 831 Aegyptum
782 749 939 823 abeuntes,
960 745 1041 811 hanc
1065 747 1237 812 conturba.

148 839 279 908 rerunt,
300 851 475 894 sermonem
502 831 542 893 de
561 831 762 914 corruptibili
790 840 822 894 et
840 829 1074 912 incorruptibili
1095 851 1238 892 commo.

149 923 264 990 rentes,
286 913 360 974 dum
382 912 585 976 Alexandriae
594 914 765 977 Dioscorus
786 923 863 980 esset
883 915 1054 997 episcopus.
1097 912 1238 996 episcopi

150 1007 253 1058 autem
275 1003 307 1058 et
326 996 432 1058 elerici
453 999 584 1060 Romam
604 998 759 1060 venientes
770 1043 781 1076 ,
802 997 989 1061 auctoritate
1008 997 1047 1059 ab
1069 997 1237 1058 Hormisda

150 1083 291 1142 Romano
313 1080 461 1162 episcopo
481 1081 584 1144 studio
606 1081 754 1144 Vitaliani
775 1091 943 1164 percepta,
962 1101 1033 1143 oum
1062 1081 1164 1142 adhuc
1187 1079 1336 1158 ari-pust

150 1171 238 1224 reret
261 1165 389 1226 loannes
413 1165 580 1246 Cappadox
600 1164 1142 1248 episcopusConstantinopolitanus,
1164 1184 1237 1224 sau.

150 1255 230 1308 ctam
261 1245 541 1310 chalcedonensem
573 1247 726 1330 synodum
754 1247 787 1310 in
817 1247 970 1332 diptychis
1000 1246 1237 1326 ordinaverunt,

151 1351 212 1390 una
234 1351 307 1390 cum
326 1329 393 1392 aliis
412 1332 505 1394 sacris
528 1332 624 1393 tribus
646 1331 794 1393 conciliis.
835 1354 906 1393 cum
923 1352 1000 1393 vero
1021 1333 1153 1394 Severus
1175 1330 1237 1390 im.

150 1412 219 1496 pius
241 1415 312 1496 fuge
333 1413 433 1495 lapsus
454 1423 531 1476 esset
551 1417 691 1494 effectus,
710 1415 824 1477 Paulus
845 1425 1041 1477 consecratus
1061 1424 1106 1474 est
1125 1415 1238 1474 Antio·
1289 1407 1297 1428 '

150 1497 249 1573 chiae,
271 1504 303 1558 et
323 1495 452 1558 donarit
468 1497 643 1581 imperator
668 1499 786 1562 civitati
807 1497 1018 1560 Antiochense
1037 1497 1120 1558 mille
1142 1497 1236 1557 libras

121 1623 127 1636 .
150 1581 231 1640 auri.
271 1579 326 1642 sed
347 1589 379 1642 et
397 1580 507 1642 ceteris
530 1582 658 1644 urbibus
679 1581 928 1644 benevolentiam
955 1580 1130 1662 praestitit,
1152 1579 1237 1640 iubi-

150 1662 226 1724 bens
271 1684 375 1745 unque
396 1671 429 1726 et
450 1664 587 1746 publicas
602 1666 865 1746 perturbationes.
907 1663 1159 1738 Xenaiamvero,
1181 1661 1238 1744 qui

150 1756 183 1807 et
203 1685 388 1808 Philoxenus
409 1746 582 1824 dicebatur,
602 1748 782 1834 episcopum
794 1748 976 1830 ierapoleos,
994 1769 1066 1810 curn
1078 1754 1154 1808 esset
1168 1746 1238 1806 Ma.

150 1829 304 1904 nichaeus,
323 1839 356 1892 et
373 1829 503 1892 Petrum
526 1831 673 1914 Apamiae
702 1853 775 1894 cum
798 1831 940 1894 omnibus
973 1831 1067 1914 ipsius
1098 1827 1238 1892 maculae

150 1911 355 1994 participibus
386 1913 475 1975 exilio
498 1915 658 1998 relegavit.
712 1916 871 1978 revocavit
892 1924 996 1978 autern
1016 1935 1122 1976 omues
1142 1921 1237 1996 quot·

150 2003 229 2078 quot
251 1995 360 2058 iniuste
380 1997 505 2060 fuerant
532 1999 570 2060 ab
593 1999 748 2060 Anastasio
784 2000 883 2061 exules
914 1993 1101 2061 constituti(
1127 1993 1181 2058 sed
1205 1998 1339 2069 eunuco

149 2082 325 2161 Appiouem
345 2080 530 2161 patricium,
550 2103 642 2165 quem
666 2081 696 2142 in
715 2081 850 2144 Nicaeae
869 2082 995 2145 civitate
1015 2081 1046 2142 in
1069 2079 1237 2224 presbpte.

149 2183 221 2222 rum
242 2174 497 2242 consecraverat,
522 2187 677 2250 quemque
697 2165 887 2247 imperator,
909 2175 946 2226 ut
965 2186 1075 2228 revera
1094 2183 1157 2245 pru
1179 2185 1235 2224 en-

150 2254 223 2324 tem,
244 2245 438 2328 praelectum
461 2247 534 2310 lecit
559 2248 804 2331 praetoriorum.
853 2250 995 2334 sequenti
1028 2255 1133 2310 antem
1153 2266 1235 2307 anno

153 2329 268 2390 loanne
289 2329 505 2412 Cappadociae
532 2330 881 2414 Constantinopolitano
898 2335 1046 2416 episcopo
1078 2327 1239 2407 defuncto,

151 2409 340 2495 Epiphanius
359 2415 524 2500 presbyter
544 2415 637 2497 ipsius
659 2415 804 2477 ecclesiae
824 2426 920 2499 atque
938 2415 1089 2500 syncellus
1109 2434 1238 2496 promo·

152 2505 201 2557 tus
223 2504 285 2568 est;
305 2496 447 2561 similiter
468 2509 500 2561 et
522 2498 690 2561 Hormisda
720 2502 865 2561 Romano
900 2499 1079 2562 dormiente
1109 2500 1239 2559 loannes

150 2578 364 2662 episcopatum
386 2581 529 2666 suscepit.

233 2678 344 2741 Tertio
369 2682 475 2743 lustini
503 2680 655 2765 principis
677 2702 781 2760 anno,
802 2678 885 2743 hello
907 2687 995 2741 moto
1017 2677 1102 2741 iuter
1120 2677 1374 2749 Roma-possa

148 2782 206 2823 nos
226 2772 259 2823 et
280 2763 399 2842 Persas,
418 2766 501 2827 misit
521 2763 603 2827 idem
621 2766 750 2827 lustinus
772 2764 889 2847 legatos
910 2771 942 2829 et
963 2784 1093 2825 munera
1116 2761 1156 2823 ad
1178 2763 1239 2824 Ze-

151 2842 253 2907 licbeu
276 2867 381 2929 regem
404 2848 610 2923 Hunnorum
637 2857 670 2913 et
693 2847 873 2931 repromisit
902 2868 975 2908 cum
1003 2846 1183 2909 iuramentis
1207 2866 1239 2914 se
1335 2866 1340 2886 ¹

150 2928 336 3010 imperatori
361 2940 473 2993 contra
493 2930 600 2994 Persas
629 2931 775 2993 auxilium
802 2939 1043 3015 praestaturum.
1094 2930 1240 3006 mittente

147 3021 254 3073 autem
274 3022 307 3075 et
327 3013 453 3077 Cabnde
476 3015 656 3097 repromisit
675 3026 708 3077 et
725 3013 793 3099 ipsi.
842 3016 904 3076 hoc
923 3034 995 3078 saue
1015 3013 1148 3076 lustinus
1170 3012 1240 3075 edi-

148 3114 235 3155 scens
253 3096 391 3160 tristatus
413 3108 459 3161 est
478 3098 577 3160 valde.
655 3118 732 3161 orro
766 3098 879 3161 direxit
908 3096 1082 3161 ad.Persas
1102 3096 1240 3158 Zelicbes

148 3176 259 3260 uiginti
284 3181 369 3242 milia
392 3180 431 3244 ad
463 3119 698 3265 expugnandum
730 3182 894 3245 Romanos.
948 3187 982 3242 at
1007 3200 1085 3241 varo
1107 3178 1239 3241 lustinus

148 3260 315 3324 destinavit
344 3264 461 3327 Cabadi
487 3266 554 3327 rei
585 3266 753 3328 Persarum
779 3266 965 3351 legationem
996 3284 1058 3361 pro
1088 3284 1186 3361 pace,
1208 3271 1241 3324 et

148 3345 238 3427 qnasi
253 3366 347 3430 super
368 3347 429 3409 nlio
453 3288 589 3447 quodam
608 3350 744 3411 scribens
764 3351 857 3411 etiam
880 3347 919 3409 dc
940 3346 1064 3409 Zebcbe
1083 3346 1239 3431 signitica-

146 3429 206 3506 vit,
230 3428 303 3512 quia
329 3432 542 3513 opitulationis
571 3434 745 3497 iuramenta
775 3454 847 3495 cum
867 3432 1013 3495 Romanis
1037 3429 1143 3514 habet,
1165 3428 1239 3513 quia

145 3518 183 3573 ct
203 3532 334 3575 munera
357 3515 478 3599 accepit
498 3516 617 3596 multa,
647 3524 679 3578 et
700 3515 769 3577 vult
797 3513 946 3601 proditor
964 3515 1131 3578 Persarum
1151 3512 1240 3591 fieri,

145 3600 183 3655 et
202 3594 279 3678 qnia
301 3606 430 3681 oportet
443 3620 510 3673 uos,
534 3620 604 3661 cum
624 3599 716 3662 simus
730 3600 855 3676 fratres,
877 3598 917 3660 ad
930 3597 1096 3663 amicitiam
1116 3596 1238 3675 venire,

145 3683 184 3738 et
206 3698 308 3741 nona
333 3684 458 3745 canibus
490 3682 552 3745 istis
584 3682 683 3745 illudi.
734 3693 810 3745 tunc
836 3680 973 3745 moade
1002 3680 1171 3747 accersiens
1189 3700 1239 3741 se-

144 3768 238 3824 creto
260 3762 416 3843 Zelicben,
436 3765 605 3829 sciscitatus
629 3773 674 3830 est
695 3764 719 3827 si
740 3766 906 3848 accepisset
925 3788 942 3827 a
962 3764 1107 3826 Romanis
1126 3783 1240 3825 muue-

145 3864 196 3923 ra,
218 3844 362 3909 hortatus
385 3848 528 3911 adversus
564 3850 694 3929 Persas3
725 3848 781 3937 qui
810 3848 888 3910 dixit
905 3848 1050 3911 “etiam'’
1092 3854 1124 3908 et
1143 3844 1240 3908 iratus

145 3925 289 3992 Cabades
312 3932 431 3994 occidit
453 3954 535 4007 eum,
557 3940 589 3995 et
608 3942 807 4017 pernoctem
828 3934 917 3993 missa
937 3926 1138 3992 multitudiue
1159 3929 1240 3993 Per.

143 4030 255 4073 aarum
274 4014 431 4078 interfecit
452 4016 604 4100 populum
636 4016 716 4095 eius,
735 4016 905 4100 suspicatus
957 4012 1022 4075 uod
1041 4014 1115 4076 dolo
1137 4013 1239 4075 reni&

143 4104 216 4157 aeut
235 4094 276 4159 ad
298 4096 403 4179 illum;
423 4108 583 4184 quotquot
609 4111 711 4163 autem
743 4108 920 4184 potuerunt
935 4036 1055 4181 ingere,
1078 4094 1240 4161 redierunt

144 4176 189 4239 ad
206 4180 348 4265 propria.
389 4193 553 4267 praeterea
574 4182 762 4271 Euphrasius
773 4180 983 4251 Antiochensis
1006 4178 1237 4249 Chalcedonen-
1246 4192 1274 4251 1³·
1286 4176 1340 4233 2⁵⁸
1356 4176 1376 4232 ⁸
