3050 4900
285 282 334 360 tt
448 297 660 364 anastasii
691 299 888 366 maroam
912 299 1222 366 ammissum

285 469 326 534 do
348 477 379 532 et
402 467 611 554 opprimendo
633 479 729 556 atque
749 469 945 535 Christianos
959 471 1133 535 occidendo
1153 471 1283 536 minime
1305 475 1381 558 qui.

284 553 415 616 arcebat.
459 553 532 615 huic
547 575 611 636 per
632 554 751 618 litteras
774 556 995 618 Constantinus
1015 556 1124 619 iubens
1140 560 1183 618 ab
1202 555 1381 618 huiusmodi

284 636 407 698 vesania
433 635 650 714 recedendum,
672 659 869 724 nequaquam
887 639 1089 721 compescuit
1140 640 1214 701 binc
1233 642 1327 702 etiam
1348 649 1382 704 et

284 718 402 782 Basilea
423 740 440 781 e
464 721 604 802 iscopum
625 721 782 803 Amasiac,
803 733 837 786 et
865 728 902 785 ut
922 722 1050 808 quidam
1071 723 1169 802 aiunt,
1192 723 1286 786 etiarn
1307 745 1380 785 san.

283 741 581 948 ctosfquadraginta
610 815 767 891 martyres
789 817 821 870 et
843 807 919 871 alios
940 809 1055 870 multos
1074 807 1159 870 finiri
1181 808 1381 891 persnppli.

284 887 334 950 cia
368 887 440 955 ecit.

368 995 462 1058 Sexto
492 992 613 1058 decima
640 1015 723 1058 anno
753 997 877 1080 imperii
899 997 1097 1060 Constantini
1120 998 1211 1060 Arios
1232 999 1273 1060 ab
1294 999 1381 1062 insa.

285 1075 337 1140 nia
359 1079 595 1163 cognominatus
617 1079 701 1162 apud
716 1078 930 1144 Alexandriam
954 1080 1205 1144 baeresimsnam
1225 1083 1256 1142 in
1278 1083 1381 1144 eccle.

206 1158 327 1228 attala
346 1162 554 1224 manifestavit
575 1171 606 1225 et
624 1163 753 1226 schisma
774 1174 924 1247 operatus
938 1173 994 1241 est,
1018 1175 1211 1246 cooperante
1230 1166 1289 1227 sibi
1309 1188 1380 1227 maa

284 1247 370 1328 ligno
393 1243 591 1324 adversario,
614 1247 668 1330 qni
689 1269 752 1309 nnn
782 1249 846 1310 fert
864 1248 972 1311 ridere
993 1269 1105 1331 pacem
1131 1249 1288 1312 ecelesiae.
1330 1252 1380 1310 fa.

284 1337 352 1390 ctas
375 1339 545 1393 astantem
568 1339 601 1391 et
622 1337 728 1393 terrae
757 1342 862 1394 motus
885 1330 1088 1394 Alexandriae
1107 1331 1315 1414 gravissimus,
1335 1333 1381 1396 ita

285 1418 320 1474 ut
341 1412 491 1476 cademot
513 1411 623 1476 domas
645 1414 763 1498 mtdtae
783 1437 822 1478 ac
841 1417 978 1498 popnlas
998 1414 1151 1498 plurimus
1170 1415 1325 1478 interiret.

365 1521 505 1606 Septimo
527 1521 649 1585 decimo
670 1521 794 1606 imperii
815 1524 862 1587 sni
882 1544 964 1585 anno
982 1523 1202 1586 Constantinus
1215 1531 1379 1606 comperta

286 1606 352 1669 arii
374 1603 585 1669 commotione
607 1603 696 1670 valde
716 1607 884 1670 tribulatus
903 1609 1030 1690 scripsit
1049 1607 1226 1670 Alexandro
1249 1617 1283 1668 et
1302 1608 1380 1670 llrio

285 1711 482 1752 communem
507 1689 679 1772 epistolam,
703 1690 866 1754 consilinm
886 1691 960 1752 dans
980 1711 1115 1776 nequam
1136 1691 1381 1754 commotionem

284 1771 422 1836 solvendi
448 1783 481 1834 et
508 1771 547 1834 ad
574 1793 684 1856 pacem
710 1784 851 1837 mutuam
876 1773 1037 1838 redeundi.
1098 1776 1183 1838 misit
1214 1783 1318 1837 antem
1347 1785 1381 1837 et

285 1857 394 1918 Osium
425 1857 609 1940 episcopum
638 1856 807 1922 Cordubae
833 1858 1050 1921 Alexandriam
1079 1867 1192 1920 contra
1218 1860 1328 1920 Arium
1346 1867 1382 1920 et

162 1979 167 1994 ι
284 1939 521 2018 adorientem,
544 1949 747 2004 correcturus
770 1942 946 2004 Orientalcs
970 1942 1192 2026 pascba'peius
1214 1963 1308 2025 qnam
1326 1944 1380 2002 ln.

283 2022 352 2085 daei
376 2045 412 2084 cx
435 2027 564 2108 antiqua
585 2023 808 2089 consuetudine
823 2027 1024 2088 celebrantes.
1047 2047 1189 2088 reversus
1207 2034 1253 2087 est
1273 2035 1380 2087 autern

263 2105 323 2192 'ad
345 2113 516 2189 utrumque
537 2107 687 2170 inefficax.
740 2109 805 2172 hoc
824 2111 920 2172 etiam
948 2132 1030 2172 aano
1052 2109 1271 2172 Constantinus
1294 2110 1381 2173 Con·

284 2197 416 2254 stantem
438 2190 536 2254 lilitnn
557 2211 647 2254 sunm
669 2193 829 2256 caesarem
850 2193 925 2257 fecit
945 2201 978 2255 et
998 2193 1083 2256 misit
1102 2194 1134 2254 in
1154 2192 1281 2256 Gallias·

368 2315 492 2378 Octavo
512 2315 634 2380 decimo
652 2337 724 2382 sane
746 2319 871 2403 imperii
890 2319 938 2380 sui
951 2339 1046 2396 anno,
1070 2326 1106 2380 nt
1118 2315 1245 2400 qnidam
1259 2314 1380 2396 dicant,

284 2397 504 2465 Constantinus
525 2421 596 2465 cum
619 2402 730 2486 Crispo
754 2402 819 2466 filio
842 2425 899 2466 suo
919 2403 1038 2467 Romae
1061 2423 1079 2464 a
1100 2401 1250 2463 Silvestro
1272 2399 1379 2483 bapti.

283 2496 369 2548 ratas
390 2495 445 2551 est.
489 2494 650 2571 quotquot
670 2488 753 2550 enim
775 2487 806 2549 in
826 2488 943 2551 seniori
962 2489 1062 2550 Roma
1082 2486 1256 2547 consistunt
1277 2505 1377 2569 usque

283 2566 399 2649 hodie,
420 2568 639 2651 baptisterium
665 2569 784 2633 habent
805 2570 837 2632 in
858 2571 1088 2647 testimonium,
1109 2570 1259 2654 quoniam
1279 2588 1298 2629 a
1318 2568 1380 2629 Sil.

203 2656 388 2722 petrano
401 2654 520 2715 Romae
539 2653 713 2735 baptizatas
736 2662 783 2715 est
802 2664 876 2736 post
890 2662 1098 2737 tyrannorum
1119 2650 1380 2736 peremptionem.

286 2736 461 2797 Orientalcs
485 2744 587 2797 antem
610 2737 694 2816 apud
706 2736 919 2798 Nicomediam
939 2737 1028 2799 aiant
1049 2758 1121 2799 eum
1141 2737 1226 2799 circa
1243 2744 1381 2796 mortem

286 2818 326 2879 ab
345 2818 480 2879 Eusebio
501 2818 726 2881 Nicomediensi
748 2820 864 2881 Ariana
885 2820 1094 2903 baptisatam,
1116 2820 1169 2882 ubi
1194 2830 1228 2883 et
1247 2818 1382 2899 contigit

286 2924 358 2965 cum
379 2900 551 2965 dormisset
587 2900 750 2965 differebat
782 2904 882 2980 enim,
905 2904 1062 2989 inquiunt,
1082 2904 1289 2985 baptismum,
1311 2922 1381 2983 spc-

287 3006 359 3049 rans
381 2984 411 3045 in
438 2984 571 3046 lordanc
598 2982 727 3047 flumine
756 2986 922 3069 baptisari.
974 2986 1176 3049 milsi'antem
1197 2987 1299 3048 verius
1321 3006 1380 3066 ap-

286 3077 379 3152 parot
400 3069 486 3153 quod
508 3070 626 3131 Romae
649 3094 666 3130 a
687 3069 948 3133 Silvestrosaerit
960 3071 1143 3152 baptisatus,
1162 3079 1195 3132 et
1214 3068 1301 3151 quod
1320 3088 1382 3129 no.

285 3154 421 3216 minatae
451 3151 713 3231 Constitutiones,
736 3176 817 3236 quae
848 3155 887 3215 ad
917 3154 1122 3216 Melclsiadem
1149 3154 1317 3230 feruntur,
1340 3152 1382 3213 ab

285 3236 409 3299 Arianis
428 3236 518 3298 lictae
541 3236 612 3310 sint,
634 3236 689 3320 qui
710 3236 841 3320 gloriam
865 3239 937 3299 binc
958 3239 1015 3300 sibi
1039 3240 1184 3300 festinant
1205 3237 1381 3319 acquirere,

285 3320 335 3381 vcl
356 3319 449 3381 etiam
470 3319 639 3400 piissimum
661 3320 838 3404 principem
856 3322 1009 3400 lacerare,
1031 3322 1106 3383 dum
1126 3320 1244 3382 scilicet
1263 3341 1298 3381 ex
1319 3318 1383 3380 boc

288 3402 397 3465 volunt
418 3424 489 3464 eum
511 3424 575 3465 non
593 3404 787 3487 baptizatum
805 3407 980 3483 ostendere,
999 3403 1085 3489 qaod
1099 3412 1144 3467 est
1165 3401 1383 3465 irrationabile

288 3496 384 3569 atquc
408 3486 607 3549 salsissimam.
651 3488 676 3548 si
698 3489 781 3552 enim
805 3510 868 3551 non
893 3500 963 3552 crat
985 3490 1017 3551 in
1032 3490 1164 3551 Nicaena
1184 3486 1306 3570 synodo
1325 3486 1383 3547 ba-

289 3571 430 3652 ptizatm,
453 3591 528 3653 ergo
552 3592 608 3633 nec
640 3569 818 3634 divinorum
839 3574 1049 3656 participator
1072 3572 1304 3657 mysteriorum,
1324 3588 1383 3631 nac

289 3654 402 3735 orabat
420 3655 623 3742 cumlsanctis
644 3658 797 3737 patribus,
813 3658 898 3740 quod
921 3658 1139 3740 nequissimum
1160 3664 1206 3717 est
1225 3662 1257 3715 et
1277 3650 1384 3715 (licere

289 3748 319 3799 et
340 3738 465 3800 sentire.
508 3737 635 3823 quidam
658 3760 734 3801 vero
751 3741 943 3802 atrianorum
968 3752 1063 3824 atquc
1079 3758 1273 3831 pagqaorum
1294 3735 1383 3820 quasi

247 3870 249 3875 .
289 3822 398 3902 spurio
418 3843 530 3905 magno
551 3820 950 3902 detrabunt-Constantino,
973 3846 1152 3907 quanquam
1174 3831 1206 3883 ct
1218 3821 1275 3902 ipsi
1296 3841 1383 3881 men-

291 3906 420 3967 tiantur.
463 3906 644 4050 genealogia
664 3908 746 3968 enim
767 3908 832 3969 eins
853 3908 939 3991 regia
961 3916 1040 3984 erat,
1064 3918 1096 3968 et
1116 3914 1283 3988 antequam
1304 3902 1384 3964 Dio-

265 3986 439 4051 'cletianus
464 4002 549 4053 essct.
619 3990 792 4053 cnstantius
814 3992 897 4053 enim
911 4004 1004 4073 pater
1021 3992 1086 4053 eius
1104 3988 1270 4070 neposluit
1288 3986 1383 4047 Clau.

214 4070 334 4141 p·2fislii
356 4072 565 4155 imperatoris,
588 4083 619 4137 et
642 4096 678 4135 ex
689 4074 805 4137 Helena
820 4076 925 4155 priori
949 4096 1047 4138 uxore
1067 4095 1122 4135 sua
1143 4070 1382 4164 Constantinum

290 4154 400 4221 babuit
419 4178 573 4241 magnum.
625 4168 764 4224 ceterum
785 4158 896 4224 habuit
919 4168 951 4223 ot
972 4157 1050 4223 ulios
1074 4179 1109 4222 ex
1131 4153 1300 4219 'l'bcodora
1320 4153 1384 4227 blaa
