3050 4900
628 275 776 341 norae.
1174 264 1245 340 405
1278 249 1287 258 ’

157 445 453 596 λαιέὶνομᾰζοτται·
503 451 585 537 qma
615 475 717 516 comm
750 457 814 516 vici
845 467 875 516 et
903 454 1016 542 oppila
1034 455 1128 518 tribus
1148 457 1248 516 nomi.

156 557 204 597 ner
259 576 267 596 .

239 662 312 737 218,
335 655 366 720 6.
401 646 554 740 Ἄγαρον]
578 658 663 722 hunc
679 662 736 722 sub
760 661 874 724 deberi
896 661 1021 724 nomine
1041 660 1116 723 mihi
1141 661 1249 724 Snidas

158 743 284 818 innuit,
306 751 338 803 et
361 742 544 805 osrhoenae
573 745 903 840 regionisnprincipem
923 747 998 806 iacit
1017 767 1048 804 v.
1072 739 1248 827 φολιὲρχης.

154 830 294 906 Agarnm
332 823 427 886 alium
458 826 516 886 isto
555 824 646 909 ionga
673 848 816 908 priorem
852 829 991 890 celebrat
1013 849 1114 909 nnper
1137 831 1249 890 citatus

153 907 376 986 Ecchehensis,
406 929 422 967 a
453 929 518 992 quo
542 911 739 992 Agaritarum
769 912 915 994 cognatio
948 905 1030 993 φυλή
1066 909 1247 991 Theophani

156 1002 271 1052 nostro'
289 989 381 1066 dicto,
426 989 551 1074 dequo
574 1015 644 1076 pag.
674 997 745 1070 156,
776 995 892 1056 Arabes
909 1015 1011 1076 porro
1034 995 1064 1054 iu
1087 995 1249 1073 indigenas

154 1083 186 1136 et
207 1075 343 1136 advenas
365 1074 599 1151 discriminatos,
623 1077 690 1138 ilios
715 1078 941 1159 antiquissimos
963 1079 1029 1145 Nnc
1049 1076 1248 1158 patriarchae

155 1168 297 1240 nepotes,
321 1161 425 1218 lecton
447 1159 595 1220 nimirum
615 1171 647 1221 et
667 1160 771 1222 heber
789 1161 886 1237 filios,
908 1161 961 1244 qni
984 1161 1077 1242 primi
1101 1160 1247 1220 Arabiam

153 1253 367 1322 occupavero:
399 1241 474 1302 istos
495 1251 617 1321 autem,
649 1246 702 1325 qui
731 1244 854 1326 generis
881 1252 1042 1306 auctorem
1076 1250 1248 1324 ngrros'cunt
1275 1307 1277 1312 ,

151 1324 311 1386 ismaelem
340 1325 484 1386 Abrahae
518 1326 634 1401 filium,
664 1338 866 1388 rocaverunt.
920 1327 1048 1408 utrique
1077 1337 1109 1387 ut
1139 1335 1246 1406 poste.

133 1428 205 1470 .ros
226 1406 364 1469 habuere
395 1407 580 1484 nobiliores,
609 1410 662 1491 qui
694 1411 837 1490 stirpium
874 1410 1031 1470 variarum
1062 1419 1092 1470 et
1115 1408 1246 1468 familia.

151 1511 223 1552 rum
244 1511 276 1552 se
295 1494 485 1552 constituere
514 1492 633 1572 capita,
663 1493 705 1554 ita
735 1514 767 1554 se
795 1495 925 1574 tribuum⁸
949 1513 1072 1553 suarum
1089 1492 1246 1576 principes

118 1571 372 1641 ,declaraverat
405 1577 513 1634 Genea.
545 1595 613 1658 cap.
635 1576 685 1636 25.
729 1576 829 1637 tribus
870 1577 932 1636 ibas
968 1577 1122 1648 divorsas,
1162 1573 1245 1633 velut

151 1656 231 1718 acics
254 1657 311 1718 sub
334 1665 384 1719 tot
408 1655 550 1736 ducibus
566 1669 710 1720 accurate
739 1658 922 1740 perstringit
950 1657 1089 1720 laudatus
1110 1655 1245 1716 Erebei-

152 1739 242 1800 lensis
274 1740 356 1822 typis
387 1740 478 1822 regiis
514 1761 596 1800 anno
630 1743 708 1808 1651
747 1741 848 1804 editus
878 1761 986 1824 apag.
1012 1741 1068 1806 141
1100 1738 1137 1799 ad
1175 1741 1243 1806 161.

153 1822 236 1883 circa
261 1821 399 1884 Scenitas
415 1832 446 1884 et
468 1824 687 1906 ragoshrabes
711 1824 772 1886 hoc
796 1847 901 1902 unum,
924 1821 1007 1906 quod
1030 1823 1091 1894 huc
1111 1823 1243 1898 confert,

152 1927 187 1966 cx
208 1904 318 1968 eodem
341 1906 485 1968 observo.
536 1907 701 1970 “adversus
724 1913 886 1990 vagantes''
916 1915 948 1969 et
976 1909 1122 1968 effraenes
1145 1909 1244 1965 “Ara-
1292 1919 1294 1925 ’

147 1990 201 2051 bes
221 1991 252 2050 in
273 1989 428 2067 silicibus,
447 1991 719 2074 marmoribusque
738 1993 878 2053 Romana
902 1991 1004 2072 lingua
1027 2001 1057 2051 et
1079 1989 1242 2049 characte-
1332 2057 1335 2062 Ι

148 2072 236 2136 ribus
264 2071 416 2155 insculpta
451 2072 600 2136 hacteuus
633 2075 734 2136 rideri
765 2076 979 2136 Romanorum
1016 2073 1241 2155 imperatorum

149 2155 261 2232 edicta,
285 2155 397 2240 quibos
418 2156 477 2218 sub
507 2157 599 2218 variis
626 2159 736 2240 poenis
767 2158 937 2233 inhibetur,
959 2177 1125 2238 narragam
1148 2156 1241 2229 iilam,
1319 2159 1333 2208 ’.

148 2250 305 2302 errantem
329 2241 544 2320 incertamque
567 2251 660 2322 agant
673 2241 877 2321 imposterum
900 2243 1024 2302 ritum.''
1068 2241 1171 2300 variae
1193 2239 1241 2299 le-

148 2321 268 2384 ctiones
285 2321 337 2386 hic
357 2343 422 2384 nou
444 2321 556 2385 ieviter
576 2321 833 2404 praetereundae.

229 2451 300 2526 219,
325 2452 351 2515 1.
393 2442 467 2519 τούς
499 2443 709 2528 ἐνδημοῦντας
735 2443 923 2520 ἐπισκόπους
944 2445 1120 2519 συνελθεῖν]
1153 2442 1237 2504 anti.

146 2553 209 2615 qua
231 2532 424 2594 cousuetudo
456 2530 487 2590 in
511 2541 645 2615 utraque
675 2529 799 2591 ecclesia
821 2528 980 2613 quondam
1002 2528 1174 2602 observata,
1200 2534 1237 2587 ut

143 2636 180 2677 ex
201 2612 435 2696 irdquoairrnr,
463 2632 535 2674 casu
557 2615 589 2673 in
610 2614 744 2689 urbem,
766 2610 830 2675 sive
848 2614 987 2687 Romam,
1008 2614 1072 2672 sive
1094 2612 1153 2676 ΕΡ.
1177 2608 1234 2670 ad.

143 2699 337 2760 ventimtinm
370 2696 502 2779 collegio
536 2698 671 2783 synodus
697 2697 885 2772 haberetur,
919 2696 1012 2757 etiarn
1035 2694 1130 2757 hodie
1152 2690 1234 2777 apud

150 2783 288 2844 Graecos
306 2790 439 2844 retenta.

223 2898 305 2961 ibid.
326 2889 358 2958 4.
399 2894 482 2963 Arba
501 2894 610 2979 μονήν,
629 2896 685 2959 καὶ
703 2894 889 2961 Beonan&
904 2893 960 2955 καί
978 2890 1170 2974 Ματριόνης]
1194 2892 1233 2955 de

141 2980 194 3042 Dii
215 2990 361 3060 tempore
381 2993 413 3044 et
426 2982 615 3043 monasterio
635 2979 674 3041 ad
696 3003 767 3064 pag·
781 2984 850 3047 114.
895 2979 933 3042 de
956 2979 1085 3041 Bassiani
1107 2978 1232 3037 aedibus

140 3064 352 3149 menologium
374 3065 499 3132 Sirleti:
522 3066 561 3127 de
572 3065 715 3127 Bassiano
737 3074 770 3125 et
790 3063 986 3125 aediumeius
1007 3062 1137 3121 nominis
1159 3061 1232 3119 iun.

139 3146 253 3209 datore
282 3149 445 3210 Menaenm
477 3148 516 3209 ad
539 3149 686 3209 Octobris
716 3148 798 3209 diem
824 3150 871 3215 10.
925 3144 978 3205 c'na'
997 3145 1050 3221 τῆς
1071 3141 1232 3218 βασιλείας

138 3230 337 3309 massiano
356 3231 412 3291 τοῦ
431 3222 656 3311 εὐσεβεστάτου
683 3222 782 3310 ἢλθεν
813 3230 847 3292 ἐν
877 3230 959 3290 ΚΠ.
1010 3220 1064 3285 xci
1082 3222 1230 3283 ιοσοὶτον

141 3310 316 3390 διέλαμψεν
349 3309 480 3391 α’ρεταῖς
508 3308 564 3373 κατ’
583 3308 766 3391 θαύμασιν,
799 3309 842 3384 ὥς
871 3312 926 3372 ιιαι1
953 3304 1029 3370 roda
1057 3304 1159 3365 κτίσαι
1182 3302 1229 3363 ἐπ’

140 3392 272 3469 ὀνόματι
296 3393 397 3457 αὐτοῦ
424 3392 478 3458 τόν
496 3397 643 3475 βασιλέα.
697 3399 752 3457 sub
776 3396 939 3458 Marciani
953 3393 1085 3476 piissimi
1103 3389 1229 3471 irnperio

142 3477 207 3539 GP.
231 3480 334 3554 vonit,
364 3494 536 3564 tantumque
555 3480 712 3540 uirtutibus
732 3491 760 3539 et
791 3478 942 3539 mirandis
969 3476 1091 3549 claruit,
1113 3484 1145 3531 ut
1167 3471 1230 3529 eius

139 3562 258 3620 nonrine
283 3564 426 3645 tempium
450 3566 619 3644 imperator
648 3576 809 3622 extricerat.
853 3561 1074 3641 discipulorum
1098 3571 1228 3651 numero

137 3644 314 3707 Matronam
341 3655 537 3729 aggregatam
569 3654 722 3705 memorat
750 3644 831 3706 idem
852 3646 1012 3705 Menacum
1043 3635 1225 3719 ἑτιληθονθη

140 3724 176 3787 δὲ
196 3720 214 3785 d
234 3725 374 3807 ἀριθμὸς
406 3729 468 3789 τῶν
494 3727 648 3808 μαθητῶν
679 3724 781 3788 αι’τοῦ
811 3724 854 3798 οἷς
876 3728 921 3798 εἰς
941 3718 1153 3804 τριακοσίους·
1194 3716 1228 3791 ἐξ

139 3796 185 3867 οἷο
206 3798 244 3889 ἦν
263 3804 356 3893 καὶὴ
380 3803 454 3890 ἅγια
475 3806 650 3885 Ματροόνσ.
700 3811 912 3894 discipulorum
944 3812 1163 3871 eius'nnmenn
1183 3800 1230 3862 nd

140 3886 201 3953 300
225 3898 342 3955 erevit:
363 3916 405 3956 ex
427 3894 529 3975 quihus
549 3894 581 3953 S.
604 3892 754 3955 Matrona
776 3896 884 3956 extitit.
950 3920 953 3927 ¹

162 4096 168 4105 ,
207 4002 303 4157 Igu}
330 4011 377 4078 14⁴
421 4008 614 4091 θθυδὲρίκθς
644 4009 678 4072 di
702 4002 871 4093 ὃἎφοος]
891 4032 925 4074 cr
946 4006 1105 4071 'lheodori
1128 4007 1227 4069 tecto·

141 4116 184 4155 τιε
306 4138 313 4155 .
