3050 4900
483 351 536 416 ax
572 349 828 416 mmriima
868 306 871 313 ’
1151 339 1198 408 sa
1286 403 1291 414 .

135 520 208 579 ianus
227 515 371 600 patrielus
391 517 537 601 perbibet
556 520 587 583 ia
609 519 740 582 historia
760 541 825 582 sua
877 527 946 582 erut
968 527 1072 579 autem
1092 516 1201 578 Theo-

133 601 221 664 dorius
237 602 425 666 orthodoxus
446 615 478 666 et
501 604 532 666 in
554 603 640 667 bellis
660 604 823 667 mirabilis.
866 623 967 684 porro
982 600 1149 663 Gratianus
1168 608 1236 672 etp·
1249 598 1338 655 1⁰4³

132 685 346 748 Valentinianus
363 684 430 768 lege
452 687 525 750 data
546 689 708 769 episcopos
728 688 821 750 exilio
847 695 1088 762 revocaverunt,
1109 681 1202 744 Aria-

131 787 178 830 nos
206 776 305 830 autem
336 772 492 852 persecuti
519 779 609 850 suut,
639 773 775 836 Damaso
804 777 997 853 cooperante
1024 789 1108 852 papa
1133 769 1202 829 lto-
1278 809 1282 814 -

136 871 225 912 mano.

201 955 306 1018 Mundi
319 976 400 1017 auno
415 955 507 1036 5874,
529 953 651 1020 divinae
667 957 888 1020 incarnationis
907 977 988 1016 anno
1002 947 1075 1033 374,
1094 953 1204 1017 Theo·

131 1038 223 1100 dusius
242 1040 384 1122 imperat,
406 1041 493 1100 euius
515 1041 637 1123 imperii
659 1042 779 1125 quinta·
795 1063 879 1102 anun
900 1047 1005 1102 saneta
1019 1049 1051 1100 et
1074 1040 1238 1114 univer-p.
1250 1040 1336 1098 tote

131 1121 188 1183 salis
207 1122 335 1184 saeuada
355 1123 491 1206 synodus
514 1126 669 1188 celebrata
689 1135 754 1201 est,
776 1125 828 1186 eui
840 1125 1010 1207 praefuere
1022 1121 1204 1184 Timotheus

132 1206 340 1267 Alexandrinus
351 1251 361 1283 ,
382 1207 521 1270 Melelius
542 1207 771 1284 Antiocheam,
791 1206 923 1292 cyrillus
943 1205 1206 1289 Hierosolymita·

131 1309 178 1350 aas
193 1297 223 1350 et
240 1289 360 1350 divinus
384 1291 952 1374 Gregorius*Constantinopolitanae.
994 1289 1027 1350 hi
1048 1309 1125 1352 vero
1148 1287 1205 1372 qui

132 1391 191 1432 eam
202 1371 387 1434 Macedonio
402 1393 524 1437 sensere
547 1375 677 1458 triginta
696 1395 746 1436 sex
768 1372 908 1456 episcopi
929 1372 1086 1436 adhortati
1106 1394 1123 1432 a
1143 1393 1205 1454 pa-

132 1455 218 1517 tribus
239 1456 387 1539 dogmata
405 1457 536 1519 Nicaena
563 1459 738 1540 suscipere,
761 1455 929 1519 seeundum
950 1455 1037 1538 quod
1055 1464 1089 1517 et
1108 1455 1205 1517 Libe-

131 1538 172 1598 rio
191 1539 441 1622 repromittentes
471 1540 590 1604 libellos
619 1549 840 1624 porrexeranta
858 1535 901 1600 'hi
923 1539 977 1622 qui
998 1539 1082 1600 eirea
1103 1538 1205 1598 Silva·

132 1641 194 1682 aum
212 1630 305 1684 erant
321 1623 452 1685 Romam
473 1624 648 1701 transmissi,
670 1633 843 1686 renuerunt
854 1621 987 1685 veritati
995 1621 1204 1706 acquiescere,
1280 1668 1284 1677 .

132 1713 158 1765 et
174 1715 365 1768 recesserant
387 1707 464 1768 risus
479 1707 620 1770 omnibus
643 1707 726 1782 facti,
746 1707 804 1768 alia
820 1707 985 1768 sentientes
998 1714 1030 1766 et
1050 1706 1110 1765 alia
1131 1706 1207 1785 pol·

131 1785 251 1862 licentes,
276 1787 584 1852 seductorieLiberii
606 1791 749 1875 epistolas
765 1797 972 1874 repententes,
993 1787 1207 1850 testimonium

130 1869 178 1932 sibi
197 1871 389 1954 perhibentis
412 1874 628 1937 orthodoxiae.
670 1882 777 1936 sancta
797 1894 874 1935 veru
894 1869 1030 1955 synodus
1044 1871 1206 1954 Gregorio

131 1951 270 2038 deiloquo
292 1955 507 2038 episcopatum
528 1957 840 2039 Constantinopoleos
862 1956 1047 2031 roboravit,
1067 1965 1101 2017 et
1122 1953 1207 2016 hune

130 2034 249 2098 insitum
273 2037 307 2098 in
324 2039 442 2102 throno
464 2037 589 2119 locavit,
604 2049 716 2124 utpote
735 2040 869 2102 maltam
884 2039 1078 2101 laborantem
1100 2046 1134 2098 et
1146 2058 1207 2098 ur-

130 2118 191 2182 bem
223 2144 240 2182 a
275 2123 409 2185 laesione
437 2122 596 2186 haereseos
633 2125 829 2188 liberantem.
882 2144 1016 2206 cumque
1052 2121 1208 2184 didicisset

131 2203 273 2285 quosdam
301 2225 337 2266 ex
357 2207 498 2290 Aegypto
530 2204 767 2290 sapientissimus
788 2215 820 2269 et
847 2206 1037 2268 beatissimus
1057 2204 1114 2266 iste
1132 2203 1207 2264 huic

131 2286 168 2348 rei
188 2287 339 2367 invidere,
361 2291 584 2371 compositorio
612 2312 754 2353 sermone
776 2298 897 2352 ostenso
918 2298 1030 2371 sponte
1051 2311 1068 2348 a
1087 2287 1206 2348 throno

131 2371 280 2465 regnantis
302 2371 387 2432 urbis
409 2373 570 2448 abscessit;
596 2396 660 2459 quo
681 2373 834 2435 thronum
851 2373 1008 2434 refutante
1028 2371 1208 2433 Nectarium

130 2464 295 2535 imperator
317 2466 349 2518 et
371 2456 506 2541 synodus
527 2456 694 2540 provehit,
714 2458 897 2519 Tarsensem
922 2476 1035 2599 penore
1056 2464 1088 2515 et
1111 2477 1209 2537 prae-

131 2536 204 2599 torio
226 2546 305 2601 tune
327 2540 573 2623 principantem
597 2540 651 2623 qui
673 2540 746 2600 licet
768 2538 907 2601 noudum
951 2538 1100 2619 aptitatus
1122 2544 1208 2614 esset,

130 2618 281 2703 religiosus
302 2630 405 2685 tamen
438 2633 471 2685 et
489 2623 572 2685 vitae
594 2622 779 2685 venerahilis
803 2630 879 2684 erat.
931 2642 1033 2703 porro
1052 2631 1157 2681 sanctu
1176 2629 1210 2681 et

130 2704 303 2767 universalis
332 2702 465 2789 synodus
492 2706 678 2769 homousion
712 2706 867 2783 firmavit,
896 2702 1016 2765 addidit
1044 2712 1147 2765 autem
1176 2712 1208 2765 et

130 2786 266 2867 symbolo
295 2786 402 2851 theolo
426 2789 484 2851 iam
504 2789 628 2872 spiritus
645 2791 755 2852 suncti.
810 2800 885 2851 tunc
906 2786 1075 2871 Gregorius
1098 2787 1210 2847 Nicae-

131 2888 178 2928 uus
198 2870 227 2931 in
251 2871 313 2933 hac
344 2880 377 2935 ct
397 2811 535 2955 lietagius
560 2874 774 2957 Eulogiusque
800 2871 969 2945 Edessenus
991 2881 1023 2933 et
1043 2870 1208 2934 iconiensis

129 2952 357 3035 Amphilochius
393 2957 597 3017 coruscabant
630 2978 701 3018 cum
734 2978 846 3037 magno
875 2955 1031 3038 Gregorio
1068 2965 1100 3016 et
1133 2952 1208 3014 viris

39 3098 40 3103 χ
129 3038 274 3113 praefatis.
327 3058 454 3121 maguus
483 3050 585 3101 autem
610 3038 751 3101 Meletius
783 3038 1014 3114 Antiocheam,
1043 3018 1340 3121 postquamP·¹⁰⁹²

39 3110 40 3163 l
128 3120 254 3199 synodus
287 3130 334 3183 est
354 3122 458 3199 linita,
492 3120 642 3184 dormivit
672 3124 702 3183 in
727 3144 813 3205 paee.
856 3122 1018 3183 ordinatus
1039 3132 1142 3181 autem
1163 3126 1210 3180 est

129 3198 284 3264 Flavianus
300 3203 482 3268 Antiochiae
497 3207 629 3288 praesul,
653 3207 775 3268 vivente
795 3202 1076 3289 quoquePuuliuo,
1096 3224 1209 3286 qaam-

39 3304 40 3311 *
129 3303 213 3364 quiam
228 3287 312 3349 idem
325 3286 487 3349 Flavianus
498 3288 651 3371 praestitis
667 3290 838 3351 firmaverit
856 3286 1035 3369 iuramentis
1050 3307 1210 3369 nunquam

127 3386 154 3426 sc
169 3390 275 3432 ananus
291 3370 521 3452 impositionem
537 3372 732 3455 episcopatus
748 3372 900 3433 ullatenus
917 3368 1130 3431 admissurum.
1151 3370 1210 3429 ite-

128 3468 191 3511 rum
204 3473 280 3536 ergo
296 3454 437 3515 turbatio
451 3456 607 3517 ecclesiam
624 3455 785 3517 obtinebat
798 3452 1032 3531 Antiochenam,
1053 3453 1116 3514 aliis
1136 3450 1209 3536 qui·
1253 3501 1267 3553 ι

127 3530 190 3595 dem
209 3536 344 3598 Paulino
358 3538 422 3597 aliis
443 3559 518 3601 vero
530 3538 678 3599 Flaviano
698 3538 889 3621 parentibus.
911 3536 994 3619 apud
1006 3521 1244 3599 Palaestinaml'*
1272 3502 1281 3553 ¹

126 3635 196 3679 asro
211 3620 241 3679 in
260 3619 384 3681 castello
396 3620 509 3683 Emaas
528 3632 617 3683 natas
628 3631 675 3684 est
686 3644 766 3703 puer
780 3622 947 3702 perfectus,
961 3621 1000 3681 ah
1014 3618 1161 3681 umbilico
1177 3626 1210 3679 ct

123 3717 240 3763 sursum
253 3701 385 3779 divisus,
401 3703 444 3765 ita
467 3704 643 3768 utliaberet
666 3704 729 3766 dno
752 3714 883 3787 pectora
905 3714 937 3765 ct
957 3702 1020 3765 duo
1042 3701 1155 3783 capita,
1178 3707 1212 3761 ct

126 3786 334 3869 uuusquisque
354 3808 474 3865 sensus,
498 3798 530 3849 et
553 3810 630 3850 unus
652 3787 764 3850 edebat
786 3798 818 3849 et
837 3788 974 3863 bibebat,
995 3795 1026 3847 et
1046 3786 1126 3845 alter
1145 3804 1210 3844 non

125 3862 258 3947 edebst3
278 3890 358 3931 unus
373 3870 558 3949 dormiebat,
579 3882 610 3934 et
623 3874 701 3935 alter
713 3873 870 3955 vigilabat.
895 3890 1118 3951 nonuunquam
1134 3886 1211 3928 vero

124 3956 152 4007 ct
170 3950 264 4012 simul
285 3951 435 4015 ludebant
454 3954 492 4017 ad
513 3954 716 4033 alterutrum,
737 3968 768 4017 et
788 3954 881 4016 flebat
904 3964 1055 4035 uterque,
1082 3959 1113 4012 et
1133 3972 1211 4034 per-

126 4032 281 4096 cutiebant
303 4036 446 4099 invicem.
495 4060 597 4120 porro
637 4038 738 4099 vixere
765 4039 851 4098 anais
883 4036 980 4095 ferme
1010 4034 1148 4111 duobus,
1177 4042 1211 4095 et

125 4134 196 4177 uuus
220 4116 348 4201 quidem
368 4129 511 4184 mortuus
532 4132 595 4195 est,
617 4121 696 4183 alter
719 4142 797 4182 vero
826 4118 902 4180 vixit
932 4117 1039 4178 diebus
1062 4126 1209 4201 quatuor,

41 4228 43 4297 p
126 4205 153 4257 tt
172 4210 316 4265 mortuus
338 4212 385 4266 est
405 4212 437 4267 et
451 4204 524 4289 ipse.
566 4204 758 4268 Theodosius
781 4212 885 4267 autem
899 4199 1063 4265 undecimo
1084 4198 1209 4283 imperii
