3050 4900
249 283 256 320 l

624 312 773 433 sorar.
1009 318 1024 341 ’
1163 360 1235 431 sor

232 532 305 611 557,
326 532 357 594 5.
402 536 559 619 παρέλυσε
586 536 622 600 dl
646 535 707 619 τὴν
727 536 809 617 μετὰ
832 536 896 599 τῶν
916 532 1123 618 Βονλγᾰρων]
1143 534 1239 597 fusius

151 620 208 679 ista
229 616 430 699 Nicephorum

228 722 316 790 thid.
336 720 366 785 6.
408 722 466 785 soii
492 724 607 787 οἰκείου
628 720 748 808 sarpta
767 725 945 805 iropdr'aonc
963 720 1093 809 adunca]
1113 719 1152 785 rai
1172 717 1237 784 aiud

151 804 209 867 rori
229 802 424 887 auspiceris
445 802 569 889 εἰρήνης
590 804 703 889 ἕνεκεν,
726 808 781 872 καὶ
801 810 858 890 τῆς
885 802 982 890 ἄλλης
1002 807 1164 887 πολιτικῆς
1184 804 1240 867 sa'-

149 888 259 964 ταξίας
280 890 498 969 βραβευθέπα
530 891 705 975 satrapeae.
762 915 842 978 qaae
862 916 883 954 a
906 906 1002 977 patre
1022 914 1077 953 ruo
1096 892 1134 951 de
1149 912 1238 975 pace,

148 992 185 1069 ae
207 974 422 1116 'saliquahmip'
444 976 635 1038 ordinariam·
654 979 813 1040 comtituta
825 974 972 1062 fuerant,
993 977 1096 1039 omnia
1110 995 1240 1059 penser-

149 1066 198 1117 αλ.
251 1076 319 1137 rcep
342 1078 428 1121 orus.

233 1160 315 1225 ibid.
341 1162 392 1225 λθ.
433 1162 511 1227 κατὰ
543 1160 735 1251 Μουσάρου]
768 1166 912 1229 arbitror
932 1188 1004 1229 eam
1021 1166 1073 1249 qni
1095 1164 1239 1249 superius

149 1266 221 1329 pag.
241 1244 302 1308 300
324 1246 456 1309 blucbar
476 1250 608 1333 scriptas
629 1260 685 1315 est.

233 1352 305 1433 558,
327 1352 376 1417 16.
418 1346 541 1437 ἀλόγως
551 1356 746 1439 μετοικῆσαι]
769 1358 875 1443 Cypro
897 1356 1044 1418 nimirum
1066 1356 1238 1417 communis

149 1434 224 1497 iuris
246 1438 408 1515 existente,
439 1450 471 1502 et
505 1440 630 1525 utrique
659 1440 795 1524 principi
825 1464 963 1503 aunuum
983 1440 1137 1501 tributum
1158 1462 1237 1525 pen.

150 1518 251 1599 dente,
273 1522 467 1605 exsuperius
490 1524 587 1585 dictis.
610 1525 650 1585 de
673 1526 863 1609 Cypriorum
883 1524 1070 1608 migratione
1083 1524 1238 1585 Constan-

149 1602 231 1666 tinus
255 1602 293 1666 de
318 1605 398 1666 adm.
419 1606 494 1690 imp.
514 1628 603 1691 capp.
621 1602 661 1669 47
685 1617 717 1671 et
736 1601 791 1671 48.

228 1708 374 1791 559,11.’
426 1714 484 1777 rori
518 1716 650 1798 Magni]
681 1718 784 1801 placet
803 1738 880 1799 prae
910 1714 1036 1799 reliquis
1056 1713 1238 1797 Peyreainni

149 1817 184 1858 er
200 1798 265 1863 Pal.
289 1800 380 1861 lectio
403 1798 538 1877 Malao,
561 1824 621 1883 qua
642 1804 749 1863 blecca
774 1800 982 1862 ltlahometico
1016 1798 1182 1880 sepulchro
1199 1797 1239 1857 il.

149 1880 469 2026 Lpggriipsintelligitur.
511 1884 648 1947 Arabum
670 1904 813 1948 sermone
835 1886 942 1947 Manca
964 1880 1089 1944 dicitur.
1133 1884 1239 1943 [θυη-

230 2070 313 2136 lbid.
340 2071 386 2134 13.
429 2064 524 2133 tiroli
542 2070 714 2156 Murunaip]
746 2075 829 2137 vocis
864 2073 1086 2156 expositionem
1113 2074 1239 2155 profert

148 2157 346 2305 xppparrgpse
375 2178 444 2241 pag.
465 2156 537 2219 350.
580 2157 716 2220 officium
746 2159 873 2221 videtur
894 2159 946 2219 bic
976 2158 1060 2242 apud
1081 2158 1238 2219 Barbaros

229 2358 300 2442 560,
326 2357 356 2425 4.
399 2356 594 2442 flagravimus
622 2358 710 2446 λαός]
743 2364 814 2427 vide
833 2385 947 2426 nornen
969 2363 1050 2427 λαοῦ
1070 2364 1163 2425 etiam
1185 2384 1236 2425 er·

148 2446 260 2509 ercitui
280 2446 481 2532 significando
503 2447 692 2530 impositum.

227 2557 305 2618 [lut.
317 2558 346 2619 5.
389 2557 422 2620 s'r
437 2553 681 2640 Σεβαστοπόλει]
702 2557 911 2642 Sebastopolis
930 2559 989 2619 alia
1010 2554 1236 2640 Cappadociae,
1292 2547 1297 2556 ’

149 2639 305 2702 Colchidis
326 2641 365 2704 ad
380 2643 516 2704 Pontum
539 2641 607 2702 alia.
626 2640 775 2703 Ortelius.

230 2767 312 2831 litii.
333 2766 382 2834 14.
425 2758 613 2839 deterrimi
631 2761 832 2849 φλαμούλου]
854 2756 947 2846 dure,
963 2758 1158 2848 φλάμουλον,
1171 2764 1237 2825 ora'·

133 2847 269 2933 strande,
292 2851 474 2912 recentioris
510 2849 633 2912 dialecti
654 2849 804 2912 vocabula
826 2853 956 2928 hastam,
977 2850 1137 2926 vexillum,
1156 2848 1236 2912 ban.

143 2931 226 3008 darm,
253 2935 406 3011 banniere,
415 2933 508 2996 Gallis
530 2929 712 3017 signilicant.
755 2929 791 2994 sd
815 2929 1006 3015 xovpunvpdr
1025 2931 1153 2995 iuferius
1172 2951 1235 3014 po.

145 3017 238 3077 situm
259 3017 419 3100 Xylander
437 3021 620 3102 placrrtram,
641 3019 775 3082 miscella
790 3020 977 3104 marsupium
998 3015 1236 3100 interpretatur.

227 3123 311 3188 Ibtd.
336 3125 384 3187 15.
424 3117 647 3204 κρεμάσαντες]
678 3129 749 3209 pari
775 3125 884 3191 sceleri
903 3145 965 3208 par
985 3145 1112 3208 quoqne
1132 3121 1236 3184 vindi.

146 3215 206 3283 cta,
228 3209 410 3290 urgentibus
424 3229 491 3270 eam
513 3208 648 3272 foederis
665 3211 756 3272 fracti
777 3209 992 3292 sponsionibus
1012 3231 1031 3272 e
1049 3214 1145 3268 conto
1167 3227 1236 3267 saa-

147 3291 285 3370 pensisa
309 3291 368 3354 deo
398 3290 525 3353 inflicta.
575 3297 667 3353 “cum
692 3295 774 3356 enim
805 3292 990 3354 Theodorus
1015 3289 1168 3374 angelus,'’
1200 3297 1236 3349 ut

147 3377 299 3457 Georgius
321 3376 502 3460 Acropolita
529 3375 673 3439 editionis
693 3378 807 3460 Regiae
839 3398 906 3459 cap.
932 3375 971 3436 95
993 3376 1101 3448 refert,
1143 3376 1237 3433 “cunr

145 3461 248 3518 Asano
272 3461 386 3522 loanne
407 3459 639 3521 conditionibus
672 3482 708 3522 ac
733 3460 938 3543 petitionibus
967 3455 1158 3542 perturbatis
1179 3477 1235 3515 au.

148 3539 258 3603 dacior
277 3552 371 3625 esset,
392 3552 487 3627 atque
516 3542 720 3606 inordinatius
751 3566 814 3605 non
834 3543 935 3605 solum
957 3543 987 3602 in
1012 3541 1106 3624 regia,
1126 3538 1180 3601 and
1200 3539 1234 3598 in

146 3623 211 3686 aliis
233 3625 372 3690 civilibus
395 3627 524 3711 negotiis
545 3647 608 3688 sese
622 3627 823 3705 immisceret,
850 3647 1003 3709 saepeque
1023 3620 1236 3686 iusiurandum

147 3707 329 3792 negligeret,
353 3709 508 3809 {idemque
527 3710 669 3786 violaret,
692 3712 721 3771 in
742 3709 846 3772 affines
861 3711 1010 3792 bulgaros
1030 3707 1142 3792 pedem
1162 3725 1235 3766 mo-

147 3791 205 3870 vit,
227 3803 259 3854 et
279 3815 314 3855 er
334 3795 498 3874 Romanis,
519 3802 614 3877 atque
637 3793 718 3856 ltalis
734 3795 889 3878 ingentem
911 3793 1041 3854 militem
1062 3795 1234 3934 exaggerat,

148 3875 427 3960 etddrinnopolim
448 3887 701 3960 praetergressus,
723 3878 753 3938 in
778 3878 973 3959 superiorem
992 3885 1114 3959 partun
1166 3871 1235 3934 ebri

147 3960 267 4040 agmine
289 3960 394 4041 ducto,
416 3983 487 4022 cum
505 3961 645 4043 Bulgaris
665 3963 822 4043 poscebat,
843 3962 896 4023 scd
919 3959 1111 4020 eritiumsibi
1136 3977 1235 4040 qnae-

146 4063 228 4116 rcns‚
252 4045 318 4105 acie
339 4039 516 4129 confligere.
558 4043 722 4106 videbatur
748 4045 831 4106 enim
852 4044 1000 4127 Bulgaros
1021 4045 1135 4105 timore
1156 4060 1235 4121 per-

148 4127 226 4187 citos
248 4149 453 4212 neqnaquam‚
474 4130 521 4194 vel
543 4128 643 4189 solnm
663 4128 709 4190 sui
734 4130 885 4192 exercitus
903 4129 1054 4210 impetum
1072 4125 1233 4187 sustinere:

147 4216 179 4268 at
201 4231 263 4272 non
284 4212 327 4273 sic
343 4213 479 4297 Balgari.
522 4211 573 4276 sed
590 4217 707 4275 Asnaus
735 4215 863 4276 loannes
884 4210 1030 4294 pertidia,
1049 4231 1086 4273 ac
1107 4209 1234 4272 loedere
