3050 4900
518 329 569 388 Ex
598 323 859 389 TllEOPllANE.
996 417 1003 432 .
1159 313 1230 387 153

151 491 262 554 Zihebil
292 493 476 576 imperatori
506 494 599 556 etlam
630 493 728 554 lilium
745 513 835 555 suum
864 491 1119 575 primogenitum,
1140 491 1231 554 huius

149 578 335 640 sermonibus
359 579 537 654 delectatus,
558 579 674 640 eteius
695 587 759 640 tam
774 576 894 638 vultum
917 597 1010 658 quam
1033 573 1233 656 prudentiam

150 660 324 727 admiratus.
366 660 533 742 electisque
551 660 671 722 Zihebil
700 660 907 745 quadraginta
934 659 1059 720 milibus
1088 659 1232 720 virorum

146 743 270 806 fortium
292 742 379 806 dedit
399 765 434 806 ea
454 745 486 804 iu
505 745 652 805 auxilium
676 744 871 826 imperatori.
911 763 1013 824 porro
1032 742 1098 824 ipse
1120 763 1231 803 rever..

144 847 188 887 sus
204 836 249 888 est
275 829 308 888 in
339 829 497 910 regionem
532 849 631 888 suam.
681 827 726 888 his
759 837 864 889 autem
893 827 1027 909 acceptis
1057 826 1231 907 imperator

144 920 249 971 corstra
273 911 433 974 Chosroen
456 909 611 993 procedit.
655 919 700 971 ·at
723 931 800 972 vero
829 910 982 972 Sarbarus
1005 907 1329 984 Chalcedonemplffl

144 1014 334 1076 properans,
369 999 547 1077 Avaresque
575 1017 593 1054 a
621 993 744 1055 Thrace
772 994 844 1055 urbi
872 994 1131 1076 propinquantes,
1151 992 1232 1055 bauo

145 1077 326 1159 depopulari
347 1079 467 1152 volunt,
488 1088 521 1139 et
538 1077 643 1138 multis
664 1077 812 1138 machinis
834 1078 977 1138 adversus
999 1099 1068 1137 eam
1088 1097 1232 1138 commo-

145 1159 190 1236 tis,
211 1171 243 1221 et
266 1159 391 1221 navium
412 1163 606 1242 sculptarum
637 1181 672 1222 ex
699 1163 778 1222 lstro
810 1159 1010 1222 multitudine
1037 1160 1157 1222 infinita
1175 1181 1231 1222 seu

142 1243 356 1306 innumerabili
379 1243 497 1321 delata,
516 1244 614 1304 sinum
644 1264 743 1306 cornu
764 1244 977 1326 repleverunt.
1032 1242 1138 1304 decem
1157 1265 1231 1306 sane

143 1325 246 1388 diebus
269 1328 378 1390 urbem
404 1327 587 1403 obsidentes,
607 1327 786 1410 bellumque
807 1336 892 1388 terra
910 1326 1054 1409 marique
1076 1336 1229 1409 gerentes,

140 1408 186 1470 slei
204 1411 322 1472 virtute
343 1412 465 1493 paritor
490 1419 522 1472 et
545 1413 787 1493 cooperatione,
818 1432 875 1474 nec
896 1432 958 1471 non
981 1418 1013 1470 et
1030 1410 1231 1473 intemeratae

141 1491 188 1554 dci
208 1494 316 1554 matris
347 1503 379 1556 et
408 1495 534 1576 virginis
566 1494 837 1556 intercessionibus
866 1494 1005 1574 superati
1028 1502 1110 1553 sunt.
1153 1495 1230 1576 quin

139 1585 169 1636 et
188 1577 388 1639 multitudine
421 1579 547 1658 copiosa
577 1599 705 1638 suorum
727 1585 792 1638 tam
818 1579 849 1637 in
871 1585 958 1637 terra
981 1597 1075 1660 quam
1097 1577 1128 1637 in
1150 1580 1230 1638 mari

139 1657 286 1739 deposita,
309 1682 381 1720 cum
410 1660 526 1743 ingenti
557 1661 739 1723 confusione
771 1659 810 1721 ad
831 1659 900 1723 loca
931 1681 985 1720 sua
1009 1660 1125 1721 reversi
1144 1671 1247 1722 sunt.‘

139 1763 237 1822 porro
259 1743 411 1806 Sarbarus
439 1743 666 1806 Chalcedonam
698 1743 841 1807 obsidens
872 1765 936 1806 non
965 1743 1147 1825 emigravit,
1176 1743 1229 1805 sed

140 1823 253 1887 ibidem
275 1825 433 1906 hiemavit,
455 1837 520 1889 tam
542 1827 733 1890 incursiones
747 1849 838 1911 agens
858 1849 1017 1912 quamque
1037 1823 1229 1910 depraedans

139 1909 303 1972 confinales
327 1919 443 1993 partes,
467 1919 500 1973 et
521 1910 661 1972 civitates
682 1913 753 1994 igne
773 1911 964 1995 disperdens.

215 2019 307 2078 Anno
332 2019 457 2100 imperii
478 2019 523 2082 sui
549 2018 586 2081 17
611 2020 769 2082 lleraclius
794 2043 811 2080 a
833 2040 936 2082 mense
955 2017 1155 2102 septembrio
1174 2018 1227 2080 iu-

137 2119 252 2182 gressus
274 2101 433 2164 Persidem
454 2125 515 2164 una
536 2125 608 2164 cum
623 2103 733 2166 Turcis
754 2103 915 2186 inopinate
935 2114 1070 2186 propter
1091 2102 1225 2166 hiemem

137 2183 166 2242 iu
188 2185 329 2246 ecstasim
360 2185 444 2248 misit
471 2187 653 2264 Cbosroen,
686 2208 757 2249 cum
780 2187 843 2248 hoc
873 2186 1040 2249 didicisset.
1091 2198 1225 2250 atvero

134 2267 228 2328 Turci
259 2277 323 2329 tam
349 2267 450 2330 bieme
480 2291 574 2353 quam
605 2271 820 2354 frequentibus
855 2270 1021 2333 Persarum
1053 2272 1225 2333 incursibus

133 2353 360 2433 contemplatis,
384 2373 445 2413 non
469 2352 604 2416 ferentes
626 2355 832 2434 paritercum
852 2354 1056 2436 imperatore,
1079 2354 1226 2416 laborare

133 2445 306 2516 coeperunt
326 2435 540 2521 paulatimque
570 2437 736 2517 diffluere,
767 2445 799 2499 et
818 2460 936 2500 somnos
962 2460 1000 2499 eo
1023 2435 1147 2499 dimisso
1170 2460 1226 2500 re-

132 2518 211 2579 versi
233 2527 314 2578 sunt.
366 2528 414 2580 ast
435 2520 609 2603 imperatur
640 2522 790 2582 allocutus
813 2532 859 2583 est
883 2522 1038 2663 populum
1061 2542 1151 2581 suum
1172 2521 1224 2582 di-

132 2622 200 2661 cens
221 2602 363 2679 “scitote‚
385 2604 508 2678 fratres,
530 2605 601 2688 quin
619 2626 709 2665 nemo
726 2605 815 2665 nobis
840 2613 907 2665 vut
928 2603 1068 2684 auxiliari
1088 2604 1146 2665 nisi
1168 2602 1320 2676 svs-ptus

134 2684 177 2743 lus
198 2684 285 2761 deus,
310 2697 341 2747 et
361 2708 441 2770 quae
463 2686 546 2749 hunc
567 2689 692 2771 peperit
710 2688 775 2749 sine
789 2686 905 2750 semine
926 2698 1037 2765 mater,
1059 2697 1096 2749 ut
1114 2698 1223 2749 osten·-

130 2766 182 2826 dat
203 2770 378 2849 potentiam
398 2790 495 2847 suam,
517 2774 665 2855 quoniam
686 2791 749 2832 non
766 2771 798 2831 in
811 2770 1009 2835 multitudine
1029 2770 1223 2855 populorum

129 2870 182 2910 seu
206 2873 370 2915 armorum
387 2862 432 2915 est
456 2853 547 2932 salus,
567 2856 620 2917 sed
649 2855 681 2915 in
705 2876 756 2918 eos
780 2856 836 2938 qui
864 2865 992 2937 sperant
1011 2876 1105 2938 super
1127 2856 1222 2919 mise-

127 2932 266 2996 ricordia
287 2937 360 3013 eius,
379 2936 479 2999 mittit
499 2936 690 2999 adiutorium
706 2943 824 3000 suum.''
848 2944 881 2999 at
899 2938 1139 3001 veroChosroes
1161 2961 1222 3001 co-

128 3019 280 3080 acervatis
303 3021 421 3081 cunctis
448 3020 563 3081 militiis
592 3022 854 3104 subpraetorem
873 3021 1022 3104 provehit
1041 3044 1137 3106 super
1155 3024 1219 3087 illas

126 3099 339 3181 liberantem,
374 3104 478 3165 virum
499 3104 764 3167 bellicosissimum
790 3128 827 3167 ac
848 3106 1059 3183 fortissimum,
1086 3115 1118 3166 et
1135 3106 1221 3168 bunc

125 3180 273 3247 adversus
295 3186 472 3248 Heraclium
495 3187 636 3250 destinat.
671 3196 703 3249 at
727 3190 901 3271 imperator
924 3190 1062 3251 civitates
1084 3190 1219 3251 Persidis

122 3274 222 3351 atque
245 3269 369 3331 castella
392 3269 455 3353 igni
474 3270 614 3343 tradidit,
636 3282 667 3335 et
698 3272 876 3335 accedentes
895 3274 1004 3335 Persas
1026 3272 1218 3353 rhomphaea

122 3353 291 3413 consumit.
332 3355 462 3436 septima
483 3374 560 3415 vcro
580 3354 647 3415 idus
670 3355 820 3418 Octobris
839 3356 985 3438 pervenit
1004 3355 1036 3416 in
1058 3356 1217 3438 regionem

121 3432 318 3511 Chamaitha,
343 3446 375 3498 et
395 3438 582 3499 refocillavit
608 3440 761 3521 populum
790 3461 849 3521 per
869 3442 1022 3521 integram
1043 3438 1217 3501 hebdoma—
1273 3500 1277 3505 ,

119 3514 204 3577 dam.
247 3516 395 3583 Rhazates
428 3530 532 3583 autem
558 3523 681 3585 veniens
702 3522 902 3585 Ganzachum
934 3532 1008 3605 post
1027 3544 1098 3585 eum
1117 3525 1216 3585 fuctus

117 3609 165 3663 est
188 3608 224 3661 et
242 3612 381 3681 secutus,
415 3604 562 3665 Romanis
584 3616 655 3667 ante
688 3607 890 3689 pergentibus
910 3615 942 3669 et
962 3607 1214 3669 consumentibus

118 3704 216 3745 escas.
260 3686 325 3767 ipse
353 3708 430 3749 vero
452 3698 524 3769 post
546 3698 686 3773 tergum,
718 3698 753 3749 ut
777 3692 858 3751 canis
881 3690 992 3751 famem
1013 3692 1143 3772 patiens,
1163 3683 1214 3751 iix

117 3765 158 3828 de
184 3769 272 3829 micis
295 3792 406 3831 eorum
427 3772 641 3846 nutriebatur;
668 3783 700 3835 et
717 3794 789 3833 cum
804 3797 867 3835 non
889 3774 1044 3836 inveniret
1062 3782 1212 3855 sumptus,

116 3849 220 3911 multa
236 3874 271 3913 ex
291 3854 495 3915 animantibus
518 3855 610 3936 ipsius
627 3866 809 3937 consumpta
829 3868 910 3918 sunt.
952 3856 1089 3919 kalendis
1109 3866 1211 3918 autem

115 3932 347 3998 Decembribus
369 3938 452 3998 venit
475 3938 649 4020 imperator
671 3940 710 4000 nd
733 3940 862 4001 lluvium
877 3962 1022 4023 magnum
1043 3941 1158 4014 Zabau,
1181 3949 1213 4001 et

114 4034 192 4077 eum
215 4018 299 4081 hunc
329 4021 513 4097 transiisset,
546 4031 645 4083 castra
676 4032 809 4085 metatus
833 4034 880 4085 est
900 4026 982 4085 iuxta
1002 4024 1112 4084 Ninive
1132 4022 1213 4084 civi-

113 4104 228 4162 tatem.
268 4104 353 4164 venit
375 4114 479 4166 autem
501 4104 649 4167 nhazstes
673 4127 766 4187 penes
799 4105 910 4169 vadum
930 4116 1051 4168 secutus
1072 4128 1156 4186 eum,
1178 4119 1211 4170 et

114 4199 191 4245 cnm
222 4185 425 4251 descendisset
457 4186 558 4251 tribus
589 4188 744 4267 miliariis,
767 4190 886 4273 reperit
918 4189 1003 4253 aliud
1029 4188 1144 4258 vadum
1178 4200 1211 4253 et
