3050 4900
285 340 354 416 160
443 349 652 414 anastasii
679 347 875 412 flieronis
903 343 1227 423 mcumsas'nca'

281 526 514 588 liliuslliesdem
534 536 567 588 et
587 525 639 587 alil
660 524 749 586 multl
768 525 948 607 principum
967 525 1022 586 lilil
1054 538 1150 613 atque
1173 531 1251 594 filius
1264 533 1370 610 Aram,

282 632 387 670 omnes
409 611 507 692 electi,
528 619 560 671 et
585 607 670 692 qnod
693 609 844 692 siqnidem
863 609 1029 692 potuerint
1050 611 1211 676 chosroen
1232 615 1369 698 perime.

282 715 326 770 re,
350 694 429 755 bene
449 702 481 754 et
502 693 641 774 optimc:
667 692 713 752 sin
736 700 850 769 autem,
872 713 977 752 omnes
999 696 1188 758 cumSirobi
1208 697 1370 760 confluent

281 775 320 836 ad
342 778 576 858 imperatorem.
618 787 650 836 et
668 774 751 836 misit
768 796 818 836 me
840 774 959 836 Sirobis
989 777 1028 839 ad
1052 789 1094 856 te,
1114 779 1255 842 domines
1277 803 1370 844 vere·

280 870 334 921 tur
353 861 435 921 enim
452 860 615 941 imperium
624 859 848 936 Romanorum,
866 859 1024 942 quoniam,
1038 862 1191 946 inquiens,
1208 863 1369 927 Cbosrocn

279 944 439 1026 quondam
468 943 611 1019 salvavit,
633 951 665 1002 et
684 943 782 1003 multa
809 962 846 1002 ex
866 962 904 1003 eo
933 943 1013 1004 male
1032 947 1248 1009 Romanorum
1282 955 1370 1010 terra

277 1049 422 1110 perpessa
442 1036 496 1102 est,
518 1034 550 1086 et
576 1026 804 1110 quiapropter
833 1024 914 1086 illius
937 1026 1194 1170 inprutitudincm
1214 1051 1272 1092 nec
1293 1031 1369 1093 mibi

279 1112 409 1172 credere
430 1109 524 1171 babet
545 1110 727 1191 imperator.
771 1129 882 1170 verum
902 1110 954 1171 ille
996 1132 1058 1172 unc
1077 1113 1116 1174 ad
1140 1111 1269 1175 Sirohin
1291 1137 1370 1176 rur-

277 1215 326 1253 sus
349 1195 490 1269 absolvit,
515 1192 661 1254 mandans
683 1191 711 1255 ei
727 1203 761 1254 ut
782 1213 923 1259 carceres
948 1194 1096 1276 aperiret,
1119 1204 1152 1258 et
1172 1205 1309 1259 retentos
1335 1201 1368 1259 in

277 1278 320 1344 eis
340 1281 497 1340 Romanos
519 1275 682 1352 educeret,
715 1285 748 1337 ct
772 1297 858 1336 arma
879 1277 921 1337 eis
941 1277 1109 1357 tribueret,
1127 1280 1235 1364 sicque
1255 1291 1369 1344 contra

280 1362 440 1423 Cbosroen
468 1381 531 1422 sese
551 1369 701 1422 moveret.
744 1379 845 1439 porro
862 1359 982 1421 Sirobis
1003 1359 1149 1426 obediens
1169 1364 1368 1444 imperatori,

180 1469 205 1524 p.
217 1455 270 1510 502
278 1445 404 1506 retrusis
426 1444 554 1519 eductis,
575 1444 761 1525 properavit
776 1453 887 1504 eontra
912 1443 1100 1525 patricidam
1119 1457 1252 1528 patrem,
1264 1447 1368 1509 Chos-

278 1549 355 1589 roen
378 1528 506 1589 scilicet.
531 1548 665 1610 cumque
683 1527 735 1588 illc
755 1527 863 1607 ingere
884 1534 1110 1590 tentassctuec
1122 1530 1274 1607 valuisset,
1297 1540 1368 1592 leo.

277 1621 325 1674 tus
346 1619 378 1673 et
398 1611 500 1672 valide
522 1611 643 1672 rinctus
663 1609 772 1672 ferreis
783 1617 830 1670 est
849 1609 1050 1691 compedibus
1068 1620 1133 1673 tam
1151 1621 1223 1694 post
1243 1623 1368 1696 tergum

275 1695 416 1756 manibus
440 1715 533 1776 quam
559 1692 690 1774 pedibus
712 1691 881 1774 colligatis3
910 1693 961 1754 cui
982 1703 1015 1756 et
1039 1695 1123 1756 circs
1146 1697 1262 1759 collum
1282 1718 1368 1779 pon·

275 1776 350 1840 dera
374 1779 476 1838 ferree
494 1777 680 1859 imponunt,
710 1785 743 1838 et
762 1779 892 1838 mittunt
920 1797 992 1838 eom
1012 1777 1044 1838 in
1067 1778 1196 1840 domum
1215 1781 1367 1842 tenebra-

275 1881 357 1937 rnm,
378 1881 473 1943 qnam
494 1859 558 1942 ipse
579 1859 713 1920 munivit
733 1881 752 1920 e
772 1860 910 1920 novitate
929 1867 1110 1924 construens
1131 1862 1171 1923 ad
1189 1863 1366 1926 reconden-

274 1944 328 2005 dss
352 1943 523 2026 pecunias,
551 1943 702 2026 panisque
722 1963 836 2025 parum
867 1943 895 2002 ei
916 1950 949 2004 et
968 1965 1067 2026 aquae
1086 1945 1260 2008 tribuentes
1280 1945 1365 2008 huuc

272 2027 354 2088 famc
376 2027 547 2088 accubante
570 2025 616 2086 ait
635 2026 717 2088 enim
734 2025 855 2086 Sirobis
875 2027 1043 2088 “comedat
1063 2049 1185 2104 coruus,
1208 2028 1296 2111 quod
1316 2030 1365 2093 in·

273 2131 392 2170 cassum
412 2109 546 2190 collegit,
569 2117 601 2170 et
623 2118 758 2192 prepter
779 2107 867 2193 quod
895 2112 987 2170 ctiam
1007 2109 1121 2175 multos
1140 2112 1222 2174 fame
1242 2114 1366 2174 necavit

272 2191 485 2276 mundumque
510 2191 651 2254 delevit.”
703 2212 804 2274 porro
828 2191 911 2252 misit
932 2193 1053 2254 Sirobis
1075 2193 1114 2255 sd
1136 2205 1364 2278 eum-satrapas

272 2277 358 2337 bunc
380 2275 499 2336 iniuriis
528 2274 742 2357 impetendum
764 2283 797 2336 et
828 2275 1078 2356 conspuendum.
1129 2289 1162 2340 et
1192 2279 1363 2341 adductum

272 2360 434 2421 Mardasan
455 2359 553 2420 filium
574 2359 658 2432 eius,
681 2381 774 2441 quem
797 2379 953 2420 coronare
976 2361 1109 2436 volebat,
1131 2369 1203 2422 ante
1221 2383 1253 2423 sc
1274 2363 1365 2422 occi.

272 2442 328 2523 dit,
351 2452 383 2505 et
406 2443 544 2527 reliquos
572 2442 651 2505 lilios
677 2443 742 2505 eius
763 2452 891 2506 cunctos
920 2442 951 2503 in
972 2453 1141 2526 conspectu
1161 2445 1225 2506 eius
1248 2445 1370 2510 intere-

273 2538 410 2605 merunt,
432 2536 464 2589 et
482 2527 566 2587 misit
586 2548 710 2588 omnem
732 2526 892 2587 inimicum
922 2528 986 2589 eius
1007 2528 1129 2589 iniuriis
1148 2528 1308 2591 cumulare
1332 2540 1365 2593 et

271 2621 439 2692 percutere
460 2620 492 2673 et
511 2630 684 2693 conspuere
706 2610 803 2671 illum.
823 2608 957 2693 denique
976 2632 1036 2691 per
1056 2611 1195 2695 quinque
1219 2612 1283 2675 dies
1300 2613 1365 2676 boc

272 2696 366 2771 facto,
388 2694 475 2755 iussit
497 2693 617 2755 Sirobis
645 2692 730 2753 hunc
751 2693 885 2753 arcubus
913 2693 1109 2773 interlicerc3
1127 2698 1234 2778 sicque
1253 2697 1363 2778 paula·

272 2778 329 2838 tim
349 2779 382 2838 in
403 2776 488 2837 malis
520 2775 736 2918 ncpuissimam
767 2796 854 2835 suam
875 2774 1007 2837 tradidit
1024 2778 1168 2837 animam.
1208 2788 1286 2841 tunc
1310 2781 1364 2842 si.

232 2900 233 2905 κ
271 2860 357 2921 robis
384 2859 510 2941 scripsit
540 2880 558 2918 a
609 2857 800 2921 Heraclium
818 2858 1026 2939 evangelizans
1048 2860 1077 2920 ei
1099 2861 1241 2923 scelerati
1260 2863 1364 2926 Cbos-

272 2942 348 3003 rois’
357 2942 530 3021 interitum,
551 2962 722 3025 pacemque
743 2943 846 3024 iugem
866 2962 938 3001 cum
966 2962 1004 3003 co
1024 2963 1062 3004 ae
1082 2944 1284 3007 firmissimam
1302 2968 1362 3027 pe-

174 3026 303 3117 9‚503pi
324 3026 360 3104 it,
383 3024 526 3085 omnibus
539 3024 729 3102 Christianis,
751 3026 806 3107 qui
827 3025 858 3085 in
874 3026 1049 3087 carceribus
1074 3037 1106 3089 et
1128 3027 1159 3088 in
1176 3030 1260 3089 omni
1280 3029 1362 3091 Per.

270 3048 335 3175 side
355 3110 471 3192 captivi
489 3108 695 3186 tenebantur,
717 3107 746 3169 ei
767 3106 917 3186 remissis,
939 3132 1000 3170 una
1022 3130 1094 3170 eum
1115 3110 1265 3173 Zacharia
1285 3112 1362 3175 Hie-

271 3192 494 3278 rosolymiteno
521 3190 664 3273 praesule
697 3212 733 3251 ac
754 3191 899 3274 pretiosis
931 3200 963 3253 ct
984 3192 1112 3253 vivificis
1140 3195 1248 3277 liguis,
1280 3217 1362 3278 quac

269 3280 450 3339 lucrantes
474 3274 695 3360 Hierosolymis
728 3296 746 3336 a
766 3275 982 3355 Sarbmmnn,
1003 3297 1075 3338 cum
1095 3276 1287 3340 Hierusalem
1306 3300 1361 3341 ce.

268 3362 370 3444 pisset,
391 3359 505 3421 ablata.

350 3462 441 3520 Anno
464 3457 589 3542 imperii
614 3456 748 3519 Heraclii
774 3457 895 3520 decimo
916 3468 1030 3521 octavo
1050 3480 1103 3521 rer
1125 3458 1262 3521 habetur
1280 3460 1362 3522 Per·

268 3565 373 3605 sarum
395 3542 538 3620 Sironis,
570 3542 624 3625 qui
646 3562 727 3603 anno
751 3541 893 3639 regnavit
913 3563 989 3620 uno,
1013 3543 1138 3627 quando
1163 3554 1195 3605 et
1215 3544 1362 3606 Moamed

268 3628 407 3689 Arabum
428 3647 481 3687 seu
495 3627 726 3687 Saracenorum
746 3645 891 3707 princeps
912 3627 967 3688 sub
989 3626 1089 3690 Persis
1110 3624 1222 3710 degens
1241 3638 1361 3689 sextum

268 3712 378 3793 agebat
399 3730 538 3789 annum,
571 3720 779 3789 perventurus
800 3708 840 3769 ad
869 3730 995 3770 nonum.
1038 3709 1157 3773 interea
1179 3711 1262 3771 facta
1282 3732 1361 3792 paee

267 3815 340 3855 cuns
362 3792 461 3856 Persis
494 3802 590 3876 etque
617 3793 783 3869 Romanis,
806 3792 919 3854 direxit
949 3794 1124 3874 imperator
1151 3792 1359 3857 Theodorum

267 3878 398 3941 fratrem
418 3898 508 3939 suum
528 3893 597 3937 cum
621 3876 730 3937 litteris
753 3886 785 3936 ct
803 3874 980 3936 hominibus
1002 3876 1123 3938 Sirobis
1146 3878 1226 3960 regis
1245 3878 1360 3939 Persa.

267 3982 349 4035 rum,
373 3960 516 4044 quatinus
537 3958 659 4035 Persae,
680 3958 735 4041 qui
757 3960 788 4021 iu
809 3960 982 4021 Palaestina
1003 3968 1036 4021 ct
1055 3958 1168 4022 Edessa
1189 3968 1220 4022 et
1240 3960 1359 4023 Hiero.

225 4078 230 4088 ·
267 4044 391 4125 solymis
412 4053 444 4107 et
465 4044 577 4105 ceteris
599 4042 728 4103 urbibus
748 4044 964 4104 Romanorum
985 4052 1093 4122 essent,
1112 4065 1186 4106 cum
1207 4064 1286 4126 pace
1307 4066 1358 4107 re·

267 4136 470 4188 verterentur
500 4128 530 4187 in
561 4124 717 4189 Persidem
757 4136 789 4189 et
820 4126 955 4187 innocue
987 4138 1106 4187 terram
1143 4128 1358 4190 Romanorum

267 4210 445 4273 transirent.
487 4218 647 4292 postremo
667 4210 842 4294 imperator
864 4231 935 4271 cum
953 4230 1004 4271 ses
1023 4210 1110 4273 annis
1130 4208 1287 4275 Persidem
1304 4232 1357 4274 cr.
