3050 4900
518 366 573 429 EX
600 364 862 431 tutorum.
1166 358 1243 431 269

105 588 108 601 Ι
140 514 621 601 etpatricinm,virnmpiu1net
636 520 952 596 rationabilissimum,
964 516 1134 603 elegerunt.
1155 518 1241 602 quod

139 626 214 665 cum
235 602 434 663 multiformis
448 604 641 686 Nicephorus
656 604 840 687 agnovisset,
861 606 962 685 ipsum
979 602 1105 687 quidem
1119 623 1241 664 caesum
1250 626 1278 682 p.
1288 610 1339 665 tat

139 696 173 747 et
196 696 320 747 tonsum
341 684 529 747 monachum
550 688 625 749 fecit
639 696 671 749 et
692 688 784 749 exilio
805 688 1004 770 relegandum
1021 685 1241 770 inBithynium

139 770 247 845 misit,
267 768 403 853 reliquos
427 778 530 831 autem
550 771 697 833 caedibus
721 782 754 833 et
776 772 910 833 tonsuris
925 779 958 832 et
975 770 1240 853 publicationibus

142 856 271 936 insuper
293 861 326 915 et
344 852 438 915 exiliis
455 852 610 933 subdidit,
646 876 709 916 unu
729 855 831 917 solum
861 854 1026 916 mundialis
1047 855 1128 915 vitae
1148 854 1242 935 prin.

136 938 235 1019 cipes,
258 938 310 997 sed
333 945 365 997 et
384 937 547 1019 episcopos
569 948 690 1000 sanctos
713 936 945 1014 elmonachcs,
977 958 1098 1000 necnon
1122 946 1154 999 et
1174 958 1241 999 ma-

144 1022 221 1081 ioris
245 1014 388 1083 ecclesiae
418 1021 587 1104 syncellum
621 1030 652 1083 et
678 1021 871 1084 sacellarium
902 1031 933 1084 et
954 1020 1240 1105 chartophylacem,

141 1106 229 1167 viros
252 1104 451 1167 rationabiles
473 1112 504 1167 et
526 1105 846 1187 reverentiapdiguos.

227 1206 319 1265 Anno
348 1205 471 1286 imperii
503 1205 677 1288 Nicephori
709 1206 842 1287 septimo
875 1208 981 1267 Aaron
1010 1205 1148 1266 Arabum
1178 1202 1240 1265 dur

141 1297 287 1349 mortuus
307 1290 403 1348 estin
425 1289 579 1351 interiore
602 1288 739 1366 Perside,
762 1310 842 1371 quae
858 1298 991 1350 vocatur
1013 1290 1188 1366 Chirsnsan,
1207 1296 1242 1349 et

142 1372 278 1453 suscepit
310 1370 524 1453 principatum
554 1375 700 1436 Manmed
738 1372 818 1434 lilius
849 1372 913 1434 eins
951 1374 1150 1455 scrupulosus
1181 1392 1241 1452 per

139 1454 258 1531 omnia,
280 1464 391 1517 contra
415 1476 508 1539 quem
529 1456 660 1519 Abdelas
682 1457 781 1519 frater
794 1457 858 1518 eins
877 1454 1059 1518 seditionem
1080 1456 1240 1517 concitans

143 1538 283 1601 intestini
306 1538 378 1599 balli
400 1539 498 1601 factus
528 1548 574 1602 est
594 1549 720 1603 auctor.
765 1550 798 1603 et
819 1539 893 1601 hinc
912 1540 945 1601 lai
966 1540 1021 1623 qui
1044 1542 1076 1600 in
1097 1538 1188 1622 Syria
1208 1548 1241 1599 et

142 1628 286 1703 Aegypto
315 1642 352 1683 uc
373 1623 471 1706 Libyn
494 1634 602 1703 erant,
623 1625 655 1687 iu
676 1624 815 1686 diversos
844 1624 932 1685 incisi
948 1623 1154 1705 principatus,
1176 1632 1242 1685 tam

142 1704 282 1789 publicas
304 1726 353 1767 res
383 1728 475 1789 quam
497 1708 665 1771 alterutros
691 1707 924 1786 subverterunt,
943 1706 1183 1771 mactationibus
1208 1713 1241 1768 et

143 1790 259 1871 rapinis
280 1810 318 1849 an
339 1788 466 1853 diversis
478 1790 604 1873 ‘flagitiis
624 1802 738 1853 contra
752 1812 784 1854 se
795 1802 971 1875 contraque
990 1789 1129 1853 subditos
1145 1787 1240 1851 Chri.

139 1874 255 1935 stiauus
280 1874 411 1935 confusi.
454 1896 491 1935 ac
512 1898 571 1957 per
593 1876 655 1937 hoc
674 1875 829 1953 ecclesiae,
850 1896 930 1958 quae
950 1874 983 1936 iu
1002 1882 1108 1936 sancta
1122 1872 1239 1935 Christi

140 1956 190 2017 dei
212 1958 313 2019 nostri
333 1966 424 2019 crant
443 1958 586 2040 civitate,
607 1960 747 2023 desertae
773 1960 875 2022 factae
893 1967 974 2035 sunt,
995 1967 1028 2021 et
1048 1955 1237 2019 monasteria

142 2040 276 2102 datarum
298 2062 479 2123 magnarum
496 2044 670 2105 Laurarum
685 2048 731 2121 Ἴ,
751 2053 875 2105 sanctae
896 2042 1042 2107 videlicet
1063 2040 1270 2127 memoriaep.
1282 2055 1334 2110 752

141 2122 320 2187 Charitonis
341 2134 373 2187 et
385 2125 509 2209 Cyriaci
531 2136 626 2209 atque
640 2128 675 2190 S.
688 2128 797 2208 Sabae,
819 2148 942 2191 necnon
965 2125 1140 2210 etreliqua
1160 2146 1236 2189 οοο-

142 2208 239 2269 nobia
258 2210 313 2269 SS.
335 2208 497 2294 Enthymii
520 2220 552 2273 et
572 2210 752 2275 Tlseodosii.
800 2211 988 2275 Theodorus
1009 2221 1113 2273 autem
1136 2210 1236 2290 begu·

143 2312 254 2353 manus
267 2293 369 2354 Stadii
390 2302 422 2355 et
443 2297 490 2356 los
534 2296 554 2355 h
576 2298 676 2359 frater
695 2297 773 2375 eins,
795 2294 1048 2378 archiepiscopus
1069 2293 1238 2357 Thessalo·

145 2374 286 2454 nicensis,
308 2398 369 2438 uua
395 2398 466 2439 cum
486 2378 620 2442 Patuue
649 2379 786 2443 inclausa
810 2389 843 2442 et
862 2381 975 2442 ceteris
996 2376 1154 2440 monacbis
1174 2379 1236 2437 suis

143 2481 163 2520 a
184 2461 402 2525 commuuione
424 2473 618 2526 recesserunt
638 2464 808 2547 Nicephori
836 2463 1018 2526 sanctissimi
1036 2459 1237 2544 patriarchae

140 2554 278 2625 propter
298 2544 406 2628 loseph
423 2545 663 2624 vicedominum,
684 2550 737 2632 qui
750 2542 1015 2630 praevaricatorie
1028 2552 1237 2607 coronaverat

142 2629 383 2692 Constantinum
415 2641 447 2692 et
469 2631 677 2693 Theodotem.
731 2642 807 2693 tnnc
832 2633 1026 2715 Nicephorus
1061 2628 1237 2711 imperator

142 2713 308 2777 occasione
327 2725 487 2796 percepta,
512 2737 584 2778 cnm
598 2717 760 2798 episcopos
772 2717 886 2778 multos
903 2726 936 2779 et
954 2715 1143 2798 hegumenus
1155 2733 1236 2774 con..

142 2807 315 2878 gregaaset,
342 2800 496 2882 synodum
523 2801 668 2862 adversus
698 2801 767 2861 illos
792 2801 945 2862 celebrari
977 2799 1153 2882 praecepit,
1176 2817 1238 2878 per

143 2902 238 2962 quam
259 2885 450 2944 monasterio
473 2893 505 2946 et
519 2885 600 2946 urhe
622 2885 734 2946 deiecti
754 2885 846 2948 exilio
859 2895 933 2948 suut
953 2883 1109 2960 destinati,
1132 2902 1237 2946 mense

142 2963 299 3038 Ianuario,
322 2967 495 3030 indictione
513 2965 656 3031 secunda.

224 3065 346 3130 Eodem
366 3069 459 3130 etiam
480 3091 562 3130 anno
585 3067 658 3129 dum
680 3087 756 3151 roge
779 3088 873 3149 penes
892 3069 1094 3130 strumonem
1114 3089 1236 3129 amnem

142 3151 264 3231 populo
303 3151 566 3230 distribueretur,
598 3155 750 3214 irruentes
771 3153 922 3235 Vulgares
941 3153 1022 3214 hanc
1043 3150 1235 3229 ademerunt,

141 3233 214 3294 auri
238 3235 333 3296 libras
352 3245 477 3298 centum
499 3246 531 3299 et
545 3236 636 3313 mille,
658 3238 854 3319 multumque
873 3238 1028 3319 populum
1049 3233 1236 3296 occiderunt

141 3337 215 3377 cum
236 3328 385 3400 praetore
409 3331 504 3406 utque
526 3321 730 3404 principibus.
782 3329 873 3383 erant
901 3321 983 3382 enim
1003 3330 1035 3383 et
1055 3329 1236 3380 ceterorum
1337 3344 1341 3354 ·

144 3400 317 3464 thematum
348 3405 463 3468 ibidem
497 3406 592 3468 taxati
620 3406 784 3488 princepes
818 3427 881 3467 uon
904 3404 1015 3486 pauci,
1044 3401 1099 3486 qui
1128 3422 1235 3464 omncs

141 3483 358 3584 illicperiere.
401 3497 553 3572 ceperunt
573 3499 676 3552 autem
700 3498 855 3552 ettotam
877 3488 1046 3567 sarcinam,
1065 3485 1161 3549 etita
1182 3505 1236 3550 re-

138 3587 224 3631 versa
245 3581 325 3634 suut.
891 3613 895 3616 -

177 3741 297 3815 ')laura
317 3747 515 3799 monasterinm.
535 3747 659 3812 synodus
676 3747 796 3798 Nicaena
819 3753 870 3798 act
889 3745 914 3797 1.
933 3764 966 3798 cx
986 3745 1059 3798 libro
1082 3745 1109 3800 S.
1129 3743 1234 3798 Sabas:

215 3813 253 3866 δι’
267 3811 457 3872 Ἀνοστασίου
474 3811 523 3872 τοῦ
544 3813 644 3878 daveda
659 3817 706 3882 τῆς
723 3821 790 3878 νέος
805 3818 911 3884 λαύρας
925 3810 1029 3878 αὐτοὺς
1045 3817 1152 3879 ἐξέωσε
1172 3817 1234 3867 Μο-

217 3885 369 3954 tephrastes
389 3891 463 3958 Sept.
484 3891 512 3942 in
531 3889 632 3942 charit
654 3881 705 3954 alr
724 3887 775 3954 ἤδη
800 3896 1048 3960 purpurandam
1067 3883 1149 3958 ἱερὸν
1167 3885 1236 3939 lusi-

218 3973 274 4024 ραν
292 3961 388 4015 claudo
411 3969 443 4014 tt.
460 3960 530 4012 udde
542 3961 748 4012 Constantinum
766 3958 801 4010 de
819 3960 920 4011 admiu.
941 3962 1006 4028 imp.
1024 3957 1098 4029 pst
1115 3957 1159 4010 cd.
1175 3957 1234 4029 pri-

216 4043 285 4088 mae,
304 3981 495 4102 Nicephorum,
508 4031 648 4091 Callistum
669 4032 716 4082 οἳ
732 4049 757 4098 p.
776 4030 829 4083 555
847 4040 876 4083 et
892 4030 953 4094 564,
970 4033 1009 4083 ln.
1026 4029 1166 4082 Moschum
1186 4028 1235 4081 Li·

217 4101 331 4152 mnuarii
354 4119 377 4155 c.
390 4099 417 4155 4.
439 4103 592 4169 Anonymns
609 4100 638 4154 iu
652 4102 832 4156 Constantino
850 4103 947 4154 Leonis
973 4101 1002 4156 F.
1021 4099 1037 4156 d
1058 4099 1090 4155 dl
1107 4097 1237 4170 βασιλεὺς

212 4167 355 4292 {parata
371 4171 540 4235 ἀποστείλας
563 4175 602 4233 εἰς
624 4173 718 4228 πάντα
737 4171 772 4227 τὰ
789 4172 968 4246 μοναοτὴρια
984 4175 1034 4229 καὶ
1051 4166 1104 4234 τὰς
1121 4171 1235 4243 λαύρας.

256 4259 294 4292 aa.
