3050 4900
277 326 352 402 43⁴2
401 388 406 400 .
624 355 630 368 ·
650 337 691 397 ΙΝ
720 333 998 400 TssEOPHhNEtd

279 515 491 598 Pharangion
518 527 676 590 mam,
696 515 775 575 uude
804 533 918 574 aarum
948 514 1064 574 Persae
1078 515 1218 597 socliaut,
1245 522 1366 606 regrhue

262 603 389 678 serunt,
412 609 444 659 et
464 601 560 658 intra:
593 597 666 657 iude
699 596 983 659 Persnmneuiorum
1006 597 1086 678 fines
1115 601 1278 681 incipiunt,
1313 606 1369 667 ubi

275 686 347 744 arni
368 683 524 743 metallum
545 692 597 755 est,
621 681 704 763 quod
722 679 853 741 &bade
875 680 1062 758 concedente,
1084 682 1210 765 quidam
1233 686 1297 746 loci
1315 688 1366 746 ia.

275 767 387 848 άὶςιηα
407 767 528 826 nomine
536 762 701 840 Symeoues
722 764 865 824 curabam
907 766 941 822 oi
959 776 1116 846 postquam
1137 766 1247 846 Lazos,
1264 769 1365 830 erno.

275 869 380 910 marsos
399 851 434 908 iu
452 848 531 907 bello
548 849 728 930 potentiores
754 847 848 922 uidit,
871 787 1021 906 AEbndem
1044 845 1146 907 redint
1163 853 1365 930 percutiamus

272 933 426 1014 privavit.
469 932 538 992 ideo
563 944 593 990 et
618 932 713 1012 ipsum
734 931 829 988 umal
852 951 920 990 cum
942 930 1118 1010 Plias-cugio
1139 931 1283 993 Roaiam‘s
1302 949 1365 995 tra.

275 1015 349 1076 deas
366 1016 464 1098 petiit,
486 1027 519 1074 ut
537 1015 601 1098 ipsi
618 1016 739 1074 maratis
756 1012 844 1090 alir's,
865 1031 928 1072 rem
956 1028 1109 1074 curarent.
1156 1029 1189 1075 ot
1209 1017 1269 1076 illis
1285 1019 1373 1078 nihil.

276 1099 316 1158 cle
334 1098 460 1160 metallo
479 1097 675 1173 emanatus,
694 1109 810 1158 mahom
829 1097 903 1158 sotis
924 1098 1022 1157 anam
1038 1097 1134 1158 hostes
1153 1099 1208 1158 lsoc
1227 1101 1365 1182 uectigal

276 1201 421 1242 astruisse.

361 1285 432 1364 775,
452 1285 482 1349 7.
524 1286 570 1360 εἷς
583 1281 620 1348 ci
640 1281 821 1364 Ἀμμῶιος]
835 1285 1032 1350 Ammodinm
1051 1287 1153 1350 iocum
1173 1291 1289 1352 aDara
1303 1299 1365 1352 sta·

277 1371 333 1432 diis
354 1371 394 1434 90
417 1371 592 1448 distantem,
613 1390 677 1452 quo
697 1370 755 1431 sihi
766 1369 878 1432 Persae
895 1378 927 1432 ct
944 1371 1074 1434 Romani
1095 1371 1232 1454 primunr
1250 1395 1365 1436 occur.

277 1477 349 1517 rere
374 1464 528 1517 memorat
547 1456 658 1516 citatus
681 1453 868 1534 Procopius.

360 1580 441 1646 lhid.
464 1579 494 1642 8.
537 1574 678 1656 ὀνόματα
706 1576 806 1660 πέντε]
838 1597 1004 1660 personam
1033 1579 1147 1640 Graeci
1176 1581 1365 1645 recentiores

278 1661 386 1726 dicunt
408 1653 526 1740 ὄνομα,
557 1664 645 1745 quod
667 1683 870 1744 unaquaeqne
892 1663 1017 1724 nomine
1038 1661 1252 1744 dignoscatur.
1293 1662 1364 1726 siso-

275 1743 372 1827 pu'rot
393 1767 521 1832 quoque
543 1746 574 1805 in
595 1745 711 1826 plurali
730 1744 814 1807 idem
828 1745 987 1828 significat.
1007 1741 1077 1824 doio,
1100 1751 1184 1828 τρεῖς
1207 1737 1364 1832 tropaea,

276 1834 363 1908 darae,
387 1845 448 1892 tres
463 1848 626 1912 personae.

357 1935 439 2034 [laid.
463 1938 510 1998 11.
566 1932 610 2019 rai
636 1933 665 1996 δ’
693 1930 783 2034 αὐτῷ
801 1931 918 2020 χρόνῳ]
949 1935 1203 1999 Saraceoicarnm
1225 1939 1365 2001 tribuum

277 2020 388 2082 dacem
421 2031 515 2080 astam
532 2020 679 2080 Romanu
708 2039 842 2079 amicum
862 2019 1010 2080 hretlram
1030 2020 1228 2082 Alamundsri
1249 2043 1366 2105 perpe.

278 2115 367 2167 tuum
387 2103 507 2166 hostem
540 2103 630 2164 fuine
663 2101 836 2166 indubium.
885 2101 924 2164 de
946 2104 1110 2186 utriusque
1133 2105 1218 2168 bellis
1239 2105 1364 2168 Proca.

277 2189 345 2329 pius
365 2187 436 2332 lipi)
446 2185 538 2330 lqde
569 2185 652 2250 helio
684 2185 811 2248 Persico
844 2195 915 2267 post
943 2185 1097 2264 medium,
1125 2197 1157 2250 ct
1178 2189 1271 2270 paulo
1294 2199 1366 2252 ante

288 2293 369 2331 inem
404 2293 445 2332 l·
488 2313 496 2329 ι

358 2385 430 2465 276,
450 2380 481 2448 4.
523 2383 673 2470 piscius]
693 2386 920 2448 recentioribus
950 2387 1076 2448 Graecis
1098 2395 1142 2451 est
1162 2389 1303 2451 mucram:
1326 2389 1365 2452 de

277 2494 339 2556 qua
359 2494 436 2569 racc
457 2471 610 2534 Meursius
639 2483 672 2534 et
696 2470 928 2557 euchologium.
980 2472 1161 2555 corruptius
1188 2469 1224 2535 sd
1246 2473 1366 2553 μετὰξυ

277 2566 495 2638 pronuntiant.

358 2654 444 2720 told.
466 2651 496 2716 6.
536 2652 592 2734 τῆς
608 2650 635 2735 η’
660 2648 883 2736 metaphoras]
906 2675 980 2715 coss.
1001 2653 1170 2736 Lampadio
1190 2666 1222 2718 et
1243 2655 1367 2733 Oreste,

275 2759 338 2821 qua
361 2737 531 2801 indictione
550 2746 699 2821 quartum
720 2737 879 2798 iustiniani
898 2760 1012 2800 annum
1028 2740 1060 2799 in
1082 2740 1210 2801 tertium
1231 2738 1365 2802 eThco-

275 2821 379 2905 phane
401 2829 567 2899 notatum,
587 2818 775 2883 incidentem
796 2829 939 2882 numerat
960 2822 1125 2885 Barouius.

358 2945 440 3007 [bid.
462 2944 492 3008 7.
535 2941 671 3023 διωγμὸν
690 2944 792 3023 μέγαν
812 2940 893 3006 socci
914 2944 979 3007 ταῖν
996 2943 1160 3026 Ἑλλήνων,
1185 2945 1241 3008 καὶ
1261 2941 1363 3027 πάσης

297 3024 439 3113 ἶρέσεως]
461 3039 543 3091 extat
561 3029 614 3089 lib.
639 3028 653 3089 1
676 3048 747 3110 cap.
770 3028 809 3089 de
839 3026 958 3091 haeret.
985 3038 1017 3091 et
1037 3026 1232 3107 Manichaeis,
1254 3039 1286 3093 et
1305 3032 1363 3091 Sa.

274 3134 350 3173 mar.
372 3113 420 3173 tit.
442 3112 482 3192 8,
503 3122 570 3175 tum
597 3111 690 3173 etiem
711 3113 746 3173 iis
764 3113 907 3173 omnihus
935 3113 1155 3191 sanctionibus,
1177 3112 1290 3197 quihus
1310 3122 1364 3175 ant
1394 3118 1397 3135 ¹

275 3198 367 3258 sideru
388 3197 592 3276 pientissimus
614 3195 665 3259 ilie
687 3196 861 3276 imperator
891 3197 1049 3278 satagebat
1079 3199 1280 3274 firmandam,
1308 3205 1363 3257 ant

272 3280 412 3343 haereses
432 3279 647 3344 convellendas
669 3280 818 3363 curabat„
851 3298 950 3361 porro
998 3278 1061 3341 nod
1079 3291 1200 3362 spectat
1221 3281 1362 3343 dotandos

274 3365 470 3426 idololatriae
491 3364 655 3449 reliquias,
678 3363 864 3446 Blemmyas,
886 3370 917 3423 ct
938 3302 1071 3425 Noiratas
1090 3373 1243 3427 extremos
1262 3366 1363 3447 Aegy-

272 3447 318 3529 pti
343 3447 477 3531 populos
498 3450 614 3511 Persici
629 3446 701 3508 belli
720 3456 871 3528 tempore,
896 3456 930 3507 ut
951 3448 1088 3507 Baronio
1108 3447 1221 3529 placet,
1246 3456 1361 3531 quarto

272 3532 397 3613 imperii
415 3552 514 3609 anno,
544 3532 598 3615 qui
629 3530 834 3612 Theophani,
854 3530 1045 3605 Marcellino,
1068 3540 1100 3591 et
1121 3532 1270 3593 chronico
1290 3530 1361 3592 hie.

272 3615 424 3676 sandrino
448 3617 567 3697 tertius,
590 3614 795 3696 etLampadii
818 3622 850 3675 ct
866 3612 983 3674 Orestis
1005 3616 1109 3696 primo
1132 3614 1292 3677 consulatu
1314 3615 1362 3674 in·

270 3700 373 3782 signis,
394 3698 506 3760 relicto
528 3696 709 3782 prophanae
730 3696 909 3779 gentilitatis
933 3697 1007 3769 ritu,
1031 3698 1069 3759 ad
1091 3719 1201 3759 verum
1222 3698 1270 3759 dei
1295 3698 1363 3758 col-

272 3792 338 3843 tum
359 3807 376 3843 a
398 3782 564 3843 iustiniano
593 3779 769 3856 traductos,
790 3780 909 3861 scripto
940 3780 1105 3842 confirmat
1129 3782 1303 3864 Procopius
1323 3781 1362 3842 de

270 3868 353 3927 licito
375 3876 549 3927 memorato
572 3864 626 3926 lib.
650 3865 666 3926 l
702 3886 765 3924 non
790 3865 877 3946 longe
899 3886 916 3923 a
941 3864 1010 3942 fine,
1034 3873 1065 3926 et
1088 3865 1126 3926 de
1145 3864 1234 3931 acdif.
1257 3864 1362 3925 lustiui

272 3960 352 4011 orat.
374 3949 395 4011 6
415 3950 491 4011 alios
521 3950 585 4011 eius
612 3968 673 4031 ope
701 3946 739 4007 ad
764 3946 854 4007 fidem
887 3956 1022 4007 vocatos.
1066 3950 1213 4030 qnoniam
1236 3969 1312 4009 vero
1330 3948 1361 4007 in

271 4030 432 4113 gentilium
455 4054 620 4095 numeram
636 4032 845 4093 samaritanos
859 4030 1051 4113 Epiphanius
1072 4041 1220 4103 recenset,
1245 4032 1298 4097 uhi
1324 4031 1364 4090 de

271 4136 382 4176 eorum
403 4116 539 4188 haeresi;
566 4116 812 4198 lusinianaeiqnc
833 4114 949 4176 codicis
960 4116 1072 4174 sancita
1098 4115 1268 4175 haereticos
1289 4135 1361 4195 per.

271 4201 469 4285 stringentia,
502 4202 711 4263 Samaritanus
747 4218 875 4282 quoque
906 4198 1097 4279 percellunt,
1129 4207 1161 4259 et
1190 4196 1363 4261 cinoniaon
