<?xml version="1.0" encoding="UTF-8"?>
<!DOCTYPE html PUBLIC "-//W3C//DTD XHTML 1.0 Transitional//EN"
    "http://www.w3.org/TR/xhtml1/DTD/xhtml1-transitional.dtd">
<html xmlns="http://www.w3.org/1999/xhtml" xml:lang="en" lang="en">
 <head>
  <title>
</title>
<meta http-equiv="Content-Type" content="text/html;charset=utf-8" />
  <meta name='ocr-system' content='tesseract 3.04.00' />
  <meta name='ocr-capabilities' content='ocr_page ocr_carea ocr_par ocr_line ocrx_word'/>
</head>
<body>
  <div class='ocr_page' id='page_1' title='image "./corpusscriptoru34theogoog_0634.png"; bbox 0 0 3050 4900; ppageno 0'>
   <div class='ocr_carea' id='block_1_1' title="bbox 433 379 1202 452">
    <p class='ocr_par' dir='ltr' id='par_1_1' title="bbox 433 379 1202 452">
     <span class='ocr_line' id='line_1_1' title="bbox 433 379 1202 452; baseline 0.003 -4"><span class='ocrx_word' id='word_1_1' title='bbox 433 385 572 448; x_wconf 71' lang='lat' dir='ltr'>Notat</span> <span class='ocrx_word' id='word_1_2' title='bbox 600 387 888 450; x_wconf 81' lang='lat' dir='ltr'>POSTERiORES.</span> <span class='ocrx_word' id='word_1_3' title='bbox 1128 379 1202 452; x_wconf 73' lang='lat'>625</span> 
     </span>
    </p>
   </div>
   <div class='ocr_carea' id='block_1_2' title="bbox 119 543 1209 886">
    <p class='ocr_par' dir='ltr' id='par_1_2' title="bbox 119 543 1209 886">
     <span class='ocr_line' id='line_1_2' title="bbox 119 543 1207 637; baseline 0 -27"><span class='ocrx_word' id='word_1_4' title='bbox 119 543 273 626; x_wconf 83' lang='grc' dir='ltr'><strong><em>μάτατον.</em></strong></span> <span class='ocrx_word' id='word_1_5' title='bbox 297 547 390 630; x_wconf 85' lang='lat' dir='ltr'>piane</span> <span class='ocrx_word' id='word_1_6' title='bbox 401 546 638 635; x_wconf 85' lang='grc' dir='ltr'><strong><em>ε’κκομοοτάταν,</em></strong></span> <span class='ocrx_word' id='word_1_7' title='bbox 656 551 809 637; x_wconf 88' lang='lat' dir='ltr'>quicquid</span> <span class='ocrx_word' id='word_1_8' title='bbox 821 551 923 614; x_wconf 75' lang='lat' dir='ltr'>vitiosi</span> <span class='ocrx_word' id='word_1_9' title='bbox 942 551 1033 618; x_wconf 84' lang='lat' dir='ltr'><strong>codd.</strong></span> <span class='ocrx_word' id='word_1_10' title='bbox 1052 552 1207 617; x_wconf 82' lang='lat' dir='ltr'>voluerit.</span> 
     </span>
     <span class='ocr_line' id='line_1_3' title="bbox 122 631 1206 722; baseline 0.009 -32"><span class='ocrx_word' id='word_1_11' title='bbox 122 639 189 714; x_wconf 80' lang='lat' dir='ltr'>quc·</span> <span class='ocrx_word' id='word_1_12' title='bbox 204 631 249 694; x_wconf 85' lang='lat' dir='ltr'>his</span> <span class='ocrx_word' id='word_1_13' title='bbox 272 634 373 694; x_wconf 83' lang='lat' dir='ltr'>verbis</span> <span class='ocrx_word' id='word_1_14' title='bbox 392 633 524 696; x_wconf 81' lang='lat' dir='ltr'>reddere</span> <span class='ocrx_word' id='word_1_15' title='bbox 545 641 648 698; x_wconf 77' lang='lat' dir='ltr'>duest.</span> <span class='ocrx_word' id='word_1_16' title='bbox 667 635 839 700; x_wconf 77' lang='lat' dir='ltr'>accideret</span> <span class='ocrx_word' id='word_1_17' title='bbox 855 650 922 700; x_wconf 83' lang='lat' dir='ltr'>tam</span> <span class='ocrx_word' id='word_1_18' title='bbox 941 658 1070 722; x_wconf 81' lang='lat' dir='ltr'>nequam</span> <span class='ocrx_word' id='word_1_19' title='bbox 1089 639 1206 700; x_wconf 81' lang='lat' dir='ltr'><em>Roma-</em></span> 
     </span>
     <span class='ocr_line' id='line_1_4' title="bbox 121 717 1208 800; baseline 0.006 -25"><span class='ocrx_word' id='word_1_20' title='bbox 121 737 228 776; x_wconf 80' lang='lat' dir='ltr'>norum</span> <span class='ocrx_word' id='word_1_21' title='bbox 248 717 425 800; x_wconf 65' lang='lat' dir='ltr'>imperium</span> <span class='ocrx_word' id='word_1_22' title='bbox 450 717 482 778; x_wconf 95' lang='lat' dir='ltr'>id</span> <span class='ocrx_word' id='word_1_23' title='bbox 502 729 567 798; x_wconf 85' lang='lat' dir='ltr'>est,</span> <span class='ocrx_word' id='word_1_24' title='bbox 590 720 629 782; x_wconf 84' lang='lat' dir='ltr'>ad</span> <span class='ocrx_word' id='word_1_25' title='bbox 655 721 821 780; x_wconf 81' lang='lat' dir='ltr'>sceleratos</span> <span class='ocrx_word' id='word_1_26' title='bbox 850 721 927 782; x_wconf 89' lang='lat' dir='ltr'>adeo</span> <span class='ocrx_word' id='word_1_27' title='bbox 952 721 1091 783; x_wconf 83' lang='lat' dir='ltr'>homiues</span> <span class='ocrx_word' id='word_1_28' title='bbox 1111 721 1208 782; x_wconf 84' lang='lat' dir='ltr'>devo·</span> 
     </span>
     <span class='ocr_line' id='line_1_5' title="bbox 123 796 1209 886; baseline 0.006 -30"><span class='ocrx_word' id='word_1_29' title='bbox 123 796 232 860; x_wconf 81' lang='lat' dir='ltr'>lutum.</span> <span class='ocrx_word' id='word_1_30' title='bbox 258 799 352 860; x_wconf 84' lang='grc' dir='ltr'><strong><em>τοῦτο</em></strong></span> <span class='ocrx_word' id='word_1_31' title='bbox 370 801 454 880; x_wconf 67' lang='grc' dir='ltr'><strong><em>μέγα</em></strong></span> <span class='ocrx_word' id='word_1_32' title='bbox 473 800 636 881; x_wconf 70' lang='grc' dir='ltr'>λγκυκυῖα.</span> <span class='ocrx_word' id='word_1_33' title='bbox 659 803 754 885; x_wconf 82' lang='lat' dir='ltr'>Peyr.</span> <span class='ocrx_word' id='word_1_34' title='bbox 774 825 850 886; x_wconf 82' lang='lat' dir='ltr'>quae</span> <span class='ocrx_word' id='word_1_35' title='bbox 871 825 919 864; x_wconf 81' lang='grc' dir='ltr'>νεε</span> <span class='ocrx_word' id='word_1_36' title='bbox 940 809 1048 885; x_wconf 78' lang='lat' dir='ltr'>magni</span> <span class='ocrx_word' id='word_1_37' title='bbox 1057 805 1137 883; x_wconf 82' lang='grc' dir='ltr'><strong><em>υἰεα,</em></strong></span> <span class='ocrx_word' id='word_1_38' title='bbox 1149 815 1209 864; x_wconf 88' lang='lat' dir='ltr'>etc.</span> 
     </span>
    </p>
   </div>
   <div class='ocr_carea' id='block_1_3' title="bbox 205 901 1211 992">
    <p class='ocr_par' dir='ltr' id='par_1_3' title="bbox 205 901 1211 992">
     <span class='ocr_line' id='line_1_6' title="bbox 205 901 1211 992; baseline 0.004 -26"><span class='ocrx_word' id='word_1_39' title='bbox 205 905 277 986; x_wconf 69' lang='lat'>596,</span> <span class='ocrx_word' id='word_1_40' title='bbox 300 903 347 970; x_wconf 79' lang='grc'>14.</span> <span class='ocrx_word' id='word_1_41' title='bbox 390 901 526 980; x_wconf 83' lang='grc' dir='ltr'><strong><em>πολλοείς</em></strong></span> <span class='ocrx_word' id='word_1_42' title='bbox 558 907 707 992; x_wconf 83' lang='grc' dir='ltr'><strong><em>στάλους]</em></strong></span> <span class='ocrx_word' id='word_1_43' title='bbox 729 910 820 989; x_wconf 82' lang='grc' dir='ltr'><strong><em>ρΙεοε</em></strong></span> <span class='ocrx_word' id='word_1_44' title='bbox 841 906 1029 988; x_wconf 84' lang='grc' dir='ltr'><strong><em>στυλίτους,</em></strong></span> <span class='ocrx_word' id='word_1_45' title='bbox 1051 911 1098 972; x_wconf 92' lang='lat' dir='ltr'>uti</span> <span class='ocrx_word' id='word_1_46' title='bbox 1117 911 1211 973; x_wconf 86' lang='lat' dir='ltr'>etiam</span> 
     </span>
    </p>
   </div>
   <div class='ocr_carea' id='block_1_4' title="bbox 122 988 1315 1071">
    <p class='ocr_par' dir='ltr' id='par_1_4' title="bbox 122 988 1315 1071">
     <span class='ocr_line' id='line_1_7' title="bbox 122 988 1315 1071; baseline 0.006 -22"><span class='ocrx_word' id='word_1_47' title='bbox 122 988 197 1071; x_wconf 73' lang='lat' dir='ltr'>tegit</span> <span class='ocrx_word' id='word_1_48' title='bbox 216 994 318 1053; x_wconf 80' lang='lat' dir='ltr'>Anast.</span> <span class='ocrx_word' id='word_1_49' title='bbox 340 991 446 1052; x_wconf 69' lang='lat' dir='ltr'>medeor</span> <span class='ocrx_word' id='word_1_50' title='bbox 470 993 689 1064; x_wconf 77' lang='lat' dir='ltr'>columnatum</span> <span class='ocrx_word' id='word_1_51' title='bbox 716 994 875 1053; x_wconf 80' lang='grc' dir='ltr'><strong><em>πτοπαοίτοε</em></strong></span> <span class='ocrx_word' id='word_1_52' title='bbox 909 997 1055 1055; x_wconf 77' lang='lat' dir='ltr'>columnis</span> <span class='ocrx_word' id='word_1_53' title='bbox 1083 995 1211 1070; x_wconf 84' lang='lat' dir='ltr'>deiecit,·</span> <span class='ocrx_word' id='word_1_54' title='bbox 1310 1037 1315 1056; x_wconf 85' lang='grc'><strong>.</strong></span> 
     </span>
    </p>
   </div>
   <div class='ocr_carea' id='block_1_5' title="bbox 108 1071 1213 1311">
    <p class='ocr_par' dir='ltr' id='par_1_5' title="bbox 108 1071 1213 1311">
     <span class='ocr_line' id='line_1_8' title="bbox 108 1071 1212 1158; baseline 0.005 -27"><span class='ocrx_word' id='word_1_55' title='bbox 108 1092 187 1131; x_wconf 56' lang='grc' dir='ltr'><strong><em>’σου</em></strong></span> <span class='ocrx_word' id='word_1_56' title='bbox 211 1080 336 1146; x_wconf 84' lang='lat' dir='ltr'>statuas,</span> <span class='ocrx_word' id='word_1_57' title='bbox 369 1073 455 1155; x_wconf 89' lang='lat' dir='ltr'>quod</span> <span class='ocrx_word' id='word_1_58' title='bbox 485 1095 585 1157; x_wconf 85' lang='lat' dir='ltr'>neque</span> <span class='ocrx_word' id='word_1_59' title='bbox 613 1071 804 1146; x_wconf 64' lang='lat' dir='ltr'>reuertitur</span> <span class='ocrx_word' id='word_1_60' title='bbox 826 1075 936 1150; x_wconf 86' lang='lat' dir='ltr'>hubet;</span> <span class='ocrx_word' id='word_1_61' title='bbox 962 1077 1018 1138; x_wconf 83' lang='lat' dir='ltr'>etsi</span> <span class='ocrx_word' id='word_1_62' title='bbox 1037 1071 1082 1154; x_wconf 84' lang='grc' dir='ltr'>τά,</span> <span class='ocrx_word' id='word_1_63' title='bbox 1101 1072 1212 1158; x_wconf 79' lang='grc' dir='ltr'><strong><em>στήλη,</em></strong></span> 
     </span>
     <span class='ocr_line' id='line_1_9' title="bbox 122 1154 1213 1240; baseline 0.005 -23"><span class='ocrx_word' id='word_1_64' title='bbox 122 1163 223 1217; x_wconf 82' lang='lat' dir='ltr'>statua</span> <span class='ocrx_word' id='word_1_65' title='bbox 243 1154 330 1217; x_wconf 84' lang='lat' dir='ltr'>reddi</span> <span class='ocrx_word' id='word_1_66' title='bbox 353 1165 459 1239; x_wconf 86' lang='lat' dir='ltr'>queat.</span> <span class='ocrx_word' id='word_1_67' title='bbox 484 1158 585 1219; x_wconf 84' lang='lat' dir='ltr'>coacti</span> <span class='ocrx_word' id='word_1_68' title='bbox 608 1177 683 1240; x_wconf 84' lang='lat' dir='ltr'>ergo</span> <span class='ocrx_word' id='word_1_69' title='bbox 711 1157 861 1218; x_wconf 84' lang='lat' dir='ltr'>eiusmodi</span> <span class='ocrx_word' id='word_1_70' title='bbox 883 1157 1030 1222; x_wconf 87' lang='lat' dir='ltr'>monaehi</span> <span class='ocrx_word' id='word_1_71' title='bbox 1048 1159 1213 1223; x_wconf 80' lang='lat' dir='ltr'>stationem</span> 
     </span>
     <span class='ocr_line' id='line_1_10' title="bbox 124 1239 889 1311; baseline 0.001 -10"><span class='ocrx_word' id='word_1_72' title='bbox 124 1239 284 1311; x_wconf 83' lang='lat' dir='ltr'>deserere;</span> <span class='ocrx_word' id='word_1_73' title='bbox 306 1259 369 1300; x_wconf 89' lang='lat' dir='ltr'>uon</span> <span class='ocrx_word' id='word_1_74' title='bbox 392 1240 554 1302; x_wconf 76' lang='lat' dir='ltr'>columnae</span> <span class='ocrx_word' id='word_1_75' title='bbox 573 1241 724 1302; x_wconf 84' lang='lat' dir='ltr'>columnis</span> <span class='ocrx_word' id='word_1_76' title='bbox 740 1239 889 1304; x_wconf 79' lang='lat' dir='ltr'>excidere.</span> 
     </span>
    </p>
   </div>
   <div class='ocr_carea' id='block_1_6' title="bbox 203 1339 862 1430">
    <p class='ocr_par' dir='ltr' id='par_1_6' title="bbox 203 1339 862 1430">
     <span class='ocr_line' id='line_1_11' title="bbox 203 1339 862 1430; baseline 0.002 -22"><span class='ocrx_word' id='word_1_77' title='bbox 203 1346 285 1409; x_wconf 84' lang='lat' dir='ltr'>Ibid.</span> <span class='ocrx_word' id='word_1_78' title='bbox 311 1344 363 1408; x_wconf 73' lang='lat'>20.</span> <span class='ocrx_word' id='word_1_79' title='bbox 405 1339 490 1427; x_wconf 83' lang='grc' dir='ltr'><strong><em>εἶχεν</em></strong></span> <span class='ocrx_word' id='word_1_80' title='bbox 513 1347 549 1410; x_wconf 79' lang='grc' dir='ltr'>δὲ</span> <span class='ocrx_word' id='word_1_81' title='bbox 567 1341 688 1430; x_wconf 72' lang='grc' dir='ltr'><strong><em>σκάφη]</em></strong></span> <span class='ocrx_word' id='word_1_82' title='bbox 710 1349 786 1430; x_wconf 84' lang='lat' dir='ltr'>Reg.</span> <span class='ocrx_word' id='word_1_83' title='bbox 802 1356 862 1410; x_wconf 86' lang='lat' dir='ltr'>etc.</span> 
     </span>
    </p>
   </div>
   <div class='ocr_carea' id='block_1_7' title="bbox 123 1448 1254 2346">
    <p class='ocr_par' dir='ltr' id='par_1_7' title="bbox 123 1448 1254 2346">
     <span class='ocr_line' id='line_1_12' title="bbox 206 1448 1215 1536; baseline 0.006 -25"><span class='ocrx_word' id='word_1_84' title='bbox 206 1449 278 1527; x_wconf 73' lang='lat'><strong>526,</strong></span> <span class='ocrx_word' id='word_1_85' title='bbox 303 1451 351 1512; x_wconf 87' lang='grc'>16.</span> <span class='ocrx_word' id='word_1_86' title='bbox 394 1451 453 1523; x_wconf 76' lang='grc' dir='ltr'>ἕως</span> <span class='ocrx_word' id='word_1_87' title='bbox 473 1454 531 1513; x_wconf 79' lang='grc' dir='ltr'>τοῦ</span> <span class='ocrx_word' id='word_1_88' title='bbox 557 1448 641 1528; x_wconf 70' lang='grc' dir='ltr'><strong><em>οὕν]“</em></strong></span> <span class='ocrx_word' id='word_1_89' title='bbox 659 1454 735 1536; x_wconf 78' lang='lat' dir='ltr'>Reg.</span> <span class='ocrx_word' id='word_1_90' title='bbox 756 1463 816 1516; x_wconf 82' lang='lat' dir='ltr'>etc.</span> <span class='ocrx_word' id='word_1_91' title='bbox 843 1460 916 1516; x_wconf 85' lang='lat' dir='ltr'>unte</span> <span class='ocrx_word' id='word_1_92' title='bbox 936 1449 1215 1535; x_wconf 75' lang='grc' dir='ltr'><strong><em>στρατοπεδάρχης</em></strong></span> 
     </span>
     <span class='ocr_line' id='line_1_13' title="bbox 125 1531 1213 1620; baseline 0.004 -26"><span class='ocrx_word' id='word_1_93' title='bbox 125 1533 239 1594; x_wconf 81' lang='lat' dir='ltr'>excidit</span> <span class='ocrx_word' id='word_1_94' title='bbox 259 1555 372 1597; x_wconf 86' lang='lat' dir='ltr'>nomen</span> <span class='ocrx_word' id='word_1_95' title='bbox 393 1536 561 1618; x_wconf 86' lang='lat' dir='ltr'>proprium</span> <span class='ocrx_word' id='word_1_96' title='bbox 573 1531 734 1614; x_wconf 85' lang='grc' dir='ltr'><strong><em>Βουσοάρ,</em></strong></span> <span class='ocrx_word' id='word_1_97' title='bbox 758 1537 845 1620; x_wconf 88' lang='lat' dir='ltr'>quod</span> <span class='ocrx_word' id='word_1_98' title='bbox 866 1543 968 1598; x_wconf 84' lang='lat' dir='ltr'>Anast.</span> <span class='ocrx_word' id='word_1_99' title='bbox 989 1549 1213 1620; x_wconf 77' lang='lat' dir='ltr'>repraesentet:</span> 
     </span>
     <span class='ocr_line' id='line_1_14' title="bbox 125 1618 1214 1704; baseline 0.003 -28"><span class='ocrx_word' id='word_1_100' title='bbox 125 1618 225 1676; x_wconf 84' lang='lat' dir='ltr'>Busur</span> <span class='ocrx_word' id='word_1_101' title='bbox 238 1621 381 1702; x_wconf 80' lang='lat' dir='ltr'>princeps</span> <span class='ocrx_word' id='word_1_102' title='bbox 396 1621 562 1680; x_wconf 78' lang='lat' dir='ltr'>exercitus:</span> <span class='ocrx_word' id='word_1_103' title='bbox 578 1619 661 1701; x_wconf 86' lang='lat' dir='ltr'>apud</span> <span class='ocrx_word' id='word_1_104' title='bbox 679 1641 772 1702; x_wconf 89' lang='lat' dir='ltr'>quem</span> <span class='ocrx_word' id='word_1_105' title='bbox 787 1622 880 1683; x_wconf 87' lang='lat' dir='ltr'>etiam</span> <span class='ocrx_word' id='word_1_106' title='bbox 895 1620 1062 1702; x_wconf 85' lang='lat' dir='ltr'>simplicius</span> <span class='ocrx_word' id='word_1_107' title='bbox 1084 1622 1214 1704; x_wconf 85' lang='lat' dir='ltr'>legitur;</span> 
     </span>
     <span class='ocr_line' id='line_1_15' title="bbox 123 1701 1217 1788; baseline 0.003 -28"><span class='ocrx_word' id='word_1_108' title='bbox 123 1701 227 1760; x_wconf 81' lang='lat' dir='ltr'>occisis</span> <span class='ocrx_word' id='word_1_109' title='bbox 242 1703 351 1777; x_wconf 76' lang='lat' dir='ltr'>arultic,</span> <span class='ocrx_word' id='word_1_110' title='bbox 371 1723 435 1762; x_wconf 86' lang='lat' dir='ltr'>cum</span> <span class='ocrx_word' id='word_1_111' title='bbox 448 1704 577 1786; x_wconf 78' lang='grc' dir='ltr'><strong><em>ηιάπηιιε</em></strong></span> <span class='ocrx_word' id='word_1_112' title='bbox 595 1701 726 1764; x_wconf 82' lang='lat' dir='ltr'>millibus</span> <span class='ocrx_word' id='word_1_113' title='bbox 745 1705 931 1788; x_wconf 82' lang='lat' dir='ltr'>captivorum</span> <span class='ocrx_word' id='word_1_114' title='bbox 948 1725 1082 1764; x_wconf 75' lang='lat' dir='ltr'>reuersus</span> <span class='ocrx_word' id='word_1_115' title='bbox 1101 1718 1151 1764; x_wconf 85' lang='lat' dir='ltr'>est.</span> <span class='ocrx_word' id='word_1_116' title='bbox 1173 1703 1217 1763; x_wconf 90' lang='lat' dir='ltr'>sic</span> 
     </span>
     <span class='ocr_line' id='line_1_16' title="bbox 125 1777 1217 1866; baseline 0.003 -23"><span class='ocrx_word' id='word_1_117' title='bbox 125 1805 155 1863; x_wconf 89' lang='lat' dir='ltr'>p.</span> <span class='ocrx_word' id='word_1_118' title='bbox 181 1779 242 1844; x_wconf 74' lang='lat'>994</span> <span class='ocrx_word' id='word_1_119' title='bbox 262 1782 301 1845; x_wconf 89' lang='lat' dir='ltr'>de</span> <span class='ocrx_word' id='word_1_120' title='bbox 325 1786 442 1849; x_wconf 82' lang='lat' dir='ltr'>Busur:</span> <span class='ocrx_word' id='word_1_121' title='bbox 470 1787 525 1845; x_wconf 84' lang='grc' dir='ltr'>καί</span> <span class='ocrx_word' id='word_1_122' title='bbox 546 1781 774 1863; x_wconf 82' lang='grc' dir='ltr'><strong><em>η’χμαλωτεάσε</em></strong></span> <span class='ocrx_word' id='word_1_123' title='bbox 802 1781 950 1864; x_wconf 86' lang='grc' dir='ltr'><strong><em>πολλοάς,</em></strong></span> <span class='ocrx_word' id='word_1_124' title='bbox 992 1788 1048 1848; x_wconf 83' lang='grc' dir='ltr'>καί</span> <span class='ocrx_word' id='word_1_125' title='bbox 1066 1777 1217 1866; x_wconf 80' lang='grc' dir='ltr'><strong><em>άπὲστρε-</em></strong></span> 
     </span>
     <span class='ocr_line' id='line_1_17' title="bbox 126 1866 1217 1951; baseline 0.004 -25"><span class='ocrx_word' id='word_1_126' title='bbox 126 1886 197 1941; x_wconf 83' lang='grc' dir='ltr'><strong><em>ψεν.</em></strong></span> <span class='ocrx_word' id='word_1_127' title='bbox 248 1886 311 1926; x_wconf 87' lang='lat' dir='ltr'>uon</span> <span class='ocrx_word' id='word_1_128' title='bbox 334 1869 438 1949; x_wconf 78' lang='lat' dir='ltr'>piacet</span> <span class='ocrx_word' id='word_1_129' title='bbox 468 1866 554 1950; x_wconf 87' lang='lat' dir='ltr'>quod</span> <span class='ocrx_word' id='word_1_130' title='bbox 576 1867 679 1928; x_wconf 85' lang='lat' dir='ltr'>reddit</span> <span class='ocrx_word' id='word_1_131' title='bbox 708 1889 808 1930; x_wconf 81' lang='lat' dir='ltr'>novus</span> <span class='ocrx_word' id='word_1_132' title='bbox 829 1870 961 1951; x_wconf 85' lang='lat' dir='ltr'>interpr.</span> <span class='ocrx_word' id='word_1_133' title='bbox 985 1869 1022 1931; x_wconf 91' lang='lat' dir='ltr'>de</span> <span class='ocrx_word' id='word_1_134' title='bbox 1048 1886 1124 1950; x_wconf 82' lang='lat' dir='ltr'>pace</span> <span class='ocrx_word' id='word_1_135' title='bbox 1146 1889 1217 1930; x_wconf 83' lang='lat' dir='ltr'>cum</span> 
     </span>
     <span class='ocr_line' id='line_1_18' title="bbox 126 1943 1219 2036; baseline 0.003 -27"><span class='ocrx_word' id='word_1_136' title='bbox 126 1948 228 2009; x_wconf 82' lang='lat' dir='ltr'>Mevia</span> <span class='ocrx_word' id='word_1_137' title='bbox 243 1951 334 2010; x_wconf 85' lang='lat' dir='ltr'>inita:</span> <span class='ocrx_word' id='word_1_138' title='bbox 356 1946 376 2009; x_wconf 84' lang='grc' dir='ltr'><strong><em>ίί</em></strong></span> <span class='ocrx_word' id='word_1_139' title='bbox 389 1948 446 2010; x_wconf 84' lang='grc' dir='ltr'>καί</span> <span class='ocrx_word' id='word_1_140' title='bbox 462 1949 567 2029; x_wconf 80' lang='grc' dir='ltr'><strong><em>γέγονε</em></strong></span> <span class='ocrx_word' id='word_1_141' title='bbox 578 1943 631 2030; x_wconf 74' lang='grc' dir='ltr'>ἔτη</span> <span class='ocrx_word' id='word_1_142' title='bbox 643 1950 682 2029; x_wconf 77' lang='grc' dir='ltr'>β’.</span> <span class='ocrx_word' id='word_1_143' title='bbox 702 1953 785 2036; x_wconf 83' lang='lat' dir='ltr'>quod</span> <span class='ocrx_word' id='word_1_144' title='bbox 794 1973 875 2013; x_wconf 84' lang='lat' dir='ltr'>anuo</span> <span class='ocrx_word' id='word_1_145' title='bbox 887 1951 1012 2013; x_wconf 82' lang='lat' dir='ltr'>secundo</span> <span class='ocrx_word' id='word_1_146' title='bbox 1030 1955 1219 2034; x_wconf 84' lang='lat' dir='ltr'>postmodum</span> 
     </span>
     <span class='ocr_line' id='line_1_19' title="bbox 126 2032 1220 2129; baseline 0.004 -37"><span class='ocrx_word' id='word_1_147' title='bbox 126 2032 258 2094; x_wconf 80' lang='lat' dir='ltr'>Mucias</span> <span class='ocrx_word' id='word_1_148' title='bbox 273 2034 440 2129; x_wconf 61' lang='lat' dir='ltr'>pmestitiu</span> <span class='ocrx_word' id='word_1_149' title='bbox 462 2035 536 2110; x_wconf 83' lang='lat' dir='ltr'>imo,</span> <span class='ocrx_word' id='word_1_150' title='bbox 549 2034 761 2116; x_wconf 83' lang='lat' dir='ltr'>quodfactum</span> <span class='ocrx_word' id='word_1_151' title='bbox 776 2050 819 2096; x_wconf 81' lang='lat' dir='ltr'>est</span> <span class='ocrx_word' id='word_1_152' title='bbox 832 2036 921 2095; x_wconf 72' lang='lat' dir='ltr'>aureis</span> <span class='ocrx_word' id='word_1_153' title='bbox 931 2036 1054 2106; x_wconf 80' lang='lat' dir='ltr'>duobus,</span> <span class='ocrx_word' id='word_1_154' title='bbox 1079 2043 1114 2096; x_wconf 86' lang='lat' dir='ltr'>ut</span> <span class='ocrx_word' id='word_1_155' title='bbox 1138 2035 1220 2096; x_wconf 83' lang='lat' dir='ltr'>idem</span> 
     </span>
     <span class='ocr_line' id='line_1_20' title="bbox 126 2115 1254 2200; baseline 0 -24"><span class='ocrx_word' id='word_1_156' title='bbox 126 2119 233 2176; x_wconf 78' lang='lat' dir='ltr'>duest.</span> <span class='ocrx_word' id='word_1_157' title='bbox 256 2137 330 2193; x_wconf 81' lang='lat' dir='ltr'>save,</span> <span class='ocrx_word' id='word_1_158' title='bbox 352 2115 384 2175; x_wconf 89' lang='lat' dir='ltr'>iu</span> <span class='ocrx_word' id='word_1_159' title='bbox 406 2137 502 2178; x_wconf 81' lang='lat' dir='ltr'>annus</span> <span class='ocrx_word' id='word_1_160' title='bbox 525 2115 603 2176; x_wconf 82' lang='lat' dir='ltr'>duos</span> <span class='ocrx_word' id='word_1_161' title='bbox 622 2116 778 2189; x_wconf 80' lang='lat' dir='ltr'>obtinuit3</span> <span class='ocrx_word' id='word_1_162' title='bbox 802 2117 914 2200; x_wconf 85' lang='lat' dir='ltr'>quibus</span> <span class='ocrx_word' id='word_1_163' title='bbox 936 2119 1078 2194; x_wconf 77' lang='lat' dir='ltr'>evolutis,</span> <span class='ocrx_word' id='word_1_164' title='bbox 1104 2118 1220 2180; x_wconf 83' lang='lat' dir='ltr'>instau-</span> <span class='ocrx_word' id='word_1_165' title='bbox 1250 2134 1254 2142; x_wconf 93' lang='grc'><em>·</em></span> 
     </span>
     <span class='ocr_line' id='line_1_21' title="bbox 127 2198 1220 2282; baseline 0.006 -25"><span class='ocrx_word' id='word_1_166' title='bbox 127 2206 198 2260; x_wconf 84' lang='lat' dir='ltr'>rato</span> <span class='ocrx_word' id='word_1_167' title='bbox 218 2198 301 2259; x_wconf 85' lang='lat' dir='ltr'>helio</span> <span class='ocrx_word' id='word_1_168' title='bbox 322 2220 394 2260; x_wconf 82' lang='lat' dir='ltr'>mox</span> <span class='ocrx_word' id='word_1_169' title='bbox 414 2200 509 2260; x_wconf 87' lang='lat' dir='ltr'>tertio</span> <span class='ocrx_word' id='word_1_170' title='bbox 532 2220 614 2260; x_wconf 86' lang='lat' dir='ltr'>auno</span> <span class='ocrx_word' id='word_1_171' title='bbox 631 2198 757 2260; x_wconf 82' lang='lat' dir='ltr'>Rhodus</span> <span class='ocrx_word' id='word_1_172' title='bbox 771 2211 862 2282; x_wconf 80' lang='lat' dir='ltr'>capta</span> <span class='ocrx_word' id='word_1_173' title='bbox 884 2209 937 2264; x_wconf 81' lang='lat' dir='ltr'>est.</span> <span class='ocrx_word' id='word_1_174' title='bbox 981 2201 1019 2264; x_wconf 92' lang='lat' dir='ltr'>de</span> <span class='ocrx_word' id='word_1_175' title='bbox 1039 2203 1142 2264; x_wconf 86' lang='lat' dir='ltr'>Busur</span> <span class='ocrx_word' id='word_1_176' title='bbox 1163 2202 1220 2264; x_wconf 83' lang='lat' dir='ltr'>ite·</span> 
     </span>
     <span class='ocr_line' id='line_1_22' title="bbox 127 2277 586 2346; baseline 0 -4"><span class='ocrx_word' id='word_1_177' title='bbox 127 2303 197 2342; x_wconf 86' lang='lat' dir='ltr'>rum</span> <span class='ocrx_word' id='word_1_178' title='bbox 220 2283 325 2346; x_wconf 64' lang='grc' dir='ltr'>(ζουσι.</span> <span class='ocrx_word' id='word_1_179' title='bbox 345 2303 395 2343; x_wconf 88' lang='lat' dir='ltr'>au.</span> <span class='ocrx_word' id='word_1_180' title='bbox 417 2277 458 2344; x_wconf 76' lang='lat'>24</span> <span class='ocrx_word' id='word_1_181' title='bbox 480 2292 512 2344; x_wconf 90' lang='lat' dir='ltr'>et</span> <span class='ocrx_word' id='word_1_182' title='bbox 536 2281 586 2343; x_wconf 76' lang='lat'>25.</span> 
     </span>
    </p>
   </div>
   <div class='ocr_carea' id='block_1_8' title="bbox 210 2384 818 2470">
    <p class='ocr_par' dir='ltr' id='par_1_8' title="bbox 210 2384 818 2470">
     <span class='ocr_line' id='line_1_23' title="bbox 210 2384 818 2470; baseline -0.002 -21"><span class='ocrx_word' id='word_1_183' title='bbox 210 2389 283 2466; x_wconf 76' lang='lat'>527,</span> <span class='ocrx_word' id='word_1_184' title='bbox 307 2388 354 2451; x_wconf 91' lang='grc'>16.</span> <span class='ocrx_word' id='word_1_185' title='bbox 397 2384 637 2470; x_wconf 71' lang='grc' dir='ltr'><strong><em>ἀποκατεστάθη</em></strong></span> <span class='ocrx_word' id='word_1_186' title='bbox 656 2387 759 2469; x_wconf 77' lang='grc' dir='ltr'><strong><em>μῆνας</em></strong></span> <span class='ocrx_word' id='word_1_187' title='bbox 779 2385 818 2448; x_wconf 75' lang='grc' dir='ltr'>δ’.</span> 
     </span>
    </p>
   </div>
   <div class='ocr_carea' id='block_1_9' title="bbox 130 2487 1218 2661">
    <p class='ocr_par' dir='ltr' id='par_1_9' title="bbox 130 2487 1218 2661">
     <span class='ocr_line' id='line_1_24' title="bbox 210 2487 1218 2577; baseline 0.001 -19"><span class='ocrx_word' id='word_1_188' title='bbox 210 2496 283 2573; x_wconf 69' lang='lat'>528,</span> <span class='ocrx_word' id='word_1_189' title='bbox 300 2498 331 2561; x_wconf 76' lang='lat'>2.</span> <span class='ocrx_word' id='word_1_190' title='bbox 371 2491 428 2575; x_wconf 73' lang='grc' dir='ltr'>την</span> <span class='ocrx_word' id='word_1_191' title='bbox 443 2487 615 2576; x_wconf 73' lang='grc' dir='ltr'>Ἀρμενίαν</span> <span class='ocrx_word' id='word_1_192' title='bbox 641 2490 879 2577; x_wconf 78' lang='grc' dir='ltr'><strong><em>ἐπεστράτευσε.</em></strong></span> <span class='ocrx_word' id='word_1_193' title='bbox 902 2490 1091 2559; x_wconf 72' lang='grc' dir='ltr'><strong><em>καταδιώκει</em></strong></span> <span class='ocrx_word' id='word_1_194' title='bbox 1111 2492 1218 2559; x_wconf 85' lang='grc' dir='ltr'><strong><em>αάτάκ.</em></strong></span> 
     </span>
     <span class='ocr_line' id='line_1_25' title="bbox 130 2576 711 2661; baseline -0.007 -18"><span class='ocrx_word' id='word_1_195' title='bbox 130 2576 358 2661; x_wconf 75' lang='grc' dir='ltr'><strong><em>ἐπεστράτευσε</em></strong></span> <span class='ocrx_word' id='word_1_196' title='bbox 381 2580 529 2655; x_wconf 77' lang='grc' dir='ltr'><strong><em>Μανίας]</em></strong></span> <span class='ocrx_word' id='word_1_197' title='bbox 552 2580 627 2661; x_wconf 80' lang='lat' dir='ltr'>Reg.</span> <span class='ocrx_word' id='word_1_198' title='bbox 651 2588 711 2641; x_wconf 90' lang='lat' dir='ltr'>etc.</span> 
     </span>
    </p>
   </div>
   <div class='ocr_carea' id='block_1_10' title="bbox 128 2683 1219 2938">
    <p class='ocr_par' dir='ltr' id='par_1_10' title="bbox 128 2683 1219 2938">
     <span class='ocr_line' id='line_1_26' title="bbox 211 2683 1219 2771; baseline -0.005 -23"><span class='ocrx_word' id='word_1_199' title='bbox 211 2688 293 2751; x_wconf 81' lang='lat' dir='ltr'>Idid.</span> <span class='ocrx_word' id='word_1_200' title='bbox 317 2685 367 2751; x_wconf 87' lang='grc'>16.</span> <span class='ocrx_word' id='word_1_201' title='bbox 417 2686 473 2767; x_wconf 76' lang='grc' dir='ltr'>τῆς</span> <span class='ocrx_word' id='word_1_202' title='bbox 495 2686 596 2768; x_wconf 82' lang='grc' dir='ltr'><strong><em>ου’τῆς</em></strong></span> <span class='ocrx_word' id='word_1_203' title='bbox 617 2683 813 2769; x_wconf 76' lang='grc' dir='ltr'><strong><em>ἐπαύσαντο]</em></strong></span> <span class='ocrx_word' id='word_1_204' title='bbox 846 2684 890 2746; x_wconf 82' lang='grc' dir='ltr'><strong><em>εἰσ</em></strong></span> <span class='ocrx_word' id='word_1_205' title='bbox 914 2686 994 2746; x_wconf 86' lang='lat' dir='ltr'>benc</span> <span class='ocrx_word' id='word_1_206' title='bbox 1014 2684 1105 2771; x_wconf 83' lang='lat' dir='ltr'>Peyr.</span> <span class='ocrx_word' id='word_1_207' title='bbox 1127 2684 1219 2748; x_wconf 88' lang='lat' dir='ltr'>item.</span> 
     </span>
     <span class='ocr_line' id='line_1_27' title="bbox 132 2768 1219 2855; baseline -0.006 -22"><span class='ocrx_word' id='word_1_208' title='bbox 132 2793 194 2855; x_wconf 92' lang='lat' dir='ltr'>que</span> <span class='ocrx_word' id='word_1_209' title='bbox 214 2776 317 2833; x_wconf 78' lang='lat' dir='ltr'>duest.</span> <span class='ocrx_word' id='word_1_210' title='bbox 341 2782 377 2833; x_wconf 89' lang='lat' dir='ltr'>ut</span> <span class='ocrx_word' id='word_1_211' title='bbox 396 2772 517 2832; x_wconf 78' lang='lat' dir='ltr'>tametsi</span> <span class='ocrx_word' id='word_1_212' title='bbox 545 2771 631 2831; x_wconf 86' lang='lat' dir='ltr'>urbis</span> <span class='ocrx_word' id='word_1_213' title='bbox 653 2792 758 2831; x_wconf 84' lang='lat' dir='ltr'>amera</span> <span class='ocrx_word' id='word_1_214' title='bbox 788 2770 901 2844; x_wconf 87' lang='lat' dir='ltr'>occiso,</span> <span class='ocrx_word' id='word_1_215' title='bbox 924 2768 998 2829; x_wconf 88' lang='lat' dir='ltr'>nihii</span> <span class='ocrx_word' id='word_1_216' title='bbox 1018 2788 1096 2853; x_wconf 82' lang='lat' dir='ltr'>opus</span> <span class='ocrx_word' id='word_1_217' title='bbox 1118 2770 1219 2834; x_wconf 88' lang='lat' dir='ltr'>inter.</span> 
     </span>
     <span class='ocr_line' id='line_1_28' title="bbox 128 2854 855 2938; baseline -0.007 -20"><span class='ocrx_word' id='word_1_218' title='bbox 128 2855 279 2933; x_wconf 77' lang='lat' dir='ltr'>miserint,</span> <span class='ocrx_word' id='word_1_219' title='bbox 303 2855 413 2938; x_wconf 86' lang='lat' dir='ltr'>quibus</span> <span class='ocrx_word' id='word_1_220' title='bbox 435 2854 510 2915; x_wconf 88' lang='lat' dir='ltr'>iliud</span> <span class='ocrx_word' id='word_1_221' title='bbox 523 2854 721 2914; x_wconf 86' lang='lat' dir='ltr'>commissum</span> <span class='ocrx_word' id='word_1_222' title='bbox 743 2854 855 2915; x_wconf 83' lang='lat' dir='ltr'>fuerat.</span> 
     </span>
    </p>
   </div>
   <div class='ocr_carea' id='block_1_11' title="bbox 212 2948 1157 3041">
    <p class='ocr_par' dir='ltr' id='par_1_11' title="bbox 212 2948 1157 3041">
     <span class='ocr_line' id='line_1_29' title="bbox 212 2948 1157 3041; baseline -0.004 -16"><span class='ocrx_word' id='word_1_223' title='bbox 212 2962 286 3040; x_wconf 78' lang='lat'><strong>529,</strong></span> <span class='ocrx_word' id='word_1_224' title='bbox 306 2960 338 3024; x_wconf 89' lang='grc'>3.</span> <span class='ocrx_word' id='word_1_225' title='bbox 380 2961 577 3033; x_wconf 64' lang='lat' dir='ltr'>decuere-9⁶19</span> <span class='ocrx_word' id='word_1_226' title='bbox 599 2960 634 3021; x_wconf 80' lang='lat' dir='ltr'>dd</span> <span class='ocrx_word' id='word_1_227' title='bbox 656 2958 737 3035; x_wconf 75' lang='grc' dir='ltr'><strong><em>μήτε</em></strong></span> <span class='ocrx_word' id='word_1_228' title='bbox 755 2948 878 3039; x_wconf 77' lang='grc' dir='ltr'><strong><em>ὄνειρον</em></strong></span> <span class='ocrx_word' id='word_1_229' title='bbox 899 2949 976 3033; x_wconf 75' lang='grc' dir='ltr'><strong><em>εἶδε]</em></strong></span> <span class='ocrx_word' id='word_1_230' title='bbox 1003 2960 1076 3041; x_wconf 79' lang='lat' dir='ltr'>Reg.</span> <span class='ocrx_word' id='word_1_231' title='bbox 1098 2970 1157 3021; x_wconf 88' lang='lat' dir='ltr'>etc.</span> 
     </span>
    </p>
   </div>
   <div class='ocr_carea' id='block_1_12' title="bbox 129 3054 1220 3297">
    <p class='ocr_par' dir='ltr' id='par_1_12' title="bbox 129 3054 1220 3297">
     <span class='ocr_line' id='line_1_30' title="bbox 217 3054 1220 3149; baseline -0.001 -19"><span class='ocrx_word' id='word_1_232' title='bbox 217 3070 300 3131; x_wconf 87' lang='lat' dir='ltr'>Ibid.</span> <span class='ocrx_word' id='word_1_233' title='bbox 323 3068 352 3129; x_wconf 92' lang='grc'>5.</span> <span class='ocrx_word' id='word_1_234' title='bbox 398 3062 621 3147; x_wconf 82' lang='grc' dir='ltr'><strong><em>Θεσσαλονίκη,</em></strong></span> <span class='ocrx_word' id='word_1_235' title='bbox 633 3064 691 3135; x_wconf 74' lang='grc' dir='ltr'>θὲς</span> <span class='ocrx_word' id='word_1_236' title='bbox 705 3054 790 3149; x_wconf 74' lang='grc' dir='ltr'><strong><em>άλλη)</em></strong></span> <span class='ocrx_word' id='word_1_237' title='bbox 805 3066 893 3145; x_wconf 86' lang='grc' dir='ltr'><strong><em>νίκην</em></strong></span> <span class='ocrx_word' id='word_1_238' title='bbox 904 3066 1055 3143; x_wconf 83' lang='grc' dir='ltr'><strong><em>κρίνεται]</em></strong></span> <span class='ocrx_word' id='word_1_239' title='bbox 1076 3066 1119 3125; x_wconf 84' lang='grc' dir='ltr'><strong><em>εἰσ</em></strong></span> <span class='ocrx_word' id='word_1_240' title='bbox 1139 3065 1220 3129; x_wconf 82' lang='lat' dir='ltr'>hene</span> 
     </span>
     <span class='ocr_line' id='line_1_31' title="bbox 130 3148 1220 3230; baseline -0.003 -17"><span class='ocrx_word' id='word_1_241' title='bbox 130 3148 222 3213; x_wconf 84' lang='lat' dir='ltr'>Cedr.</span> <span class='ocrx_word' id='word_1_242' title='bbox 243 3162 276 3214; x_wconf 89' lang='lat' dir='ltr'>et</span> <span class='ocrx_word' id='word_1_243' title='bbox 295 3154 400 3213; x_wconf 78' lang='lat' dir='ltr'>duest.</span> <span class='ocrx_word' id='word_1_244' title='bbox 419 3171 483 3211; x_wconf 77' lang='lat' dir='ltr'>esce</span> <span class='ocrx_word' id='word_1_245' title='bbox 502 3164 530 3210; x_wconf 81' lang='lat' dir='ltr'>tc</span> <span class='ocrx_word' id='word_1_246' title='bbox 553 3148 797 3218; x_wconf 75' lang='grc' dir='ltr'><strong><em>Ἰλιεεεαίοπίοσε,</em></strong></span> <span class='ocrx_word' id='word_1_247' title='bbox 820 3149 856 3209; x_wconf 81' lang='lat' dir='ltr'>id</span> <span class='ocrx_word' id='word_1_248' title='bbox 875 3148 1035 3230; x_wconf 69' lang='lat' dir='ltr'>siguificat,</span> <span class='ocrx_word' id='word_1_249' title='bbox 1056 3151 1220 3211; x_wconf 77' lang='lat' dir='ltr'>victorium</span> 
     </span>
     <span class='ocr_line' id='line_1_32' title="bbox 129 3233 829 3297; baseline -0.006 -2"><span class='ocrx_word' id='word_1_250' title='bbox 129 3234 221 3295; x_wconf 81' lang='lat' dir='ltr'>alteri</span> <span class='ocrx_word' id='word_1_251' title='bbox 240 3236 334 3297; x_wconf 84' lang='lat' dir='ltr'>cede.-</span> <span class='ocrx_word' id='word_1_252' title='bbox 363 3236 470 3295; x_wconf 67' lang='lat' dir='ltr'>vacuit</span> <span class='ocrx_word' id='word_1_253' title='bbox 492 3234 539 3294; x_wconf 85' lang='lat' dir='ltr'>ad</span> <span class='ocrx_word' id='word_1_254' title='bbox 555 3235 668 3294; x_wconf 77' lang='lat' dir='ltr'>hostem</span> <span class='ocrx_word' id='word_1_255' title='bbox 689 3233 829 3292; x_wconf 80' lang='lat' dir='ltr'>victoria.</span> 
     </span>
    </p>
   </div>
   <div class='ocr_carea' id='block_1_13' title="bbox 213 3335 837 3421">
    <p class='ocr_par' dir='ltr' id='par_1_13' title="bbox 213 3335 837 3421">
     <span class='ocr_line' id='line_1_33' title="bbox 213 3335 837 3421; baseline 0 -20"><span class='ocrx_word' id='word_1_256' title='bbox 213 3340 294 3402; x_wconf 79' lang='lat' dir='ltr'>[bid.</span> <span class='ocrx_word' id='word_1_257' title='bbox 319 3342 368 3403; x_wconf 86' lang='grc'>15.</span> <span class='ocrx_word' id='word_1_258' title='bbox 410 3339 561 3418; x_wconf 80' lang='grc' dir='ltr'><strong><em>άνδρείοος</em></strong></span> <span class='ocrx_word' id='word_1_259' title='bbox 581 3335 723 3411; x_wconf 74' lang='grc' dir='ltr'><strong><em>ἐπιστάς]</em></strong></span> <span class='ocrx_word' id='word_1_260' title='bbox 744 3339 837 3421; x_wconf 85' lang='lat' dir='ltr'>Peyr.</span> 
     </span>
    </p>
   </div>
   <div class='ocr_carea' id='block_1_14' title="bbox 132 3438 1221 3843">
    <p class='ocr_par' dir='ltr' id='par_1_14' title="bbox 132 3438 1221 3843">
     <span class='ocr_line' id='line_1_34' title="bbox 215 3438 1218 3529; baseline -0.012 -20"><span class='ocrx_word' id='word_1_261' title='bbox 215 3446 287 3529; x_wconf 77' lang='grc'><strong>536,</strong></span> <span class='ocrx_word' id='word_1_262' title='bbox 305 3443 340 3509; x_wconf 81' lang='grc'>4.</span> <span class='ocrx_word' id='word_1_263' title='bbox 382 3440 554 3526; x_wconf 85' lang='grc' dir='ltr'><strong><em>στρατηγὸς</em></strong></span> <span class='ocrx_word' id='word_1_264' title='bbox 570 3440 631 3505; x_wconf 76' lang='grc' dir='ltr'>άπὸ</span> <span class='ocrx_word' id='word_1_265' title='bbox 651 3443 715 3505; x_wconf 79' lang='grc' dir='ltr'>τάν</span> <span class='ocrx_word' id='word_1_266' title='bbox 727 3443 760 3505; x_wconf 75' lang='grc' dir='ltr'>ἐκ</span> <span class='ocrx_word' id='word_1_267' title='bbox 780 3438 949 3523; x_wconf 75' lang='grc' dir='ltr'><strong><em>Ἒθρίβοις]</em></strong></span> <span class='ocrx_word' id='word_1_268' title='bbox 972 3443 1047 3525; x_wconf 81' lang='lat' dir='ltr'>Reg.</span> <span class='ocrx_word' id='word_1_269' title='bbox 1068 3451 1126 3503; x_wconf 88' lang='lat' dir='ltr'>etc.</span> <span class='ocrx_word' id='word_1_270' title='bbox 1149 3442 1218 3524; x_wconf 82' lang='lat' dir='ltr'>piu.</span> 
     </span>
     <span class='ocr_line' id='line_1_35' title="bbox 132 3524 1219 3614; baseline -0.005 -22"><span class='ocrx_word' id='word_1_271' title='bbox 132 3540 183 3594; x_wconf 90' lang='lat' dir='ltr'>cet</span> <span class='ocrx_word' id='word_1_272' title='bbox 196 3532 288 3614; x_wconf 83' lang='lat' dir='ltr'>Peyr.</span> <span class='ocrx_word' id='word_1_273' title='bbox 310 3524 458 3611; x_wconf 82' lang='grc' dir='ltr'><strong><em>α’ρχηγός,</em></strong></span> <span class='ocrx_word' id='word_1_274' title='bbox 477 3548 636 3611; x_wconf 77' lang='lat' dir='ltr'>quaeror</span> <span class='ocrx_word' id='word_1_275' title='bbox 657 3528 688 3588; x_wconf 88' lang='lat' dir='ltr'>in</span> <span class='ocrx_word' id='word_1_276' title='bbox 710 3546 890 3608; x_wconf 87' lang='lat' dir='ltr'>supremum</span> <span class='ocrx_word' id='word_1_277' title='bbox 911 3547 1022 3588; x_wconf 86' lang='lat' dir='ltr'>eorum</span> <span class='ocrx_word' id='word_1_278' title='bbox 1046 3526 1165 3603; x_wconf 88' lang='lat' dir='ltr'>ducem,</span> <span class='ocrx_word' id='word_1_279' title='bbox 1182 3546 1219 3587; x_wconf 85' lang='lat' dir='ltr'>uc</span> 
     </span>
     <span class='ocr_line' id='line_1_36' title="bbox 132 3608 1221 3698; baseline -0.004 -24"><span class='ocrx_word' id='word_1_280' title='bbox 132 3616 235 3698; x_wconf 82' lang='lat' dir='ltr'>princi</span> <span class='ocrx_word' id='word_1_281' title='bbox 258 3636 306 3675; x_wconf 80' lang='lat' dir='ltr'>eru</span> <span class='ocrx_word' id='word_1_282' title='bbox 316 3616 412 3697; x_wconf 81' lang='lat' dir='ltr'>magis</span> <span class='ocrx_word' id='word_1_283' title='bbox 429 3610 577 3696; x_wconf 74' lang='lat' dir='ltr'>quadret:</span> <span class='ocrx_word' id='word_1_284' title='bbox 600 3612 707 3693; x_wconf 90' lang='lat' dir='ltr'>sicque</span> <span class='ocrx_word' id='word_1_285' title='bbox 722 3616 830 3692; x_wconf 81' lang='lat' dir='ltr'>postca</span> <span class='ocrx_word' id='word_1_286' title='bbox 851 3610 907 3670; x_wconf 87' lang='lat' dir='ltr'>sub</span> <span class='ocrx_word' id='word_1_287' title='bbox 921 3610 1123 3671; x_wconf 86' lang='lat' dir='ltr'>Constantino</span> <span class='ocrx_word' id='word_1_288' title='bbox 1147 3608 1221 3671; x_wconf 85' lang='lat' dir='ltr'>ubi·</span> 
     </span>
     <span class='ocr_line' id='line_1_37' title="bbox 134 3692 1220 3782; baseline -0.007 -22"><span class='ocrx_word' id='word_1_289' title='bbox 134 3719 197 3782; x_wconf 89' lang='lat' dir='ltr'>que</span> <span class='ocrx_word' id='word_1_290' title='bbox 224 3693 384 3780; x_wconf 77' lang='grc' dir='ltr'><strong><em>αρχηγοάς</em></strong></span> <span class='ocrx_word' id='word_1_291' title='bbox 417 3716 578 3779; x_wconf 87' lang='lat' dir='ltr'>supremos</span> <span class='ocrx_word' id='word_1_292' title='bbox 610 3693 678 3755; x_wconf 86' lang='lat' dir='ltr'>iiius</span> <span class='ocrx_word' id='word_1_293' title='bbox 705 3692 815 3770; x_wconf 88' lang='lat' dir='ltr'>duces,</span> <span class='ocrx_word' id='word_1_294' title='bbox 846 3712 882 3752; x_wconf 89' lang='lat' dir='ltr'>uc</span> <span class='ocrx_word' id='word_1_295' title='bbox 912 3712 1029 3757; x_wconf 81' lang='lat' dir='ltr'>amerus</span> <span class='ocrx_word' id='word_1_296' title='bbox 1050 3693 1220 3775; x_wconf 84' lang='lat' dir='ltr'>appellatos</span> 
     </span>
     <span class='ocr_line' id='line_1_38' title="bbox 134 3802 280 3843; baseline -0.021 0"><span class='ocrx_word' id='word_1_297' title='bbox 134 3802 280 3843; x_wconf 75' lang='lat' dir='ltr'>iuvencas.</span> 
     </span>
    </p>
   </div>
   <div class='ocr_carea' id='block_1_15' title="bbox 134 3878 1222 4222">
    <p class='ocr_par' dir='ltr' id='par_1_15' title="bbox 134 3878 1222 4222">
     <span class='ocr_line' id='line_1_39' title="bbox 216 3878 1220 3971; baseline -0.007 -20"><span class='ocrx_word' id='word_1_298' title='bbox 216 3886 299 3952; x_wconf 73' lang='lat' dir='ltr'>ibid.</span> <span class='ocrx_word' id='word_1_299' title='bbox 316 3886 363 3949; x_wconf 81' lang='lat'>17.</span> <span class='ocrx_word' id='word_1_300' title='bbox 405 3886 461 3949; x_wconf 88' lang='grc' dir='ltr'>καί</span> <span class='ocrx_word' id='word_1_301' title='bbox 479 3878 736 3971; x_wconf 72' lang='grc' dir='ltr'><strong><em>ᾐχμαλώτευσεν]</em></strong></span> <span class='ocrx_word' id='word_1_302' title='bbox 756 3886 859 3965; x_wconf 87' lang='lat' dir='ltr'>piacet</span> <span class='ocrx_word' id='word_1_303' title='bbox 873 3883 1000 3945; x_wconf 88' lang='lat' dir='ltr'>omuino</span> <span class='ocrx_word' id='word_1_304' title='bbox 1021 3882 1106 3966; x_wconf 88' lang='lat' dir='ltr'>quod</span> <span class='ocrx_word' id='word_1_305' title='bbox 1128 3882 1220 3947; x_wconf 87' lang='lat' dir='ltr'>Cedr.</span> 
     </span>
     <span class='ocr_line' id='line_1_40' title="bbox 135 3966 1222 4053; baseline -0.001 -21"><span class='ocrx_word' id='word_1_306' title='bbox 135 3972 240 4048; x_wconf 82' lang='lat' dir='ltr'>habet,</span> <span class='ocrx_word' id='word_1_307' title='bbox 261 3993 320 4033; x_wconf 90' lang='lat' dir='ltr'>uec</span> <span class='ocrx_word' id='word_1_308' title='bbox 338 3970 481 4053; x_wconf 86' lang='lat' dir='ltr'>Theoph.</span> <span class='ocrx_word' id='word_1_309' title='bbox 502 3971 592 4030; x_wconf 86' lang='lat' dir='ltr'>aiiter</span> <span class='ocrx_word' id='word_1_310' title='bbox 611 3967 779 4050; x_wconf 84' lang='lat' dir='ltr'>scripserit,</span> <span class='ocrx_word' id='word_1_311' title='bbox 804 3966 953 4051; x_wconf 90' lang='lat' dir='ltr'>quicquid</span> <span class='ocrx_word' id='word_1_312' title='bbox 974 3966 1109 4028; x_wconf 78' lang='lat' dir='ltr'>habeant</span> <span class='ocrx_word' id='word_1_313' title='bbox 1129 3966 1222 4031; x_wconf 85' lang='lat' dir='ltr'>codd.</span> 
     </span>
     <span class='ocr_line' id='line_1_41' title="bbox 134 4044 1221 4138; baseline -0.008 -23"><span class='ocrx_word' id='word_1_314' title='bbox 134 4056 262 4137; x_wconf 81' lang='lat' dir='ltr'>ipseque</span> <span class='ocrx_word' id='word_1_315' title='bbox 285 4058 388 4115; x_wconf 75' lang='lat' dir='ltr'>duest.</span> <span class='ocrx_word' id='word_1_316' title='bbox 408 4054 527 4138; x_wconf 85' lang='lat' dir='ltr'>legerit.</span> <span class='ocrx_word' id='word_1_317' title='bbox 548 4052 602 4112; x_wconf 85' lang='grc' dir='ltr'>καί</span> <span class='ocrx_word' id='word_1_318' title='bbox 621 4050 882 4127; x_wconf 83' lang='grc' dir='ltr'><strong><em>αἰχμαλωτεάοας</em></strong></span> <span class='ocrx_word' id='word_1_319' title='bbox 902 4044 1044 4128; x_wconf 76' lang='grc' dir='ltr'><strong><em>πολλούς,</em></strong></span> <span class='ocrx_word' id='word_1_320' title='bbox 1067 4046 1221 4132; x_wconf 82' lang='grc' dir='ltr'><strong><em>άπὲστρε.</em></strong></span> 
     </span>
     <span class='ocr_line' id='line_1_42' title="bbox 135 4136 1071 4222; baseline -0.007 -22"><span class='ocrx_word' id='word_1_321' title='bbox 135 4152 207 4217; x_wconf 78' lang='grc' dir='ltr'><strong><em>ψεν.</em></strong></span> <span class='ocrx_word' id='word_1_322' title='bbox 227 4138 329 4199; x_wconf 64' lang='lat' dir='ltr'>iudeis</span> <span class='ocrx_word' id='word_1_323' title='bbox 348 4140 459 4222; x_wconf 78' lang='lat' dir='ltr'>captis,</span> <span class='ocrx_word' id='word_1_324' title='bbox 479 4136 591 4220; x_wconf 76' lang='lat' dir='ltr'>subque</span> <span class='ocrx_word' id='word_1_325' title='bbox 610 4137 713 4215; x_wconf 70' lang='lat' dir='ltr'>rugum</span> <span class='ocrx_word' id='word_1_326' title='bbox 741 4136 845 4210; x_wconf 76' lang='grc' dir='ltr'><strong><em>επεεεάτ,</em></strong></span> <span class='ocrx_word' id='word_1_327' title='bbox 863 4152 997 4193; x_wconf 78' lang='lat' dir='ltr'>reversus</span> <span class='ocrx_word' id='word_1_328' title='bbox 1019 4146 1071 4193; x_wconf 83' lang='lat' dir='ltr'>est.</span> 
     </span>
    </p>
   </div>
   <div class='ocr_carea' id='block_1_16' title="bbox 216 4240 1222 4441">
    <p class='ocr_par' dir='ltr' id='par_1_16' title="bbox 216 4240 1222 4441">
     <span class='ocr_line' id='line_1_43' title="bbox 216 4240 1222 4337; baseline -0.004 -32"><span class='ocrx_word' id='word_1_329' title='bbox 216 4242 290 4319; x_wconf 75' lang='lat'>531,</span> <span class='ocrx_word' id='word_1_330' title='bbox 312 4244 340 4303; x_wconf 86' lang='lat'>5.</span> <span class='ocrx_word' id='word_1_331' title='bbox 383 4242 672 4325; x_wconf 68' lang='grc' dir='ltr'><strong><em>συγγραψαμένους]</em></strong></span> <span class='ocrx_word' id='word_1_332' title='bbox 687 4242 793 4337; x_wconf 81' lang='lat' dir='ltr'>palam</span> <span class='ocrx_word' id='word_1_333' title='bbox 815 4262 850 4304; x_wconf 83' lang='lat' dir='ltr'>ex</span> <span class='ocrx_word' id='word_1_334' title='bbox 868 4244 970 4302; x_wconf 74' lang='lat' dir='ltr'>dccet.</span> <span class='ocrx_word' id='word_1_335' title='bbox 995 4240 1222 4323; x_wconf 75' lang='grc' dir='ltr'><strong><em>συγγραψαμέ·</em></strong></span> 
     </span>
     <span class='ocr_line' id='line_1_44' title="bbox 226 4359 1024 4441; baseline -0.01 -20"><span class='ocrx_word' id='word_1_336' title='bbox 226 4366 404 4441; x_wconf 62' lang='lat' dir='ltr'>Theophanes</span> <span class='ocrx_word' id='word_1_337' title='bbox 423 4368 461 4421; x_wconf 80' lang='lat'>11.</span> <span class='ocrx_word' id='word_1_338' title='bbox 990 4359 1024 4413; x_wconf 73' lang='grc'>10</span> 
     </span>
    </p>
   </div>
   <div class='ocr_carea' id='block_1_17' title="bbox 0 0 1551 4900">
    <p class='ocr_par' dir='ltr' id='par_1_17' title="bbox 0 0 1551 4900">
     <span class='ocr_line' id='line_1_45' title="bbox 0 0 1551 4900; baseline 0 0"><span class='ocrx_word' id='word_1_339' title='bbox 0 0 1551 4900; x_wconf 95' lang='lat' dir='ltr'> </span> 
     </span>
    </p>
   </div>
  </div>
 </body>
</html>
