3050 4900
273 305 349 382 tas
641 317 684 382 ut
711 313 990 382 moranum

273 489 371 566 aum,
397 485 473 550 eal.
498 480 541 550 ut
560 485 695 566 Tuscos,
715 487 792 550 olim
818 485 1009 572 Mamgatas,
1030 485 1061 546 in
1085 481 1218 548 Oriente
1237 481 1279 548 sul
1299 481 1366 546 Ta-

273 572 359 634 naim
379 571 465 648 sitos,
485 570 714 650 Χερμνχίοονος
734 571 861 634 sPersis
881 569 986 632 vocati
1002 575 1143 632 testatur.

353 675 425 756 371,
445 675 475 743 6.
517 673 553 736 iv
570 680 637 750 scic
651 675 900 760 Mapsayyilosc]
921 675 1050 740 thermis
1070 673 1259 758 Angelorum
1288 679 1364 737 ao'e-

272 759 321 823 tni
340 759 459 837 dicatis,
479 759 590 844 quibus
609 768 677 821 tum
696 761 851 843 precibus,
872 769 940 822 tum
961 781 1112 844 aquarum
1124 755 1293 820 calidarum
1314 759 1363 818 so·

273 846 386 908 mentis
405 843 517 905 sanitas
538 843 756 928 reparabatur.
808 843 983 928 Procopius
1004 841 1043 906 de
1065 841 1155 906 aedil.
1180 843 1284 902 lustin.
1307 841 1362 902 lib.

272 927 305 994 ὅ.
346 948 442 1014 aquas
460 939 563 1008 suapte
584 941 695 988 natum
715 923 837 989 caliclos
852 927 937 1012 npiad
954 927 1099 1008 Bntynos
1124 926 1263 1006 (Galatas
1284 926 1364 986 scri.

271 1011 321 1074 bit
339 1009 466 1088 auctor)
484 1011 586 1081 stantes
605 1008 760 1092 effimdnnt
779 1013 812 1071 t'n
825 1011 901 1088 Ιοοο,
922 1031 1010 1094 quem
1030 1009 1149 1072 imolae
1170 1009 1285 1087 Pyetta
1306 1029 1363 1070 no-

274 1109 355 1161 cant.
376 1093 430 1156 tas
449 1094 483 1153 in
512 1093 658 1154 solanum
685 1107 716 1154 et
731 1095 923 1176 instigas-inm
951 1093 1070 1168 tatem,
1098 1113 1165 1155 cum
1186 1093 1274 1152 multi
1291 1093 1364 1164 alii,

273 1191 336 1240 tum
356 1175 509 1260 imprimis
539 1175 713 1254 Byzamsiri.
771 1177 821 1238 laic
852 1175 1110 1260 magnificentiam
1139 1195 1208 1256 rege
1240 1173 1367 1257 dignam

275 1259 458 1331 Ιιοοιίνιίαοω
474 1259 612 1336 ostendit,
630 1261 746 1321 stmctis
756 1258 848 1342 regiis
865 1259 1012 1332 domibus,
1023 1281 1100 1344 qnae
1115 1259 1201 1344 prins
1219 1277 1279 1320 non
1285 1259 1365 1337 sne.
1383 1329 1387 1336 Ι

273 1357 351 1420 rwu,
367 1342 534 1428 aedificatis
562 1342 596 1402 in
610 1343 731 1425 publico
759 1343 892 1404 nonem
927 1341 1100 1405 calidorann
1131 1361 1279 1426 equanam
1298 1341 1367 1401 illic

272 1427 514 1500 scaturientium,
536 1437 567 1484 et
585 1425 719 1488 deductu
733 1448 794 1509 per
811 1427 932 1488 nuncies
963 1427 1092 1487 inlusae
1112 1425 1210 1486 ionem
1234 1423 1368 1498 [οητίῠαο

270 1509 459 1594 pomtttam
478 1527 639 1592 equanam,
660 1523 694 1570 ut
712 1511 871 1596 unicunque
890 1523 1048 1572 scaterent.
1091 1510 1165 1590 qnia
1185 1507 1368 1570 erAsctm-

272 1595 334 1672 geli
351 1591 504 1675 templium,
523 1605 554 1652 et
568 1589 793 1673 infirmantium
813 1594 1064 1672 refocillaton'nm
1096 1591 1198 1674 (quasi
1219 1589 1368 1672 piscinam

212 1677 217 1684 ’
274 1674 581 1760 Hierosolymiticam
612 1677 651 1738 ab
674 1697 711 1735 an
735 1676 784 1737 elo
814 1673 1014 1756 movendam)
1044 1675 1138 1736 nueltn
1172 1677 1291 1738 maiam
1328 1693 1367 1735 nc

273 1760 426 1844 ampliora
446 1755 556 1840 fficit.
600 1757 690 1844 apud
708 1697 960 1846 (ldatnsfluoius
981 1772 1034 1836 est,
1056 1765 1117 1822 ete.

364 1879 448 1944 Ittd.
478 1877 508 1946 9.
559 1875 693 1963 ὀφειλάς
724 1879 854 1962 ἀγαγεῖν
882 1881 928 1968 τῷ
959 1879 1104 1965 βασιλεῖ]
1136 1881 1272 1943 liliorum
1306 1903 1366 1942 no.

271 1964 358 2026 mine
379 1964 475 2027 iidem
496 1961 644 2043 debitam,
661 1965 781 2029 noenia
798 1965 977 2048 homagium
1001 1965 1120 2028 dictam
1141 1965 1348 2048 polliciturns.

354 2061 439 2129 Ibid.
463 2065 512 2125 11.
561 2063 637 2144 napi
664 2065 727 2126 suia
749 2063 925 2145 γενομένων
949 2059 1010 2126 ὑπὸ
1033 2059 1182 2144 upupae]
1212 2064 1363 2126 Amba-aaa

272 2147 473 2208 Alamnndari
495 2145 593 2209 filiurn
612 2157 727 2210 vocant
747 2159 893 2230 excerpta
909 2147 1100 2231 legationum
1111 2148 1275 2212 Menandri
1296 2158 1367 2210 aute

277 2239 365 2292 notas
385 2240 450 2292 tres
471 2230 576 2308 citata,
599 2252 711 2315 resque
733 2233 843 2294 umbri
867 2232 951 2294 istius
969 2231 1147 2294 tractantia.

357 2329 441 2397 llil.
466 2326 513 2392 16.
554 2327 831 2414 γορσονοστάσιον]
855 2331 1026 2394 Servorum
1048 2331 1212 2408 dominns,
1231 2330 1366 2394 militum

277 2414 500 2496 imperatorem
530 2414 563 2477 in
586 2415 713 2479 eeclesia
735 2423 878 2479 orantem
907 2415 1135 2499 expectantium
1154 2413 1256 2478 statio.
1294 2435 1368 2497 gnr-

274 2498 388 2561 cionem
408 2498 502 2560 etiam
521 2500 625 2561 Latini
649 2502 841 2564 recentiores
860 2520 996 2583 puerum
1019 2520 1181 2563 vocavere.

355 2598 439 2661 laid.
454 2602 501 2667 17.
542 2598 728 2683 μοοίουλον]
747 2601 863 2661 atrium
886 2610 968 2663 tecto
991 2608 1148 2683 opertum,
1170 2600 1286 2661 aulam:
1306 2596 1370 2659 hoc

274 2682 411 2743 secundo
426 2682 497 2744 loco
512 2686 647 2765 positum
664 2684 810 2746 ecclesiae
832 2684 936 2745 navim
960 2684 1162 2766 interpretor,
1183 2682 1268 2767 quasi
1291 2682 1373 2742 inter

277 2764 356 2824 alem
376 2772 542 2846 utramque
570 2765 702 2827 mediam
728 2766 840 2828 aulam.
894 2768 1060 2829 concillum
1083 2768 1226 2866 quintum
1254 2764 1287 2827 ir
1310 2783 1369 2845 με.

277 2838 401 2930 cresilas
424 2848 564 2911 habitum
583 2849 686 2911 statim
708 2860 852 2913 actorum
874 2851 963 2912 initio
985 2852 1098 2935 legenti
1120 2850 1269 2911 occurrit.

355 2944 441 3008 Ibid.
467 2950 514 3017 18.
556 2946 724 3033 νάρθηκος]
747 2950 935 3013 vestibulum
958 2950 1103 3013 ecclesiae
1123 2946 1368 3033 poenitentibus,

278 3026 516 3110 cathecumenis,
538 3034 760 3115 energumenis,
783 3044 813 3097 et
833 3034 999 3097 immundis
1020 3034 1205 3119 deputatum
1226 3042 1272 3095 est
1291 3024 1370 3109 νάρ-

276 3110 349 3193 θηξ,
371 3113 411 3174 de
432 3135 496 3198 quo
520 3125 628 3178 nostra
650 3116 865 3203 euchologicu.
909 3118 1036 3182 Allatins
1060 3118 1099 3183 dc
1120 3116 1255 3202 antiquis
1268 3118 1371 3179 Grae-

278 3216 390 3258 ccrnm
413 3199 548 3283 templis.
571 3199 728 3278 Cellotins,
751 3200 866 3263 etalii.

356 3294 430 3376 372,
455 3304 482 3365 1.
533 3288 631 3380 ἦλθον
661 3297 708 3375 οἷς
730 3294 788 3362 ro'a
816 3296 1000 3364 δεσποτικὸν
1020 3288 1115 3373 οἶνον]
1138 3298 1274 3382 intellige
1294 3296 1368 3359 lisco

276 3378 466 3445 adiudicatus
487 3382 640 3445 Belissarii
661 3382 834 3447 facultates.
893 3386 997 3445 recole
1025 3385 1114 3445 simul
1137 3384 1253 3465 scripta
1275 3402 1369 3463 supe-

274 3484 398 3631 3:1⁸1:
417 3486 507 3551 pagg.
531 3468 602 3545 199,
624 3467 678 3531 ubi
698 3466 738 3533 de
767 3466 1028 3552 procuratoribus
1050 3486 1156 3529 sncrne
1177 3466 1286 3531 domus
1308 3468 1372 3527 Au.

355 3644 483 3709 Ibant.
525 3644 682 3726 Εὕτύχιος
696 3647 899 3731 πατριάρχης
912 3651 988 3713 ΚΠ.
1010 3645 1192 3733 καθῃρέθῃ]
1214 3645 1367 3743 Euagrius

274 3728 330 3791 lils.
354 3724 377 3791 4
405 3751 473 3811 cap.
495 3726 535 3791 37
564 3732 672 3793 eadem
702 3732 818 3795 Victor
845 3734 1061 3795 Tannonensis
1097 3752 1180 3793 anno
1212 3730 1370 3792 lastiniani
1478 3768 1483 3776 -

197 3866 201 3872 .
273 3812 468 3895 penultimo,
488 3835 553 3897 qno
589 3815 670 3878 exilii
699 3815 869 3901 Eutychii,
889 3826 921 3879 et
942 3817 1065 3881 loannis
1097 3813 1256 3879 electionis
1278 3832 1368 3874 eausa

273 3896 448 3977 profertur.

358 3993 477 4059 latua.
518 3992 741 4069 ’1ουσνινοονός
759 3992 778 4059 ὅ
797 3992 951 4079 pontici(
972 3994 1008 4062 si
1024 3992 1098 4081 napi
1112 3990 1273 4081 φθαρτοῦ]
1285 3994 1369 4057 Eua·

273 4077 359 4163 guina
378 4078 460 4141 idem
482 4100 550 4163 cap.
569 4079 623 4141 38.

357 4178 439 4245 tan.
464 4183 512 4249 ta
559 4172 821 4258 stesotmmm',
846 4178 902 4245 xci
915 4180 945 4245 Γ
944 4181 1098 4258 aarum]
1122 4178 1278 4243 bellorum
1300 4173 1373 4239 aaa
