3050 4900
249 298 322 379 eut
399 309 608 379 anasnnsn
628 264 823 377 ursionis
851 308 1160 381 nccnmrasnca

250 484 332 547 anina
353 482 491 567 sepultus
521 488 600 561 erat)
624 490 657 545 et
688 481 780 545 huius
810 500 878 545 casa
897 480 1036 545 effodere
1063 492 1096 547 et
1117 485 1150 546 in
1170 480 1342 569 pallium

250 576 381 651 portare
412 576 506 651 atque
528 567 559 629 in
581 565 740 650 sepulcra,
764 588 845 649 quae
864 564 1016 628 dicuntur
1032 564 1169 651 Pelagii,
1186 590 1248 631 una
1269 590 1341 631 cnm

249 652 442 713 Bintlianatis
465 652 577 713 iacere.
620 672 639 713 ο
663 648 930 712 inhumanitatem.
952 651 1066 713 multos
1086 662 1193 715 antem
1211 663 1245 716 et
1264 654 1341 715 alios

248 756 285 797 er
306 732 508 817 primoribus,
532 732 588 819 qni
603 733 736 795 auxiliati
757 735 881 795 fueram
901 734 1107 812 Artnbnasdn,
1117 736 1268 878 peremit,
1290 737 1341 798 in.

250 818 519 900 numerabilesqne
551 817 647 880 oculis
673 826 704 879 et
736 816 811 879 alios
840 815 980 879 manibus
1000 838 1054 880 seu
1075 840 1116 900 pe
1139 819 1205 881 ibus
1229 820 1340 881 ablatis

249 900 430 965 debilitavit
484 902 646 985 praecepit
678 910 783 963 antem
807 900 942 963 externis
970 901 1138 979 militibus,
1160 902 1215 999 qni
1235 924 1340 965 secum

235 972 376 1067 ’ingressi
398 993 479 1067 sunt,
499 986 634 1047 introire
654 980 764 1047 domos
784 993 817 1047 et
837 1004 951 1067 rapere
962 984 1125 1047 familiares
1147 987 1262 1047 civium
1281 1007 1339 1049 res.

241 1070 346 1131 multa
369 1089 496 1153 quoqne
517 1076 550 1131 et
570 1068 639 1145 alia,
662 1068 737 1151 quin
756 1076 789 1131 et
809 1066 971 1129 innumera
990 1068 1070 1129 mala
1087 1068 1161 1132 u'rbi
1183 1080 1342 1131 monstra·
1371 1082 1375 1086 ’

250 1154 307 1214 vit.
349 1172 484 1235 cumque
504 1150 762 1235 hippodromium
781 1152 966 1232 celebraret,
986 1149 1339 1216 introdusitdrtabuas·

251 1235 325 1297 dnm
347 1256 500 1297 unacum
522 1234 591 1297 filiis
611 1234 675 1297 eins
695 1244 728 1297 at
746 1235 850 1297 amicis
871 1235 999 1317 ligatum
1018 1252 1081 1318 per
1100 1234 1285 1318 Dihippinm
1307 1237 1339 1298 in

251 1320 378 1396 circum,
400 1319 491 1380 simul
520 1339 591 1381 cnm
616 1320 774 1381 Anastasio
795 1318 862 1380 salsi
896 1318 1029 1381 nominis
1050 1320 1240 1401 patriarche,
1256 1342 1341 1401 per·

250 1424 337 1465 casso
360 1402 484 1483 publice
515 1412 547 1465 et
567 1402 598 1465 in
628 1402 713 1463 asino
744 1422 833 1463 serso
858 1401 946 1463 vultu
975 1402 1112 1482 sedente,
1133 1424 1212 1487 qnos
1233 1425 1339 1467 omnes

249 1486 505 1569 perDilaippiuus
526 1486 719 1549 intromissos
740 1485 903 1547 incircum
916 1487 1096 1568 pompavit.
1137 1506 1249 1548 verum
1258 1491 1340 1551 Ana·

248 1571 373 1632 stasinm
392 1578 502 1652 utpote
519 1580 760 1631 consentaneum
777 1590 867 1631 sunm
891 1568 922 1629 in
944 1567 1062 1632 throno
1075 1569 1244 1633 sacerdotii
1264 1593 1339 1633 rnr-

248 1674 298 1715 sos
320 1652 444 1731 locavit,
463 1652 626 1717 deterrens
645 1660 677 1713 et
695 1650 838 1715 servituti
857 1651 1034 1715 subiiciens.
1077 1652 1247 1715 sisinninm
1263 1674 1339 1717 sero

248 1738 418 1817 patricium
446 1744 479 1798 et
497 1746 679 1819 praetorem
699 1735 957 1813 Thracesiorum,
977 1737 1033 1819 qni
1052 1736 1184 1799 multum
1207 1758 1280 1801 cnm
1299 1758 1339 1802 eo

150 1846 178 1900 p.
188 1826 241 1881 649
250 1828 435 1881 cucurrerat
461 1829 494 1881 et
521 1840 584 1903 pro
607 1820 674 1903 ipso
696 1827 874 1883 certaverat
903 1818 1031 1904 eiusque
1051 1820 1257 1883 consobrinus
1277 1842 1340 1883 esse

249 1904 446 1981 noscebatur,
465 1912 538 1985 post
555 1900 597 1965 40
618 1904 683 1967 dies
703 1903 851 1984 caecavit,
874 1902 925 1965 dci
947 1902 1096 1965 nimirum
1115 1903 1242 1965 indicio.
1284 1904 1338 1987 qni

249 1987 332 2049 enim
356 1986 522 2049 auxiliatur
537 1986 644 2071 isnpio,
661 1985 780 2051 incidet
799 1986 830 2049 in
844 2008 952 2051 munus
968 1986 1043 2069 eius,
1062 1984 1232 2049 secundnm
1252 1986 1339 2072 quod

250 2072 403 2153 scriptum
426 2078 482 2132 est.

332 2192 443 2257 Mundi
467 2214 548 2255 anno
563 2188 656 2271 6236,
679 2192 802 2278 divinae
822 2192 1044 2256 incarnationis
1067 2214 1148 2255 anno
1169 2191 1241 2272 736,
1255 2215 1337 2255 anno

248 2296 326 2337 raro
351 2278 475 2361 imperii
497 2276 690 2340 Constantini
712 2286 827 2362 quarto
854 2277 1108 2362 Theopbylactus
1128 2276 1339 2340 Antiochenns

248 2360 384 2422 liabetur
404 2362 537 2443 antistes,
560 2362 615 2445 qni
647 2360 795 2425 ecclesiae
829 2371 947 2444 septem
969 2362 1107 2445 praefuit
1125 2362 1222 2421 annis.
1266 2366 1339 2423 Mu.

248 2445 390 2530 ruboque
411 2444 472 2508 dux
496 2444 635 2508 Arabum
657 2444 807 2522 noscitur,
830 2446 885 2530 qni
906 2444 1103 2528 principatus
1124 2454 1171 2507 est
1190 2446 1232 2508 eis
1253 2444 1339 2508 annis

247 2549 309 2590 sex.
353 2527 415 2590 hoc
435 2551 564 2614 quoque
594 2548 676 2592 anno
705 2539 840 2592 cometes
867 2551 995 2612 magnus
1016 2529 1048 2591 in
1072 2529 1164 2612 Syria
1183 2531 1262 2590 risus
1283 2538 1338 2606 est,

248 2621 281 2672 et
301 2613 484 2676 seditionem
504 2613 676 2676 concitavit
696 2612 812 2674 Thebit
835 2623 948 2674 contra
961 2612 1134 2689 Marnham,
1157 2612 1340 2674 etDacbnta

247 2695 469 2773 Ruritensinm,
491 2717 568 2780 quos
589 2693 738 2758 tlnrncha
759 2702 869 2777 captos
886 2693 1002 2758 occidit
1022 2695 1052 2756 in
1074 2695 1213 2758 terminis
1225 2697 1338 2760 Heme-

248 2799 299 2839 sne
319 2799 391 2839 cnm
414 2777 613 2840 multitudine
632 2777 835 2856 bellatorum,
858 2775 890 2838 id
916 2785 961 2841 est
982 2778 1102 2841 milium
1123 2779 1238 2842 decem.
1281 2799 1340 2841 en-

249 2861 319 2922 dem
339 2863 433 2923 etiam
456 2883 538 2922 anno
558 2882 652 2944 prece
671 2861 924 2924 Christianorum
937 2862 1074 2925 Orientis
1094 2863 1238 2946 permisit
1258 2883 1342 2925 con·

248 2945 364 3006 sacrari
383 2945 653 3029 (theophylactum
699 2943 893 3030 resbyterum
907 2944 1108 3009 Hedessinnm
1128 2946 1340 3030 patriarcham

247 3027 452 3106 Antiochiae,
485 3028 644 3111 Stephano
665 2965 858 3112 diminute,
886 3039 919 3091 et
939 3029 1022 3093 bunc
1047 3030 1158 3093 litteris
1180 3029 1340 3093 catholicis

247 3111 401 3173 honorari
423 3113 585 3194 praecepit
606 3113 644 3173 ab
665 3113 839 3174 trabibuss
862 3111 951 3182 donis
974 3113 1055 3174 enim
1078 3123 1146 3176 erat
1165 3114 1340 3197 spirituali.

247 3195 306 3257 bus
331 3193 509 3272 adornatus,
530 3203 562 3257 ct
585 3196 714 3258 maxime
734 3195 897 3278 pudicitia.
941 3198 1024 3279 apud
1047 3195 1115 3258 Etsi
1137 3207 1242 3259 antem
1262 3217 1338 3259 cen-

248 3289 316 3340 tnm
337 3287 369 3339 et
388 3278 512 3340 vicenos
536 3277 708 3341 Chalbenos
731 3281 762 3340 in
785 3281 868 3362 ligno
888 3281 1060 3363 suspendit.
1101 3302 1203 3363 porro
1227 3281 1339 3359 Habes,

249 3363 305 3446 qui
325 3361 457 3424 multum
475 3361 725 3424 Christianorum
751 3362 929 3446 sangninem
962 3363 1044 3426 fudit
1065 3371 1098 3426 et
1118 3365 1216 3425 multa
1237 3363 1338 3446 depo-

248 3447 372 3529 pulatus
407 3454 439 3508 et
462 3444 665 3529 depraedatus
691 3455 737 3508 est
767 3446 857 3522 loca,
881 3447 997 3510 occidit
1026 3449 1056 3508 in
1085 3468 1223 3510 carcere.
1267 3466 1340 3509 caru

249 3529 332 3591 enim
345 3527 469 3613 qnidam
486 3528 722 3592 aMurubamad
737 3529 919 3594 boc'missns
930 3529 1174 3615 essetdcthiops,
1193 3533 1289 3609 venit,
1307 3540 1340 3594 et

249 3613 378 3698 impleto
400 3633 490 3676 sacco
516 3614 584 3674 vion
606 3615 690 3676 calce
711 3614 855 3675 introivit
866 3613 905 3677 ad
926 3637 1007 3691 enm,
1027 3615 1162 3699 folleque
1174 3613 1214 3675 ad
1234 3625 1340 3677 totum

150 3704 345 3780 pbbtcaput
365 3704 398 3759 et
420 3717 509 3761 nares
532 3699 595 3761 eius
617 3697 764 3781 imposito
785 3698 946 3760 suffocavit
962 3700 1057 3777 illum,
1078 3699 1188 3761 iustam
1210 3697 1339 3760 adinve-

249 3781 334 3842 niens
354 3779 506 3843 maleficio
527 3781 633 3843 Habse
652 3802 806 3864 poenam:
840 3783 967 3866 magicis
994 3783 1085 3845 euim
1102 3782 1339 3866 deceptionibus

249 3885 286 3924 ac
309 3869 497 3926 daemonnm
530 3864 781 3929 invocationibus
810 3866 908 3928 multa
936 3874 1049 3928 contra
1081 3865 1272 3927 Christianos
1290 3867 1340 3926 la·

247 3947 386 4009 bricatns
409 3957 454 4010 est
468 3946 561 4010 mala.
603 3945 656 4010 hic
677 3948 770 4010 etiam
793 3949 935 4031 sanguini
956 3949 1338 4012 communicavitVbalid.

331 4074 421 4133 anno
445 4073 571 4156 imperii
592 4073 785 4136 Constantini
808 4075 920 4158 quinto
947 4075 1125 4138 Sulebiman
1149 4074 1339 4137 coacervatis

248 4154 364 4218 militiis
394 4177 501 4221 rursus
533 4157 567 4220 in
595 4158 760 4222 Marullum
790 4158 907 4223 bellum
937 4159 1140 4244 aggreditur,
1169 4167 1203 4222 et
1223 4158 1338 4222 amissis
