3050 4900
113 384 115 395 Ι
235 276 308 349 556
593 278 635 347 IN
664 278 943 348 THEOPHANEM

316 450 390 531 734,
412 453 443 515 5.
484 448 604 525 ἔν’ωΐς
625 446 773 524 montore
791 451 850 513 τοῦ
870 451 1080 533 σταυρακιόυ]
1098 452 1224 533 patricii
1247 454 1331 514 illius

235 536 273 601 (la
294 558 357 621 qun
379 556 480 619 nuper
503 536 644 599 mentius
665 536 720 618 qui
756 536 831 619 quia
853 536 1016 597 eunuchus
1037 542 1115 609 erat,
1138 546 1169 596 et
1191 538 1333 617 impera-

236 614 545 766 trinists'morn'stsoc,
568 621 632 683 eius
654 640 750 705 equos
770 640 895 682 servare
917 630 949 681 et
970 619 1083 681 stabuli
1104 639 1213 681 curam
1236 642 1332 705 agere

236 714 351 789 potui.

317 820 398 884 Itid.
413 816 442 881 6.
483 814 542 899 τήν
560 815 728 901 βασιλικήν
739 818 971 917 προμοσέλλαν]
987 820 1227 904 imperatorium
1240 825 1336 906 equi-

236 912 335 965 tatum
355 902 586 985 interpretatur
597 896 778 981 Anastasius,
792 904 880 987 qnasi
893 902 1042 965 nimirum
1054 906 1188 989 primum
1201 908 1338 989 impera.

239 987 315 1047 toris
331 986 444 1048 sellum.
465 985 547 1049 addo
569 986 700 1066 npaipov
720 986 827 1047 viuum
841 986 945 1049 album
962 987 1050 1065 illud,
1075 1010 1258 1072 generosum
1280 1012 1337 1052 re-

238 1070 380 1133 centiore
400 1069 506 1152 lingua
534 1069 718 1153 nuncupari.
767 1070 808 1133 sit
829 1070 936 1156 itaque
956 1071 989 1132 iu
1010 1094 1101 1135 seusu
1123 1073 1182 1133 isto
1203 1095 1337 1153 nonpo-

236 1152 332 1215 na'tln
359 1154 412 1231 (sie
434 1176 569 1237 namque
589 1153 666 1215 milri
689 1155 844 1218 lubentius
866 1154 1071 1235 scriberetur)
1093 1178 1242 1239 generosa
1263 1159 1338 1239 pri.

238 1260 286 1297 mn
308 1246 340 1299 et
360 1238 455 1299 electa
487 1259 641 1321 equorum
670 1236 876 1301 candidorum
906 1260 1016 1300 manus
1037 1239 1069 1299 in
1090 1241 1246 1303 Stauracii
1268 1248 1338 1301 sta.

237 1320 316 1381 bulis
349 1320 548 1403 imperatoris
579 1322 681 1383 usibus
704 1322 872 1385 destinatus
903 1342 1001 1407 equos
1025 1324 1144 1407 quippe
1165 1324 1250 1385 albos
1275 1324 1335 1383 im·

237 1410 418 1485 peratorem
439 1404 553 1467 vehere
574 1405 664 1489 leges.
707 1404 928 1487 upopoolttnr
959 1412 1073 1487 lemen,
1093 1430 1199 1495 equiem
1218 1408 1338 1490 grada-

238 1490 335 1561 rium,
356 1488 449 1571 vulgo
470 1488 622 1575 lraqnene'e
644 1490 750 1552 lubens
782 1491 1024 1573 interpretarer.

323 1612 406 1680 Ittd.
431 1610 480 1677 13.
521 1611 710 1697 Βελζητιάς]
735 1613 863 1699 legimus
884 1614 1027 1697 superius
1043 1611 1224 1696 Βερζιτίας.

319 1740 406 1806 ltid.
431 1736 481 1801 14.
524 1733 587 1801 sini
612 1739 676 1802 seir
695 1736 898 1816 Ἑλλαδικόν]
923 1737 1089 1818 Benedici,
1110 1740 1166 1824 qui
1185 1739 1251 1801 sair
1266 1734 1339 1801 ‘m-

238 1819 377 1885 λαδικαῖν
398 1822 503 1885 themu
517 1832 684 1905 occupant.
728 1822 750 1883 ii
771 1846 848 1885 vero
869 1834 952 1901 sunt,
975 1822 1031 1908 qui
1050 1822 1196 1884 Achaiam
1216 1833 1248 1884 et
1268 1823 1339 1883 loca

241 1906 386 1967 Corinthi
407 1908 602 1969 contermina
625 1915 762 1971 tuentur.
806 1908 911 1971 recole
934 1929 971 1969 ex
993 1908 1136 1990 superius
1158 1906 1338 1967 dictisCae-

240 2010 322 2053 sares
343 1989 417 2053 istos
446 1989 641 2053 Constantini
672 1992 868 2076 Copronymi
898 1990 1047 2075 sauguine
1067 1998 1175 2068 ortos,
1204 1988 1341 2053 Athenas

245 2072 277 2133 in
299 2074 423 2137 exilium
445 2098 528 2138 enno
549 2076 715 2159 superiore
744 2074 943 2159 deportatos.

325 2190 409 2255 thid.
437 2190 486 2255 17.
537 2188 593 2256 τὸν
623 2188 880 2275 repererimus]
901 2187 1047 2275 cuprina
1066 2188 1272 2291 qnadraginta
1292 2186 1346 2249 di.

246 2282 323 2339 eunt
343 2277 531 2340 recentiores
548 2278 616 2341 rice
638 2270 891 2357 τεσσαράκοντα·
938 2292 1180 2356 asperrumum
1207 2272 1347 2335 enormis

246 2361 468 2445 magnitudinis
498 2362 602 2423 vinam
633 2360 781 2443 intellige.
830 2358 934 2423 faciles
966 2359 1048 2422 enim
1077 2368 1151 2423 suut
1179 2378 1215 2420 ex
1235 2356 1346 2439 aliquo

247 2457 360 2511 eventu
382 2446 545 2530 imponere
567 2444 765 2529 cognomina.

332 2569 404 2649 735,
432 2573 481 2635 11.
522 2568 681 2653 prolem]
702 2591 762 2632 ror
784 2568 921 2630 sLatine
941 2567 1118 2630 multisoni
1138 2563 1348 2626 inGraeoiam

248 2655 515 2804 :ppsusatppcp'pius
537 2677 606 2718 usus
629 2656 776 2738 frequens
798 2653 883 2736 apud
904 2651 1133 2716 iureconsultus
1157 2657 1190 2712 et
1211 2648 1350 2710 canoni·

335 2851 408 2931 736,
419 2857 452 2918 1.
494 2855 530 2918 tr
542 2853 587 2940 τῷ
602 2843 830 2916 'ennarrans
847 2848 1004 2937 τρικλίνῳ]
1028 2849 1199 2914 triclinium
1220 2868 1355 2910 aureum

252 2939 462 3002 slustiaiessn
492 2937 697 3002 Rhiuotmeto
728 2945 920 3000 exstructum
950 2935 1043 2996 habes
1066 2935 1219 3016 superius,
1262 2933 1352 2994 etin

250 3023 330 3105 orig.
353 3023 415 3084 CP.
466 3017 485 3083 ὅ
513 3023 549 3085 δὲ
576 3016 801 3092 ’rennuente
829 3013 931 3080 ἔκτισε
959 3013 993 3080 τὸ
1011 3015 1263 3080 'looormsinssor
1282 3013 1353 3097 τρῖ.

250 3111 376 3170 etwas·
419 3105 610 3168 lastinianus
629 3107 798 3169 trielr'ninm
822 3105 870 3164 sni
891 3103 1025 3164 murinis
1045 3101 1233 3188 aedffieanr't.

334 3229 418 3295 Ibtd.
443 3225 473 3296 6.
523 3221 791 3312 καρδιὸπληκτος]
822 3227 915 3289 corde
938 3246 1097 3311 percussus
1127 3225 1166 3284 ab
1191 3223 1351 3286 Anastasio

258 3315 441 3397 reponitur:
467 3315 572 3376 forsan
592 3313 736 3376 cardiace
758 3331 906 3411 syncope,
925 3331 986 3394 qua
1006 3309 1045 3370 de
1065 3316 1194 3390 repente
1217 3315 1249 3368 et
1262 3307 1353 3390 qussi

251 3409 413 3460 momento
446 3400 531 3478 aegri
555 3399 730 3460 intereunte
757 3393 927 3456 sideratum
963 3402 993 3454 et
1015 3393 1101 3474 qnasi
1123 3391 1256 3452 fulminis
1281 3390 1350 3450 ictu

252 3483 429 3544 confossum
460 3481 570 3544 dieunt
597 3479 734 3561 medici;
765 3477 903 3562 quamvis
934 3475 1102 3574 grandiore
1123 3486 1155 3537 et
1176 3473 1353 3556 praecipua

253 3566 336 3626 circe
357 3575 469 3650 guttur
492 3567 619 3652 effracta
641 3585 721 3626 vena
742 3561 864 3646 sanguis
877 3582 1022 3644 copiosus
1035 3559 1216 3643 pulmonem
1236 3559 1353 3640 opple-

253 3671 300 3730 re,
321 3657 354 3712 et
374 3671 430 3711 ore
454 3647 637 3732 despumare
657 3647 809 3732 potuerit.

340 3759 423 3822 thid.
451 3757 498 3818 ll.
537 3755 657 3838 γόητες]
683 3753 834 3836 astrologi
856 3751 1026 3816 iudiciarii.

336 3880 409 3956 737,
432 3881 462 3948 9.
504 3877 651 3960 πρέσβεις
672 3877 717 3951 εἷς
737 3877 828 3940 τοῦτο
848 3877 987 3955 πέμψας]
1009 3870 1207 3956 Eginlrardns
1231 3869 1270 3930 ud
1291 3892 1353 3929 arr.

257 3985 330 4024 num
350 3964 423 4030 809.
473 3963 562 4028 irene
582 3965 766 4048 imperatrix
796 3959 1094 4042 eConstantinopoli
1113 3957 1195 4017 misit
1216 3957 1352 4036 legatum

256 4049 375 4109 nomine
395 4049 525 4111 bouem
546 4049 753 4134 spartlsan'nm
771 4047 863 4128 pacis
888 4041 1120 4126 copfirmaudae
1144 4039 1249 4120 gratia
1275 4038 1359 4132 inter·

256 4131 396 4194 Francos
416 4135 454 4195 et'
466 4134 622 4196 Graecos.-
642 4141 672 4194 et
694 4131 864 4214 imperator
883 4127 1021 4188 visr'ssins
1042 4125 1178 4188 absolun
1196 4122 1252 4184 tcto
1274 4121 1358 4182 misse
