3050 4900
290 335 364 408 350
659 341 704 405 ΙΝ
731 337 1011 406 ΤΗῈΟΡΗΑΝΕΜ

246 565 251 574 .
290 537 308 575 a
332 513 410 574 lunii
434 507 475 574 96
494 512 592 574 eirea
613 519 699 573 serto
718 519 790 572 anta
809 509 954 573 kalendas
976 511 1065 570 lulias
1087 507 1125 570 ad
1135 507 1288 572 decimum
1308 521 1377 573 ter.

290 598 371 660 tium
390 595 450 663 tat.
471 595 598 662 Martias
620 615 656 655 ex
668 595 807 671 Socrate,
831 615 866 656 ex
888 594 953 655 aliis
969 592 1007 655 ad
1029 593 1122 654 Maias
1145 595 1295 677 regnavit.

372 703 427 782 85,
451 699 480 764 6.
523 695 540 761 ὅ
562 689 747 780 Αὔγουστος
767 699 798 761 Γ
796 695 944 782 personis
962 695 999 761 ri
1022 693 1139 762 ἑαυτοῦ
1156 695 1228 763 οἷον
1248 689 1381 782 Asiyou-

291 808 364 852 στον
382 779 600 866 ἆνηγόριυστν]
623 784 741 844 eunctis
760 783 915 846 historicis
936 792 968 846 et
997 785 1148 845 fastorum
1169 786 1380 847 consularium

292 871 400 958 peritis
414 868 555 930 Gratiani
576 866 770 928 consulatum
793 867 931 950 primum
946 869 1044 952 patris
1063 867 1270 931 Valentiniani
1294 891 1377 932 anno

291 953 445 1029 secundo,
476 953 624 1014 collatum
660 972 735 1012 vero
764 949 930 1033 imperium
968 973 1049 1012 anno
1085 953 1180 1014 tertio
1213 956 1378 1014 statuenti.

291 1041 368 1113 hus;
390 1035 575 1098 Gratianum
606 1033 738 1095 eundem
762 1035 835 1118 imp.
866 1035 1035 1120 Augustum
1056 1033 1143 1096 simul
1169 1046 1200 1098 et
1222 1038 1381 1099 consulem

293 1124 333 1185 ab
355 1130 482 1183 auctore
503 1116 555 1179 hic
576 1125 723 1179 assertum
748 1119 803 1200 (ne
825 1118 925 1195 solus,
948 1137 984 1178 nc
1003 1127 1121 1182 temere
1139 1119 1204 1181 sine
1226 1119 1306 1182 duce
1326 1142 1381 1183 er.

293 1226 374 1270 rasse
392 1201 611 1284 convincatur)
642 1202 768 1263 nisime
792 1199 872 1262 fallit
895 1202 1092 1279 coniectura,
1126 1203 1167 1264 ita
1190 1225 1226 1266 ex
1249 1203 1382 1266 Socrate

294 1293 505 1372 interpretor.
547 1285 706 1346 lovianum
731 1285 851 1346 decimo
874 1285 969 1346 tertio
989 1285 1050 1351 kal.
1064 1287 1170 1347 Martii
1192 1287 1259 1368 ipso
1277 1287 1382 1349 Iovia.
1472 1281 1476 1295 '

296 1397 337 1436 no
362 1383 394 1435 et
403 1369 605 1450 Varroniano
626 1367 759 1452 puerulo
775 1389 851 1430 coss.
874 1369 984 1430 obiisse
1006 1371 1157 1430 fastorum
1173 1371 1381 1434 consularium

294 1455 447 1540 inspectio
468 1461 618 1530 testatur,
640 1451 839 1534 eiusdemque
864 1451 972 1515 mensis
1006 1452 1112 1515 diebus
1132 1455 1294 1535 postremis
1314 1456 1381 1518 Va.

295 1539 500 1603 lautiniacum
529 1537 752 1617 imperatorem
784 1535 948 1596 salutatum
970 1547 1081 1600 narrat
1100 1537 1273 1600 Ammianus
1294 1539 1384 1600 Mar.

295 1625 434 1686 collinus.
479 1629 658 1703 sequentem
685 1639 799 1680 annum
820 1619 1029 1682 Valentiniani
1059 1629 1092 1681 et
1114 1621 1253 1683 Valentis
1271 1642 1384 1683 consu-

295 1710 362 1770 latu
382 1705 485 1788 primo
512 1703 691 1784 consignant
710 1703 801 1779 lasti,
831 1723 909 1785 qnos
931 1703 969 1763 ab
992 1701 1085 1784 ipsius
1105 1703 1228 1786 imperii
1249 1705 1382 1768 exordiis

296 1788 433 1852 consules
454 1787 635 1862 declaratos,
660 1807 697 1846 ac
714 1787 1016 1868 proptercaloriano
1035 1785 1192 1868 defuncto,
1213 1797 1245 1850 et
1257 1789 1383 1850 Varro-

296 1875 390 1936 niano
401 1869 551 1952 dignitate
571 1879 691 1930 remoto
705 1871 788 1930 circa
800 1869 946 1930 Martium
968 1871 1145 1932 substitutos
1167 1893 1227 1932 non
1249 1871 1383 1934 obscure

297 1957 415 2018 iudicat
434 1955 577 2015 Socrates
600 1948 687 2014 titud
715 1955 814 2056 capl
839 1954 974 2016 ineunte.
1014 1954 1071 2016 rosi
1092 1951 1132 2034 δὴ
1151 1955 1306 2032 βασιλέως
1324 1945 1382 2018 Ἰο-

295 2040 411 2120 purat
440 2031 475 2098 ir
492 2028 719 2108 Ausoniam
743 2056 787 2108 ως
806 2030 942 2118 ἔφημεν,
968 2029 1223 2118 τελευτήσαντος,
1243 2037 1283 2120 τῇ
1302 2029 1381 2100 ἑαυ-

295 2123 354 2185 τοῦ
374 2117 517 2203 ὑπατεία,
540 2113 595 2180 roi
611 2119 824 2198 Bapmrsmoai
842 2117 900 2180 τοῦ
918 2113 993 2181 υἱοῦ
1013 2115 1113 2180 αὐτοῦ
1133 2119 1171 2203 τῇ
1192 2117 1229 2196 ιζ
1249 2119 1306 2182 τοῦ
1321 2120 1386 2182 Φε-

296 2203 472 2284 βρουαρίου
491 2197 608 2283 μηνός,
632 2196 663 2263 oi
692 2202 887 2281 aracusiam
918 2199 954 2264 ἐν
974 2203 1031 2282 τῆς
1051 2200 1201 2264 Γαλατῶν
1218 2195 1385 2281 ἑβδομαῖοι

295 2289 342 2360 εἰς
365 2287 502 2348 Νίκαιαν
525 2285 579 2363 τῆς
599 2281 758 2358 Βιθυνίας
779 2279 941 2366 ἐλθόντες,
973 2285 1061 2368 κοινῇ
1088 2282 1188 2390 ψήφῳ
1212 2283 1384 2352 Οὐαλεντι.

295 2368 402 2433 νιανόν
424 2363 678 2448 οἶνονηρύττουσι
698 2369 832 2444 βασιλέα
851 2367 898 2469 τῇ,
910 2369 1032 2453 πέμπτῃ
1053 2368 1107 2430 κατ’
1125 2362 1228 2432 aazias
1247 2369 1303 2430 τοῦ
1324 2363 1386 2432 αὖ·

1091 2454 1098 2473 Ι

295 2454 353 2517 τοῦ
378 2446 601 2532 Φιβρουαριου
620 2445 718 2533 μηνὸς
737 2452 772 2513 ἐν
795 2452 835 2537 τῇ
855 2456 956 2515 αυτοῦ
981 2447 1122 2597 iuorplrpu
1163 2474 1231 2516 cum
1249 2456 1385 2553 imperu-

295 2553 345 2601 τοι·
363 2538 510 2602 lucianus
529 2539 563 2597 in
580 2536 788 2613 Dadastana,
811 2538 855 2597 uti
879 2534 1028 2611 dirimas,
1117 2556 1203 2599 suum
1224 2538 1332 2620 ipisus,
1354 2552 1387 2599 et

298 2621 491 2685 Vari-aniani
520 2620 586 2701 filii
612 2620 660 2681 sui
677 2620 862 2681 consulatum
881 2619 955 2681 Xlll
977 2618 1040 2679 tal«
1058 2620 1174 2681 litor-rii
1198 2622 1303 2682 ιυίτα
1323 2626 1385 2681 nri-

294 2718 425 2847 ms
446 2700 957 2846 'turturinum
968 2702 1389 2849 attosti-tntu

297 2870 402 2966 qreimu
450 2866 514 2928 tat
537 2868 659 2941 Martii,
678 2833 735 2931 iilo
756 2806 961 2965 ipsoqconsuie
981 2869 1197 2953 imperatorem
1215 2870 1384 2933 declarant.

299 2948 468 3033 imperinm
489 2949 596 3034 itaque
617 2948 835 3013 Valentiniano
857 2972 1010 3016 unacum
1030 2953 1250 3017 consulatu¹er
1271 2954 1388 3015 Socra-

299 3035 340 3097 tis
360 3032 480 3095 calculo
510 3032 670 3095 delaturus
703 3045 873 3118 eapropter
903 3056 1000 3097 annus
1019 3056 1147 3119 sequens
1168 3038 1223 3099 lilii
1243 3038 1388 3099 Gratiani

299 3126 334 3181 et
351 3114 534 3199 Dagalaiphi
555 3120 713 3180 consulatu
736 3118 846 3181 eodem
864 3130 994 3181 auctore
1017 3130 1187 3185 annotatur
1207 3118 1305 3203 cap-9
1327 3122 1387 3183 ob-

300 3209 410 3265 euntes
435 3199 476 3263 ad
504 3198 657 3263 decimum
693 3201 798 3283 itaque
824 3204 957 3285 suscepti
978 3204 1101 3287 imperii
1127 3226 1273 3282 mensem,
1304 3204 1388 3267 iutra

299 3283 407 3369 primi,
429 3284 570 3368 inquam,
592 3284 665 3346 anni
694 3283 844 3348 cancellos
866 3287 1052 3349 Gratianum
1073 3288 1171 3351 lilium
1192 3286 1387 3351 Valentinia-

301 3391 359 3431 nus
380 3367 549 3431 declaravit
563 3368 729 3446 consulem,
750 3378 783 3431 et
805 3369 953 3453 collegam
971 3368 1057 3434 dedit
1070 3372 1304 3455 Dagalaiphum.
1326 3372 1390 3433 iam

302 3472 376 3514 eum
398 3452 552 3549 Lupicino
575 3461 608 3515 et
627 3453 756 3515 loviano
778 3472 851 3513 coss.
881 3455 935 3537 qui
955 3454 1164 3517 Valentiniani
1184 3476 1299 3517 annum
1320 3465 1390 3517 ter-

301 3534 382 3598 tium
396 3535 564 3615 designant,
579 3536 725 3598 Socrates
738 3557 809 3618 cap.
822 3535 871 3598 10.
893 3538 1075 3623 Hieronymi
1095 3538 1277 3614 chronicon,
1300 3540 1391 3601 Mur.

303 3618 430 3681 cellinus
450 3618 502 3679 lib.
515 3617 555 3681 27
577 3627 609 3682 et
629 3618 802 3683 chronicon
819 3618 1069 3698 Alexandrinum,
1091 3621 1233 3684 adiuncta
1255 3622 1314 3684 sibi
1336 3644 1391 3684 re-

303 3703 388 3786 liqua
411 3699 634 3766 historicorum
653 3725 756 3780 manu,
777 3704 961 3767 Gratianum
982 3704 1014 3765 in
1036 3706 1142 3768 Galliis
1164 3706 1390 3788 imperatorem

303 3788 420 3848 factum
450 3786 658 3848 concordibus
693 3786 815 3869 scriptis
847 3788 1027 3865 enunciant,
1061 3790 1142 3853 istud
1166 3788 1263 3851 nihilo
1289 3790 1390 3851 aecius

304 3870 490 3946 (chronicon
517 3870 668 3955 intelligo)
700 3870 884 3934 Gratianum
912 3870 1163 3957 ἐπιφανεστάτου
1196 3874 1390 3953 nobilissimi,

305 3954 500 4038 consulisque
532 3954 681 4035 dignitate
703 3953 792 4016 simul
816 3954 994 4054 insignitum
1023 3957 1106 4018 haud
1137 3958 1232 4020 tacite
1261 3956 1402 4019 demon·'

305 4046 392 4113 strat,
414 4034 553 4115 dodran,
575 4038 686 4123 inquit,
709 4038 740 4100 Γ
737 4057 887 4119 ρατιανου
910 4038 1162 4122 ἐπιφανεστάτου
1192 4048 1296 4127 (quem
1317 4042 1392 4102 illu*

306 4122 480 4183 arianarum
504 4141 566 4182 non
592 4122 673 4184 bene
692 4123 790 4181 vertit
810 4122 974 4205 interpres,
994 4122 1033 4184 de
1062 4144 1126 4209 quo
1148 4134 1222 4188 ante
1241 4125 1314 4187 duas
1331 4144 1393 4185 no-

305 4204 367 4285 tas)
390 4204 446 4263 καί
459 4204 678 4289 Δαγαλαΐφου.
719 4204 924 4268 nobilissimus
938 4214 1040 4269 autem
1064 4207 1087 4269 is
1110 4217 1164 4286 est,
1186 4210 1240 4293 qui
1265 4208 1395 4291 insigni-
