3050 4900
628 316 780 383 NOTAE.
1186 315 1258 386 313

168 495 203 550 et
219 485 375 632 trppphaea
399 481 511 551 crscta'
528 484 677 552 describit
693 487 842 552 Eusebius
877 485 927 548 lib.
952 485 969 546 1
1000 483 1039 548 de
1067 489 1129 550 vita
1152 489 1258 548 Conrt.

169 592 237 654 cap.
304 614 315 630 .

254 683 306 768 90,
329 683 378 750 1¹.
420 680 521 770 τούτῳ
537 684 582 771 τῷ
599 681 661 748 iras
681 683 929 769 ὃΜαξιμτανός]
952 687 1092 750 Galerius
1113 685 1170 749 iste
1190 688 1259 748 Ma-

168 769 302 832 ximinus
324 769 442 831 Galerii
469 769 646 831 Maximiani
672 771 767 844 fitius,
798 773 884 834 cuius
908 773 1051 836 interitus
1072 777 1144 852 post
1164 791 1258 832 annos

169 854 259 931 dnos,
278 850 311 913 id
331 863 377 915 est
392 853 587 915 Constantini
602 852 775 930 undecimo,
792 856 994 930 describitur,
1014 875 1078 914 non
1090 853 1151 914 boc
1167 874 1258 934 anno,

169 937 224 1020 qni
246 936 440 999 Constantini
467 957 581 1012 nonus,
609 937 740 1013 obiisse,
767 939 821 1000 sed
845 939 1043 1024 tyrannidem
1067 936 1260 1018 assumpsisse

167 1020 366 1102 suggeritura
390 1019 516 1121 denquo
538 1020 686 1093 inierins3
707 1021 849 1106 adeoque
871 1018 908 1083 τὸ
936 1019 1078 1100 αἰσχρῶς
1097 1016 1260 1098 καταλύει,

170 1101 403 1185 intelligendum
425 1122 556 1180 νστερον
577 1101 717 1183 αἰσχρῶς
734 1108 921 1166 κατέλυσεν·
961 1102 1159 1186 proindeque
1179 1104 1261 1164 verti

170 1188 267 1248 vitam
289 1185 401 1248 deinde
429 1188 570 1269 turpiter
599 1188 699 1247 amisit
726 1187 894 1250 incilicia.
937 1187 1135 1249 Maximinum
1157 1207 1259 1268 porro

168 1271 346 1332 Maximiani
367 1269 804 1355 patrisnominefrequentius
822 1271 937 1346 vocari,
961 1281 996 1333 ut
1018 1269 1261 1332 advertitan.

168 1353 283 1436 ponius
304 1353 425 1429 Laetus,
446 1354 665 1415 Maximianum
686 1355 807 1437 pariter
828 1353 987 1416 codicibus
999 1355 1126 1416 Graccis
1147 1355 1262 1436 saepis-

169 1437 243 1498 sime
265 1436 360 1497 scribi
383 1436 721 1520 animadvertos‘quae
742 1459 833 1500 causa
855 1447 910 1517 est,
931 1448 967 1499 ut
988 1431 1024 1498 τὸ
1044 1433 1260 1516 Μαξιμιανός,

169 1519 222 1582 hic
244 1521 357 1602 legens,
379 1520 584 1598 Muximimu,
609 1519 808 1583 reddiderim.

252 1619 333 1686 thid.
357 1617 405 1680 13.
448 1617 589 1692 α’κσύσας
608 1620 645 1681 di
665 1617 871 1698 Μαξιμιανὸς
887 1621 919 1682 Γ
917 1620 1069 1704 attimar]
1093 1619 1260 1702 periochen

171 1702 252 1763 hanc
272 1723 328 1764 suo
350 1703 424 1764 loco
444 1711 573 1778 mutam,
597 1705 679 1773 etin
702 1705 894 1786 superiorem
916 1725 1041 1781 annum,
1064 1703 1261 1766 Constantini

170 1784 314 1848 videlicet
341 1793 495 1863 octavum,
515 1789 562 1848 vet
586 1789 678 1849 etiam
700 1789 884 1868 septimum,
913 1787 1134 1849 conferendam
1155 1788 1262 1848 existi-

168 1891 232 1946 mo,
255 1876 359 1930 motus
375 1869 459 1930 hisce
480 1871 652 1932 rationibus
674 1870 802 1932 duabus.
833 1873 859 1933 1.
881 1871 967 1954 qnod
988 1892 1058 1932 cum
1078 1893 1161 1933 anno
1177 1871 1264 1930 Con-

168 1952 295 2014 stantini
308 1954 439 2036 septimo
457 1953 583 2016 ineunte
593 1957 761 2016 Maxentius
774 1955 916 2037 perierit,
939 1953 1038 2018 caedis
1051 1957 1114 2016 eius
1136 1952 1264 2016 nuntius

169 2039 210 2100 ad
231 2057 348 2098 annum
368 2058 466 2120 usque
480 2057 594 2100 nonum
609 2037 745 2100 ciusdem
753 2039 947 2100 Constantini
966 2039 1006 2100 ad
1019 2037 1175 2104 Galerium
1196 2041 1264 2099 Ma-

170 2119 343 2182 ximianum
362 2120 530 2204 pervenire
555 2145 619 2184 non
642 2121 769 2184 distulit.
813 2123 841 2184 Ω.
866 2122 951 2206 quod
974 2144 1045 2183 cnm
1065 2122 1187 2185 saevior
1206 2120 1262 2184 sub

170 2202 366 2265 Dioctetiano
397 2203 526 2266 excitata
555 2205 733 2288 persecutio
768 2227 850 2268 anno
873 2205 988 2267 Christi
1009 2204 1069 2268 295
1099 2227 1135 2267 ex
1155 2205 1263 2266 Theo.

172 2285 281 2368 phanis
301 2287 441 2364 calculo,
463 2296 535 2348 ante
559 2288 755 2350 Constantini
789 2290 955 2371 imperium
985 2287 1118 2366 duobus,
1141 2288 1263 2370 princi-

172 2368 260 2452 pium
279 2369 435 2453 babuerit,
452 2391 587 2455 moxque
611 2373 674 2434 cius
689 2382 788 2434 aestus
808 2375 877 2448 μετ’
897 2362 1004 2451 ὄγδοον
1016 2365 1094 2442 ἔτος,
1114 2384 1183 2455 post
1202 2393 1261 2432 αα-

169 2476 244 2515 ηαστ
264 2469 424 2529 octuvum,
452 2457 555 2537 iuquit
587 2456 735 2518 Eusebius
759 2456 872 2517 histor.
905 2456 982 2517 ecci.
1013 2454 1110 2517 lib.8
1133 2474 1201 2535 cap.
1222 2454 1263 2517 28

83 2571 86 2577 ,
169 2539 313 2620 coeperit
343 2539 505 2621 paululum
534 2538 765 2618 defervescere,
796 2560 878 2599 anno
900 2538 1047 2599 nimirum
1068 2537 1262 2599 Constantini

168 2632 266 2701 sexto,
286 2622 331 2681 sic
355 2622 476 2683 decimo
506 2645 587 2685 anno
622 2624 801 2704 consopitus
836 2622 914 2698 fuit,
937 2621 1023 2703 isque
1046 2642 1140 2681 annus
1161 2620 1262 2681 extitit

168 2706 364 2767 Constantini
388 2716 524 2785 octavus,
545 2728 609 2791 qno
631 2708 694 2768 eins
716 2704 754 2767 de
784 2707 939 2767 Maxentio
962 2705 1112 2766 victoriae
1131 2702 1170 2764 ad
1192 2706 1262 2765 Ma.

167 2788 338 2851 ximiannm
364 2790 488 2872 perlato
519 2792 648 2867 nuntio,
678 2790 754 2851 illud
782 2788 917 2851 edictum
949 2786 1065 2849 Galerii
1086 2786 1261 2849 Maximiani

168 2874 296 2933 nomine
317 2873 568 2958 promulgatum,
600 2876 686 2936 onius
716 2872 872 2955 exemplar
896 2870 991 2934 habet
1020 2871 1168 2933 Eusebius
1203 2870 1259 2933 lib.

169 2956 257 3016 citati
279 2976 348 3037 cap.
370 2954 419 3023 29.
461 2958 610 3041 perioche
635 2959 713 3018 haec
738 2958 835 3039 igitur
864 2956 895 3016 in
927 2956 1045 3019 dictum
1068 2952 1261 3017 Constantini
1369 3034 1372 3041 Ι

170 3061 286 3100 annum
308 3050 472 3119 octavum,
508 3044 562 3125 qui
591 3041 728 3104 decimus
756 3066 773 3101 a
796 3041 1022 3121 persecutione,
1043 3040 1091 3100 vel
1111 3040 1142 3099 in
1162 3037 1261 3118 septi-

169 3145 265 3198 mum,
288 3123 343 3205 qui
367 3145 466 3185 nonus
488 3127 527 3189 ab
550 3127 679 3202 eadem,
701 3145 784 3207 qno,
803 3124 871 3199 μετ’
892 3112 1001 3199 ὄγδοον
1021 3120 1156 3183 eiusdem
1177 3116 1259 3199 ἔτας,

168 3207 386 3269 crudelitatem
414 3206 575 3294 hucusque
599 3208 767 3273 exercitam
788 3206 919 3269 relaxari
939 3204 1024 3267 iussit
1044 3205 1259 3281 Maximianus,

171 3290 387 3353 transferenda
408 3299 462 3352 est.

250 3413 331 3477 Isset
355 3414 402 3477 18.
426 3410 657 3495 ἐπεστράτευσε
677 3410 759 3478 κατὰ
784 3408 980 3497 Μαξεμίνον]
1000 3412 1150 3473 Eusebius
1172 3408 1259 3473 lih.9

169 3518 241 3579 cap.
263 3496 295 3559 8.
336 3493 354 3557 ὅ
377 3496 413 3559 di
435 3498 617 3575 Μαξιμῖνσς
646 3498 694 3561 ἐπ’
718 3498 873 3579 ἀνατολῆς
905 3496 944 3557 od
975 3492 1076 3558 πολύν
1107 3488 1259 3572 ἐπιζήσας

168 3578 275 3665 ἐκείνῳ
289 3580 487 3666 (Maiensis)
504 3578 626 3662 χρόνον,
652 3581 805 3668 αἰσχίστῳ
824 3582 879 3643 καί
898 3577 998 3653 αὐτὸς
1017 3576 1079 3641 ainsi
1094 3572 1259 3642 Λικιννίου

169 3652 259 3724 niam
284 3664 438 3739 μανέντας
468 3658 537 3727 τότε
560 3666 774 3747 καταστρέφει
799 3659 935 3747 θανάτῳ.
996 3664 1192 3726 Maximinus
1225 3661 1258 3721 iu

171 3745 295 3808 Oriente
324 3769 388 3849 non
415 3748 507 3829 losrgo
537 3762 680 3849 temppre·
696 3762 766 3831 post
787 3748 943 3847 Maxentii
966 3768 1105 3849 ραεαεραε
1137 3745 1170 3803 in
1189 3744 1260 3804 uita

163 3848 290 3995 mr
300 3832 543 3998 tusses
559 3832 1090 3995 tantustantus
1110 3827 1259 3889 a...

170 3996 290 4058 stadem
311 4008 344 4059 ct
363 4019 470 4061 necem
499 3998 641 4082 depingit
669 3999 722 4061 itio
745 4000 848 4080 capite
868 3998 1026 4075 Eusebius,
1050 4018 1130 4081 quae
1150 3996 1258 4059 Theo·

168 4076 284 4161 phanes
306 4093 413 4145 noster
440 4083 527 4145 annis
556 4084 696 4167 quinque
726 4086 793 4143 vuit
813 4094 929 4145 exacta.
984 4102 1067 4143 anno
1087 4080 1257 4163 primo,·is

168 4162 227 4225 fuit
251 4164 446 4229 Constantini
474 4166 641 4251 septimus,
662 4167 881 4231 Constamiuus
910 4174 942 4229 et
959 4164 1179 4239 Licinuius‘de
1199 4186 1258 4227 co-
