3050 4900
283 267 360 343 636
638 279 695 344 ΔΙ)
723 275 1003 344 morabitini

282 447 463 512 accedentes
490 445 530 510 ad
559 447 718 510 ecclesiam
746 456 894 530 oporteat
929 447 1095 530 baptizari:
1118 453 1154 509 ut
1175 467 1235 508 non
1255 447 1373 510 mirum
1488 407 1489 472 l

283 553 361 615 prae
380 530 705 594 omnibus'baereticis
743 532 799 594 bus
821 534 956 594 Leonem
988 531 1027 591 ad
1049 531 1234 614 baptismum
1255 553 1373 613 cogea-

283 615 339 678 dos
360 618 490 692 duxisse,
511 613 641 698 illosque
661 635 730 677 rem
750 617 794 676 sic
816 615 941 701 indigne
962 615 1075 678 tulisse.

366 719 438 802 617,
462 721 510 783 10.
561 715 617 784 xci
632 721 792 796 ἐσθίοντες
813 716 1064 804 μετελάμβανον]
1090 721 1184 783 nolim
1206 745 1263 805 ego
1286 723 1374 805 quod
1488 695 1489 698 Ἴ

284 806 356 889 xyt
378 815 410 868 et
442 825 539 867 novus
572 805 706 888 interpr.
739 807 826 889 quod
858 805 929 866 cibo
952 815 1024 866 ante
1051 815 1196 888 sumpto,
1220 807 1264 868 sic
1286 827 1375 868 sacra

284 889 429 974 mysteria
452 896 620 950 sumerent.
661 889 766 950 linisset
785 887 909 972 quidem
925 889 1001 950 baec
1016 889 1164 952 ecclesiae
1178 890 1250 972 legis
1270 898 1375 952 traus-

285 973 412 1056 gressio,
436 979 469 1032 at
490 993 553 1033 non
573 969 667 1034 fidem
686 971 839 1054 polluere.
892 991 930 1034 eo
954 971 1049 1055 igitur
1068 973 1159 1034 fidem
1181 973 1376 1056 polluebant,

252 1062 254 1065 ’
286 1056 372 1138 quod
394 1055 519 1116 intincti
547 1055 702 1138 baptismo
735 1055 821 1116 illum
851 1053 1004 1132 eluebant,
1034 1055 1128 1138 sique,
1151 1055 1311 1134 eluentes,
1341 1079 1376 1116 ac

286 1148 478 1212 execrantem
511 1147 698 1213 oretenus,
736 1139 917 1218 ἐσθίοντες,
962 1159 1049 1200 sacra
1080 1141 1236 1222 mysteria,
1258 1161 1296 1200 ac
1321 1161 1376 1201 eu·

287 1221 465 1282 charistiam
493 1222 720 1303 percipiebant.
773 1222 860 1306 qaod
892 1223 1009 1282 utinam
1037 1243 1093 1284 nec
1114 1223 1208 1283 modo
1234 1231 1376 1304 praesta-

286 1315 368 1382 rent,
389 1325 467 1388 quos
486 1305 690 1387 Burdigalae,
720 1305 859 1390 locisque
889 1303 952 1365 aliis
972 1297 1227 1386 Ἰουδαιόφρανας
1250 1311 1376 1366 Grann-

285 1398 384 1451 tenses
405 1389 551 1470 Hispania
574 1393 688 1450 eiectos
704 1388 1025 1454 christianissimorum
1051 1409 1160 1470 regum
1174 1389 1293 1450 Galliae
1317 1389 1376 1450 cle·

286 1472 401 1534 mentia
423 1471 572 1534 hactenus
599 1474 726 1536 tolerat.
778 1479 899 1534 namet
922 1472 1025 1533 ludaei
1047 1473 1215 1533 etiamnum
1236 1473 1296 1533 sibi
1317 1472 1378 1534 boc

286 1556 419 1617 liberum
438 1563 570 1638 putant,
598 1564 634 1617 ut
663 1566 799 1640 propter
817 1555 955 1638 gentium
989 1575 1181 1638 praesuram,
1206 1577 1299 1638 quam
1323 1576 1377 1614 vo·

288 1647 372 1718 cant,
395 1661 506 1702 eorum
535 1661 639 1702 mores
671 1661 708 1702 ac
738 1641 922 1724 religionem
952 1639 1095 1700 simulent
1119 1640 1270 1715 exterius,
1294 1639 1375 1721 apud

287 1745 365 1808 quos
386 1723 548 1794 victitaut3
578 1723 675 1785 modo
706 1725 766 1784 alia
786 1723 903 1802 ludoici
934 1723 1010 1783 ritus
1031 1721 1136 1806 quoad
1156 1722 1198 1782 eis
1220 1723 1296 1784 licet
1319 1723 1377 1784 ob·

285 1815 418 1884 servent,
439 1814 517 1888 puta
537 1805 658 1868 sabbati
677 1809 806 1882 cultum,
828 1806 1095 1887 circuncisionem,
1120 1805 1337 1868 abstinentiam
1359 1829 1375 1865 a

286 1889 362 1950 cibis
382 1887 558 1961 immundis,
579 1900 639 1952 etc.
659 1911 741 1974 quaa
760 1887 848 1951 dictis
862 1891 1095 1972 granatensibus
1116 1899 1280 1970 persanata
1302 1911 1374 1966 esse,

288 1972 402 2058 quibus
422 1972 466 2032 ita
486 1971 576 2032 multi
596 1972 738 2034 habitant
759 1971 847 2052 locis,
881 1974 1034 2035 neminem
1053 1973 1138 2034 latet.

372 2078 452 2142 ibid.
475 2077 522 2141 16.
562 2077 617 2158 τῆς
637 2081 795 2160 παραλίου
821 2079 1377 2163 Φοινικης]Ρ1ιοιηίεἰιικαυίιίαιαε,·

290 2182 353 2223 non
377 2162 419 2223 ita
442 2161 545 2238 bene.
580 2163 702 2243 Syriae.
733 2157 903 2246 κρατήσειν
935 2167 991 2244 τῆς
1008 2155 1166 2244 Ἀράβων.
1185 2157 1290 2246 τούτῳ
1311 2179 1375 2222 nes·

228 2286 247 2318 x
290 2244 391 2316 σθείς.
412 2245 487 2328 Reg.
502 2254 561 2306 etc.
583 2247 629 2333 τῷ
647 2243 733 2332 αὐτῷ
743 2243 817 2313 ἔτει.
838 2249 906 2332 ipso
927 2249 1040 2324 eodeni,
1055 2245 1138 2310 alna
1158 2247 1310 2310 exunctus
1328 2255 1375 2304 est.

292 2327 436 2391 omissum
454 2333 586 2412 interpr.
679 2395 689 2410 ,

372 2433 443 2514 618,
465 2437 496 2499 8.
535 2435 702 2518 γενόμενον
719 2437 779 2518 μὲν
801 2431 864 2500 α’κὸ
887 2437 1100 2520 Χριστιανῶν,
1121 2433 1325 2515 αἰχμάλωτον
1345 2431 1376 2496 ἐν

291 2518 406 2605 Συρίᾳ]
434 2522 511 2603 lieg.
540 2529 599 2583 etc.
625 2522 769 2605 beneque
797 2526 900 2584 Anast.
934 2524 990 2607 qui
1011 2544 1054 2583 ex
1086 2520 1265 2583 Christianis
1295 2532 1377 2581 natus

284 2601 403 2687 filaret,
425 2606 481 2665 sed
499 2606 635 2689 captivus
666 2606 701 2667 in
730 2604 860 2687 Syriam
890 2604 1004 2671 ducem.
1026 2602 1142 2687 editum
1164 2626 1226 2665 non
1248 2603 1377 2687 integre,

293 2707 352 2749 uec
373 2696 445 2769 apte
464 2688 535 2748 satis
554 2687 722 2755 redditum.

378 2802 460 2865 thid.
485 2802 534 2870 18.
586 2799 628 2865 rei
664 2802 816 2883 περὶτοῦ
840 2802 1001 2884 μακαρίου
1029 2796 1207 2886 Στεφάνου]
1237 2798 1378 2882 imperite

293 2884 371 2947 baec
392 2882 431 2946 ‹lc
452 2884 610 2969 Stephano
632 2907 716 2970 papa
737 2884 810 2946 buic
832 2897 930 2948 assuta
951 2888 1032 2964 loco,
1056 2906 1136 2971 quae
1158 2892 1190 2947 et
1203 2888 1306 2945 Anast.
1328 2900 1376 2941 re-

294 2970 506 3053 praesentati
527 2969 723 3031 Constantini
746 2990 845 3046 anuo,
872 2970 929 3031 sub
952 2990 1015 3053 quo
1038 2974 1129 3031 etiarn
1151 2968 1225 3029 vixit
1247 2964 1377 3047 Stepha-

296 3074 363 3114 nus.
406 3052 543 3113 certiora
567 3052 606 3115 de
625 3053 751 3134 Pipino‚
776 3074 812 3113 ac
827 3055 942 3115 Carolo
965 3053 1108 3121 Martcllo
1129 3073 1164 3113 ex
1188 3050 1302 3111 nostris
1323 3068 1378 3132 pe·

295 3134 388 3197 tenda
409 3135 564 3199 bistoricis
585 3137 716 3220 Fredeg.
752 3144 811 3199 etc.
872 3139 971 3219 lapsus
1003 3136 1153 3199 memoria
1173 3135 1304 3196 Fabrot.
1328 3128 1377 3215 qui

297 3220 356 3281 ista
378 3238 440 3279 non
473 3219 589 3281 habere
617 3220 706 3282 Tbeo
729 3218 841 3283 hanam
869 3220 1029 3303 scripserit
1059 3220 1083 3293 9Ι
1107 3218 1160 3280 ἰΙΙο
1188 3213 1378 3279 Constantini

296 3324 390 3381 auno,
411 3303 464 3365 sed
485 3302 635 3366 duntaxat
656 3240 730 3367 Ceri

275 3480 281 3497 ¹
377 3406 454 3491 619,
473 3408 504 3476 3.
546 3409 684 3491 ἐξάρχου
712 3410 769 3493 τῆς
798 3402 982 3492 διοικήσεως
1013 3408 1074 3471 ια’ῐν
1101 3401 1195 3488 ὅλον]
1226 3406 1303 3489 Itag.
1324 3412 1378 3467 etc.

297 3519 348 3584 cui
365 3540 466 3581 rerum
484 3533 549 3583 tota
566 3520 790 3583 administratio
810 3519 923 3581 credito
942 3530 1024 3581 esset.

377 3626 460 3688 Ibid.
487 3626 534 3688 13.
575 3626 611 3688 ἐκ
630 3628 688 3689 roi
707 3628 817 3709 γένους
847 3624 967 3690 ἐκείνου
995 3618 1211 3705 καταγόμενα.
1252 3620 1297 3709 αἶς
1315 3624 1379 3701 χοῖ-

297 3707 364 3795 ροι]
384 3710 479 3772 Cedr.
500 3712 574 3794 Reg.
596 3720 656 3773 etc.

378 3814 453 3896 690,
478 3816 510 3881 5.
553 3816 653 3880 αυέὁν
672 3812 726 3883 τὸν
745 3811 890 3897 ἔξαρχον.
914 3810 994 3876 a'lti
1020 3816 1073 3875 καί
1094 3813 1137 3877 δι’
1157 3804 1250 3875 ἄλλα.

378 3926 459 3991 ibid.
478 3924 526 3988 17.
567 3926 622 3989 καὶ
639 3920 731 3987 πόλιν
750 3916 902 4000 notuisse]
926 3923 1018 3987 Barb.
1034 3924 1126 4008 Peyr.
1148 3932 1212 3998 «etc.
1233 3919 1289 3983 καί
1307 3917 1376 3981 nol·

297 4004 372 4081 λούς
396 4004 469 4081 τούς
489 4006 548 4073 οὐν
569 4010 666 4096 αὐτῷ.
691 4012 768 4094 Reg.
793 4018 853 4071 etc.

381 4122 454 4203 bil,
473 4126 504 4193 8.
547 4118 757 4211 Γρργόριοςό
783 4123 901 4201 πιέσας]
921 4124 1092 4210 Gregorius
1104 4144 1215 4206 nempe
1238 4120 1256 4182 2
1280 4122 1376 4183 estant
