3050 4900
278 272 328 345 26
427 277 639 346 tntsrtsn
671 277 866 344 HISTORIA
894 274 1218 347 ECClAESthMCh.

277 453 329 516 hic
351 451 471 536 primus
491 451 660 536 alienigena
692 451 831 534 praefuit
850 450 989 528 ludaeis,
1018 473 1091 514 cnm
1110 460 1189 514 meet
1206 450 1367 514 idumaeus

278 538 387 684 ptirpgpst.
398 537 576 685 Aideappilippp
597 536 717 620 primns
738 535 942 618 alienigenum
960 534 1080 600 ludaeis
1093 535 1273 618 pontificem
1289 554 1367 596 con«

139 729 266 805 μῦθοί
359 729 548 790 ludaeorum
567 726 718 790 secundus
739 725 908 810 alienigena
932 725 1099 789 Archelaus
1130 726 1210 788 filins
1224 725 1367 803 Herodis,

275 811 363 875 euius
382 833 464 873 anno
479 809 510 886 9,
528 809 636 872 mnndi
656 831 733 873 vero
746 808 839 887 5506,
859 813 1011 893 Angustus
1023 809 1208 872 Archelaum
1229 807 1367 892 quidem,
1395 867 1399 872 .

274 896 373 958 lilium
395 893 539 968 Herodis,
562 894 748 956 ludaeorum
789 894 866 956 entis
880 895 1056 976 principem
1073 893 1191 970 statuit,
1207 895 1290 956 'alios
1308 915 1367 954 un.

274 988 337 1042 tem
352 981 463 1042 iratres
485 981 549 1040 eius
573 989 731 1063 quatuor,
752 917 910 1040 llerodem
927 977 1045 1040 scilicet
1064 977 1289 1060 homonymum
1310 998 1368 1058 pa.

273 1065 337 1142 tri,
362 1073 395 1126 et
418 1062 616 1145 Antipatrum
637 1083 696 1124 avo
727 1061 932 1147 aequivocnm
951 1061 1177 1147 Lysaniamque
1193 1068 1226 1129 et
1243 1059 1367 1144 Philip-

273 1167 351 1231 pum
373 1147 547 1209 tetrarchas
568 1145 716 1210 exhihuit.

178 1261 268 1336 pote
357 1255 468 1318 Mundi
483 1275 564 1317 anno
579 1252 672 1332 5513,
685 1253 808 1318 divinae
820 1252 1042 1315 iucarnationis
1055 1272 1139 1314 anno
1149 1249 1199 1330 13,
1221 1251 1278 1314 suh
1289 1251 1367 1314 cae-

273 1361 342 1402 sare
353 1343 488 1422 Augusto
498 1339 649 1420 sapientes
660 1337 790 1422 insignes
801 1347 891 1400 erant
902 1337 1058 1419 Virgilius,
1077 1337 1236 1410 Salustius,
1248 1336 1366 1414 Livius,

272 1423 463 1501 Hortensius,
485 1423 658 1499 Terentius,
683 1421 842 1501 Horatius,
867 1419 1087 1482 Athenodorus
1108 1422 1240 1482 Tarseus
1259 1427 1293 1481 et
1312 1419 1366 1480 Si.

273 1506 319 1568 tio
342 1505 573 1569 Alexandrinus.
617 1505 698 1568 idem
720 1525 797 1568 vero
826 1510 979 1587 Angustus
1001 1503 1229 1565 habitatoribus
1249 1504 1365 1562 Roma-

272 1611 330 1652 nae
353 1589 437 1650 urhis
457 1589 618 1670 perfacies
642 1587 844 1652 dinumeratis
864 1588 983 1650 invenit
995 1587 1139 1650 virorum
1160 1583 1367 1649 habitantium

272 1695 339 1737 carn
363 1669 495 1735 131037.

175 1788 265 1863 pets
354 1779 465 1844 Mundi
487 1800 568 1840 anno
596 1777 677 1842 552⁰
701 1777 924 1840 incarnationis
952 1775 1075 1839 divinae
1105 1798 1202 1838 annus
1229 1773 1269 1838 20
1291 1795 1366 1857 agc-

271 1859 493 1947 halur,quun1
515 1861 687 1926 Matthaeus
708 1863 869 1946 Lucasque
889 1861 1079 1940 describunt,
1098 1859 1271 1922 Matthaeus
1292 1857 1367 1942 qni.

274 1947 345 2010 dem
368 1948 483 2030 regiam
508 1968 544 2009 ex
558 1944 660 2008 David
680 1967 739 2029 per
753 1946 962 2022 Salomonem,
980 1947 1079 2008 Lucus
1099 1964 1176 2008 nero
1197 1965 1234 2006 ex
1254 1943 1367 2006 eodem

272 2029 374 2094 David
396 2053 455 2114 per
477 2029 609 2094 Natham
629 2029 693 2093 eius
714 2029 812 2091 lilium
828 2030 975 2092 referens.

116 2193 144 2248 p,
157 2175 210 2232 505
231 2171 330 2288 “sd
355 2139 630 2287 Tihsfl⁰³.cerliu⁵
653 2139 842 2203 monarchus
862 2139 1013 2202 Pontium
1033 2134 1168 2200 Pilatum
1193 2134 1368 2220 praesidem

290 2247 310 2286 u
334 2245 386 2286 eae
432 2246 507 2286 trem

177 2363 266 2436 ,¹505
355 2331 467 2394 Mundi
481 2353 562 2393 anno
576 2327 670 2408 5532,
694 2328 816 2393 divinae
837 2324 1061 2392 incarnationis
1070 2325 1123 2406 39,
1143 2328 1292 2391 loannem
1304 2326 1368 2388 Ba.

295 2415 407 2495 tistam,
429 2415 504 2514 dnm
524 2413 563 2477 ah
594 2413 740 2514 omnibns
761 2422 798 2477 nt
826 2413 987 2513 propheta
1004 2412 1235 2511 honoraretur,
1256 2412 1367 2473 timens

270 2497 1367 2731 ,rttgtgllttlt'ttal,lttltlttttttttlatttttt

302 2689 358 2733 ero
383 2691 410 2729 ra
434 2690 495 2731 em.

352 2774 463 2837 Mundi
486 2770 672 2850 annosum,
693 2770 819 2834 divinae
834 2770 1057 2833 iucarnationis
1068 2768 1121 2849 33,
1142 2768 1284 2832 domiuus
1302 2788 1364 2830 no.
1469 2822 1475 2843 ,

269 2860 427 2921 ster-lesus
438 2857 578 2921 Christus
594 2866 666 2939 post
678 2855 874 2939 signamnltn
894 2864 927 2918 et
948 2877 1022 2917 suae
1041 2854 1209 2917 divinitatis
1230 2851 1366 2916 revelata

269 2943 425 3027 mysteria,
435 2951 546 3024 sponte
560 2938 600 3002 ad
610 2938 783 3023 passionem
797 2939 933 3014 accentu
945 2939 1181 3021 eterncifigitnr
1201 2936 1280 2999 feria
1297 2957 1366 2999 sex-

270 3024 416 3103 ta,hora
438 3034 541 3101 serta,
560 3023 667 3086 Martii
682 3024 793 3087 mensis
815 3024 867 3085 die
887 3020 937 3100 23,
956 3024 1120 3085 consulatu
1128 3020 1259 3084 Neronis
1279 3018 1309 3081 3.
1332 3028 1367 3081 et

270 3110 408 3192 resurgit
435 3108 545 3171 Martii¹
565 3106 617 3169 die
639 3106 697 3184 95,
729 3129 802 3169 cnm
829 3107 1021 3169 illucesceret
1048 3106 1221 3168 dominicus
1243 3103 1318 3181 dies,
1339 3102 1363 3165 8

271 3192 401 3255 Calend.
426 3192 590 3275 Aprilium,
614 3190 789 3273 prima-die
808 3190 903 3273 primi
923 3190 1045 3270 mensis,
1065 3189 1121 3273 qni
1141 3190 1244 3265 Nisan,
1266 3187 1299 3248 id
1320 3196 1366 3248 est

270 3276 402 3339 Martius
424 3276 546 3353 mensis,
571 3275 752 3337 nominatur
772 3274 855 3357 apud
871 3274 1032 3337 Hebraeos
1052 3282 1085 3335 et
1104 3271 1305 3334 Christianos.
1327 3268 1367 3331 de

273 3382 335 3443 qna
356 3360 473 3421 dieitur
493 3360 546 3421 “in
577 3358 736 3441 principio
765 3358 841 3420 feeit
862 3357 936 3421 dens
965 3359 1085 3419 caelum
1115 3364 1148 3419 et
1175 3356 1312 3417 terram''
1333 3362 1367 3416 et

273 3464 380 3505 rursus
401 3443 473 3505 “hic
492 3452 537 3506 est
557 3443 638 3505 liher
656 3442 866 3525 generationis
887 3440 964 3504 caeli
984 3450 1016 3503 et
1039 3451 1153 3517 terrae,
1175 3439 1206 3500 in
1228 3437 1279 3499 die
1301 3458 1365 3521 qua

271 3528 345 3589 lecit
365 3526 439 3591 dens
460 3530 580 3591 caelum
606 3537 639 3589 et
662 3531 808 3589 terram.”
850 3547 913 3610 qua
927 3545 1004 3609 ergo
1026 3524 1078 3587 die
1099 3522 1365 3585 mundnscreatns

272 3622 328 3692 est,
348 3633 384 3675 ea
398 3612 536 3675 Christus
559 3618 738 3694 conceptus,
761 3617 794 3672 et
815 3630 851 3672 en
873 3631 909 3671 er
929 3608 1062 3671 mortuis
1083 3606 1266 3671 resurrexit.

172 3738 264 3815 pull
354 3738 478 3799 Erueba'i
497 3737 654 3823 Pamphili
670 3734 709 3797 de
729 3736 785 3797 hoc
804 3738 880 3820 ipso.
932 3735 1013 3796 lesus
1033 3732 1190 3815 Christus,
1212 3730 1292 3793 lilius
1313 3727 1364 3792 dei

271 3830 304 3883 et
324 3818 466 3883 dominus
489 3831 605 3902 noster,
624 3818 792 3882 secundnm
812 3818 1005 3902 prophetias,
1030 3838 1112 3901 quae
1132 3816 1171 3878 de
1193 3815 1261 3961 ipso
1281 3824 1364 3895 sunt,

270 3904 308 3966 ad
329 3905 500 3988 passionem
522 3913 676 3987 properat
698 3926 781 3965 anno
800 3903 1008 3967 nonodecimo
1031 3902 1155 3985 imperii
1168 3900 1205 3960 Ti
1230 3897 1296 3979 arii,
1315 3918 1365 3959 se·

270 3990 408 4051 cundum
430 3988 517 4071 quod
538 3995 670 4069 tempus,
691 3988 772 4050 sieut
794 3988 888 4049 etiam
912 3988 944 4049 in
966 3986 1032 4047 aliis
1058 3984 1219 4070 gentilium
1241 3979 1364 4063 reperi-

270 4082 324 4135 tur
346 4072 492 4152 historiis,
515 4070 725 4155 persingulas
749 4071 908 4153 dictiones,
931 4092 1013 4155 quae
1033 4081 1102 4131 acta
1123 4077 1207 4147 sunt,
1231 4086 1362 4129 enarra-

269 4156 380 4220 hiruns.
424 4178 496 4219 nam
511 4156 557 4217 sol
577 4153 699 4237 deleuit,
711 4155 856 4240 Bithynia
872 4163 959 4217 mota
980 4162 1034 4236 est,
1054 4151 1191 4236 plurima
1211 4150 1364 4215 Nicaenae
