3050 4900
296 345 372 420 270
450 346 661 414 anss'rsstt
681 341 878 412 HISTORIA
906 341 1222 416 bemasmerim

378 517 562 602 Eodemque
577 537 660 580 suno
681 523 754 578 ants
776 517 994 579 solennitatem
1017 513 1114 577 sancti
1146 513 1279 600 paschae
1305 515 1391 578 Cru-

194 635 221 689 p.
235 617 288 672 753
298 626 385 666 mnus
394 604 568 684 Vulgarum
581 601 653 678 dur,
675 604 742 662 scie
756 609 868 662 contra
888 599 1048 662 sardicam
1062 600 1193 678 directa,
1214 599 1289 661 dolo
1309 599 1395 664 hauc·
1421 617 1424 620 “

296 689 381 771 cepit
401 687 514 764 verbo,
534 706 570 746 ex
588 685 706 746 militiis
726 686 881 746 Romuleis
899 683 1070 745 interfectis
1093 705 1143 745 sex
1165 683 1298 761 milibus,
1319 686 1389 747 abs.

295 793 357 858 que
390 768 592 831 multitudine
621 769 818 852 privatorum
847 771 886 844 *).
927 767 1144 850 ‘Nicephorus
1173 778 1276 830 autem
1304 769 1387 852 quasi

294 856 439 917 adversus
468 875 540 915 eum
567 855 661 914 tertia
707 853 784 914 scria
815 849 1030 914 hebdomadae
1065 851 1206 914 salutaris
1242 853 1388 934 passionis

293 959 442 1024 egressus,
466 935 594 1020 dignum
615 934 743 1019 quidem
767 955 911 998 sermone
932 933 1010 996 nihil
1032 935 1160 998 omnino
1182 935 1285 1020 gessit.
1333 935 1388 996 bos

293 1034 398 1084 aulem
417 1021 597 1104 principes,
633 1020 687 1104 qui
716 1020 755 1081 de
779 1019 873 1082 caede
893 1018 1001 1080 salvati
1019 1029 1110 1096 sunt,
1133 1021 1265 1082 verbnm
1284 1019 1388 1081 salutis

293 1106 476 1189 deposcunt,
497 1125 568 1165 cum
590 1103 666 1166 dare
687 1101 871 1187 dedignatus
891 1102 1015 1180 fuisset,
1039 1103 1078 1166 ad
1099 1102 1201 1165 hostes
1221 1103 1388 1186 confugere

294 1190 467 1272 compulit,
499 1187 584 1250 inter
604 1207 682 1270 quos
708 1196 778 1250 erat
799 1195 831 1248 et
847 1184 1030 1250 Eumatbius
1052 1187 1237 1268 spatharius,
1263 1187 1387 1249 mecha·

293 1276 383 1335 nicae
406 1273 482 1333 artis
499 1293 606 1354 expers
626 1277 677 1350 **).
721 1279 768 1332 ast
789 1269 984 1352 Nicephorus
1015 1291 1093 1353 prae
1112 1271 1212 1334 multo
1233 1269 1388 1334 dedecore

292 1357 455 1420 iuratoriis
475 1357 569 1418 sacris
591 1356 695 1438 regiae
715 1355 789 1416 urbi
818 1354 1008 1436 persuadere
1032 1355 1199 1436 satagebat,
1219 1364 1256 1416 ut
1277 1355 1389 1418 crede.

293 1450 345 1504 ret
364 1439 452 1525 quod
476 1439 675 1502 festivitatem
703 1437 835 1521 paschae
864 1437 896 1499 iu
929 1439 998 1499 aula
1023 1439 1152 1500 Crumni
1172 1437 1386 1506 celebraverit.

292 1535 459 1608 praeterea
487 1545 559 1584 cum
595 1522 755 1584 ciuitatem
775 1520 960 1598 Serdicam,
983 1542 1063 1604 quae
1096 1521 1253 1584 destructo
1275 1523 1390 1600 fuerat,

292 1609 460 1671 aedilicare
474 1605 629 1681 voluisset,
645 1604 898 1668 multitudinibus
920 1605 1141 1685 resistentibus,
1156 1607 1267 1670 timens
1289 1647 1297 1666 .
1317 1649 1326 1668 .
1346 1649 1384 1669 ..

291 1687 542 1775 persuadendum
561 1691 662 1752 turbis
691 1689 917 1774 imperatorem
937 1690 1097 1772 postulare
1118 1711 1214 1772 super
1234 1689 1385 1752 aedificio.

292 1775 390 1838 atilli
413 1795 502 1836 senso
526 1774 662 1857 ingenio,
682 1783 718 1836 ut
742 1793 778 1834 ex
805 1793 939 1856 nequam
963 1773 1043 1833 illius
1068 1775 1386 1856 argumentationibus

290 1858 537 1934 subministrato,
547 1857 779 1918 tumultuantur
790 1855 932 1918 adversus
946 1879 1017 1918 eum
1031 1867 1063 1918 et
1074 1857 1219 1920 adversus
1230 1857 1387 1940 principes

291 1963 362 2003 suos
375 1962 435 2025 per
447 1941 540 2002 horas
550 1961 610 2018 sex,
626 1941 828 2006 etirruentes
848 1951 999 2022 rumpunt
1012 1940 1212 2003 tabernacula
1236 1943 1385 2024 ipsorum.

292 2045 366 2087 euna
378 2034 483 2087 autem
492 2023 646 2087 venissent
658 2045 757 2108 usque
770 2023 809 2085 ad
823 2024 1073 2106 imperatorium,
1083 2025 1203 2086 iniuriis
1217 2035 1249 2087 et
1260 2023 1387 2086 maledi.

293 2113 350 2171 ctis
370 2109 455 2171 bunc
475 2108 580 2171 multis
599 2109 797 2184 submittunt,
820 2109 949 2170 ulterius
969 2129 1001 2170 se
1022 2127 1085 2170 non
1105 2109 1235 2171 sufferre
1256 2108 1386 2170 immen-

293 2215 357 2256 sam
378 2192 543 2254 avaritiam
564 2201 596 2254 et
616 2213 751 2276 nequam
773 2192 939 2254 moliminis
962 2193 1026 2254 eius
1048 2194 1183 2254 animum
1203 2191 1387 2254 deierantes.

194 2291 222 2347 p·
232 2273 284 2332 754
294 2284 327 2337 at
346 2276 397 2340 ille
419 2275 585 2358 repentino
605 2274 766 2337 simultatis
778 2295 897 2364 psv‘ore
909 2275 1097 2358 perterritus
1111 2277 1245 2339 surrexit
1261 2299 1278 2337 a
1296 2297 1387 2338 uxen-

290 2382 333 2422 sa.
375 2369 409 2422 et
428 2361 531 2442 primo
560 2359 688 2442 quidem
706 2381 766 2504 per
788 2357 998 2442 Nicephorum
1028 2382 1065 2422 ao
1088 2361 1217 2421 Petrum
1237 2361 1387 2444 patricios

290 2443 473 2508 iuramentis
502 2454 535 2507 et
562 2442 708 2527 persnadi
721 2443 790 2507 ibus
815 2443 919 2506 verbis
938 2445 1047 2506 sedare
1068 2445 1244 2506 conabatur
1265 2444 1383 2507 exerci-

289 2538 368 2595 tum.
412 2540 446 2591 at
465 2528 510 2591 illi
528 2526 653 2591 modica
667 2528 773 2613 quiete
793 2528 886 2612 potiti
911 2528 1067 2610 quendam
1090 2528 1202 2590 collem
1222 2536 1385 2612 ceperunt,

290 2624 323 2675 et
346 2621 431 2675 actm
466 2632 561 2698 quem
580 2633 641 2695 per
668 2634 701 2675 se
731 2612 873 2674 manibus
895 2610 1054 2673 habebant
1074 2611 1164 2674 obliti
1184 2622 1275 2694 sunt,
1295 2612 1387 2695 kyrie

225 2719 229 2730 ¹
290 2696 405 2760 eleison
429 2696 640 2775 exclamantes,
658 2694 735 2757 acsi
756 2716 853 2778 super
878 2691 1014 2778 quodam
1034 2705 1141 2758 terrae
1161 2704 1251 2759 motu
1272 2695 1386 2757 imbri·

289 2798 385 2841 unxve
405 2778 539 2842 delectu.
594 2779 646 2842 ille
668 2788 773 2841 autem
801 2786 912 2861 utpote
946 2798 1067 2861 semper
1088 2778 1128 2841 ad
1151 2800 1244 2843 omne
1270 2776 1386 2841 malum

289 2872 428 2945 paratus,
449 2861 646 2925 clandestinis
677 2862 861 2925 muneribus
887 2871 985 2924 noctu
1006 2860 1110 2925 multis
1131 2863 1384 2947 exprincipibus
1435 2913 1440 2921 .

289 2946 438 3029 pellectis,
459 2946 679 3009 incrastinum
698 2947 764 3027 ipse
784 2946 1007 3030 perseipsum
1026 2946 1143 3009 medius
1165 2947 1289 3009 veniens
1307 2948 1385 3009 allo.

291 3038 381 3092 cutus
401 3040 448 3093 cst
467 3028 574 3091 turbas
595 3029 634 3093 de
644 3032 729 3093 omni
746 3029 985 3113 tranquillitate,
1010 3052 1047 3092 ac
1059 3050 1156 3113 super
1171 3031 1292 3115 aequali
1310 3051 1384 3114 erga

291 3122 382 3176 natos
402 3134 515 3175 eorum
540 3114 654 3177 allecta
685 3115 867 3177 iuramentis
896 3114 1100 3177 horribilibus
1122 3134 1175 3177 eos
1197 3114 1383 3192 certificans,

292 3205 325 3259 et
346 3197 498 3260 continuo
527 3199 644 3282 regiam
665 3198 811 3280 pervenit
840 3195 879 3259 sd
904 3200 1025 3276 urbem,
1047 3196 1224 3262 Theodosio
1247 3197 1382 3281 patricio

291 3294 328 3342 ao
350 3280 582 3363 primoscrinio,
611 3293 820 3381 cognomento
842 3280 1015 3359 Salibaran,
1046 3281 1170 3345 deserto
1204 3280 1244 3344 ad
1272 3282 1385 3365 perdi-

288 3364 437 3428 scendum
458 3386 498 3428 ex
519 3366 678 3431 alterutras
697 3365 820 3449 eosqui
840 3364 1023 3431 seditionem
1036 3374 1249 3449 patraverant.
1292 3388 1385 3429 cum-

290 3470 353 3533 que
370 3449 585 3513 multitudines
611 3457 866 3527 resertereutur,
901 3468 993 3533 rogas
1027 3451 1068 3513 eis
1089 3448 1172 3533 apud
1193 3450 1226 3513 S.
1249 3452 1386 3513 Massam

288 3553 322 3593 se
340 3532 484 3595 tribuere
502 3534 634 3617 lingens,
657 3532 801 3594 caedibus
822 3542 854 3595 et
876 3532 1011 3597 tonsuris
1040 3554 1076 3597 ae
1095 3532 1189 3596 exiliis
1221 3534 1325 3597 multis
1345 3555 1384 3599 ex

288 3614 332 3679 eis
354 3617 481 3699 punitis,
493 3616 715 3702 Chrysopolim
736 3616 876 3701 reliquos
891 3617 1075 3695 transduxit,
1098 3617 1219 3681 calcans
1241 3628 1328 3681 tanta
1349 3624 1384 3681 et

289 3708 354 3762 tana
372 3699 538 3763 horribilia
550 3702 735 3763 iuramenta.
757 3699 800 3762 illi
818 3721 892 3763 vero
904 3709 1042 3787 propter
1064 3722 1244 3766 aerumnam
1257 3704 1385 3787 igneum

288 3782 419 3846 fluvium
440 3796 579 3847 meatum
602 3784 848 3867 appellaverunt.

322 3934 348 4007 'J
367 3933 466 4004 privati
485 3939 663 4003 opponuntur
684 3932 827 3985 militibus.
839 3930 973 3987 'Glossass
1001 3932 1113 4003 resurae
1136 3930 1271 3994 barrads.
1289 3932 1382 4004 priva-

359 4012 403 4057 tus
421 4019 552 4075 paganus,
571 4002 704 4073 plebeius.
740 4006 819 4057 Faus.

324 4076 362 4148 ”)
381 4076 487 4159 expers]
516 4076 628 4147 peritus.
647 4074 793 4127 Dositheou
816 4076 943 4145 magister
971 4074 1000 4126 in
1018 4074 1179 4129 Glossario:
1198 4090 1294 4146 expers
1315 4090 1384 4143 gua-

360 4162 421 4210 rus,
445 4162 543 4200 amens.
571 4144 739 4199 Glossarium
766 4146 1040 4199 Latino-Graecum:
1067 4164 1161 4219 expers
1189 4144 1309 4221 ἄπηρος
1332 4148 1385 4201 sul

359 4217 499 4291 ἔμπειρος.
533 4216 613 4271 Fara.
