3050 4900
274 300 349 377 teo
633 312 675 375 m
703 308 984 375 rnsornsnsu

355 476 428 563 149,
451 482 499 549 16.
541 478 717 559 troesenen
737 478 774 543 oi
785 478 843 541 ’ναί
863 470 1031 559 insanos]
1051 475 1222 541 Simoostta
1232 497 1302 561 cap.
1315 481 1364 546 13.

277 568 417 631 chronic.
438 564 585 629 Alexand.

359 689 431 766 tto,
455 686 488 750 4.
531 682 655 761 Βίλιον]
676 686 848 747 simocatta
867 704 936 767 cap.
955 688 1003 751 15.
1026 682 1145 746 Attiou.

362 814 442 877 Ibid.
465 810 496 874 9.
538 809 762 892 καλλίγραφος]
790 810 873 872 idem
895 830 963 891 eap-
988 812 1037 876 13.
1078 802 1157 887 α’νήρ
1176 827 1223 881 τις
1253 807 1315 869 τῶν
1333 806 1368 880 ἐς

283 893 396 971 κάλλος
408 888 607 980 χροφὸνταν.
633 895 752 957 litteras
775 893 848 957 bene
864 893 1011 977 pingendi
1026 895 1142 977 perium
1161 894 1287 969 anssec.

366 1004 446 1069 thid.
471 1005 520 1070 10.
572 1000 607 1065 ἐκ
635 998 837 1080 παννυχίδος]
869 1023 887 1063 e
919 1008 1077 1061 nocturno
1112 999 1256 1060 convivio
1292 1006 1367 1074 (non

282 1092 437 1151 matutina
468 1084 600 1167 uigilia,
626 1093 725 1167 prout
760 1083 845 1145 rudis
875 1084 1070 1162 Anastasius)
1103 1082 1144 1143 oh
1174 1090 1280 1143 natum
1308 1081 1368 1141 sihi

283 1174 529 1317 ¹ipltipcrpmrpurem
557 1189 616 1253 per
644 1166 706 1230 dies
736 1179 855 1251 septem
880 1167 1088 1250 sumptuosius
1117 1166 1272 1249 agitando.
1314 1165 1369 1224 Si-

368 1380 452 1477 Ibid.
476 1382 525 1445 11.
572 1371 646 1447 τούς
671 1371 875 1475 decoquimus]
906 1374 1157 1474 Mauriciiuputo
1188 1380 1220 1434 et
1237 1373 1371 1471 .m³⁰¹,⁰'

287 1486 390 1609 pppinup·
410 1460 492 1525 idola
523 1480 652 1545 qnoque
684 1480 839 1540 eonraoso,
875 1481 955 1544 qnae
992 1458 1151 1536 δαιμονων
1185 1456 1295 1518 scribit
1321 1478 1371 1517 sn·

370 1662 441 1750 459,
462 1666 491 1730 3.
529 1664 730 1749 Ἄρζαμοῦν]
760 1662 939 1747 Ἀρξαμοῠν
970 1664 1076 1748 legunt
1095 1664 1189 1727 Bsrh.
1218 1674 1250 1726 et
1279 1662 1373 1748 Peyr.

247 1768 248 1773 ’
290 1754 381 1817 codd.
407 1757 555 1813 Aruanem
576 1753 734 1833 regionem
758 1760 791 1812 et
813 1749 964 1832 oppidum
985 1748 1079 1810 hebet
1097 1749 1269 1831 Procopius
1291 1748 1373 1809 duo.

290 1860 361 1901 rum
381 1836 441 1897 iter
462 1834 580 1897 dierum
605 1855 623 1895 a
645 1835 843 1895 Constantios
870 1833 993 1894 distans.
1033 1832 1148 1895 Persic.
1170 1832 1222 1893 lib.
1245 1832 1275 1893 9.

373 1959 459 2024 Ιὺίιί.
472 1956 501 2019 9.
540 1964 718 2037 χειροτονεῖ
734 1952 1140 2038 στρατηγόνΔομεντιολον]
1163 1955 1202 2019 de
1222 1954 1378 2017 cuinsad-

292 2064 396 2105 versus
416 2042 521 2103 Persas
543 2043 663 2118 itinere,
685 2040 844 2118 conflicta,
866 2050 898 2103 et
919 2040 1072 2123 periculo,
1094 2040 1377 2104 TheodoriSioeo-

294 2134 345 2189 tae
366 2125 430 2186 vita
452 2122 535 2207 apud
557 2124 685 2185 Surium
706 2124 745 2185 99
767 2124 866 2206 April.

376 2229 447 2309 453,
467 2232 514 2299 14.
556 2231 612 2293 καί
629 2232 663 2295 ἐν
681 2234 879 2317 novamque
899 2230 1101 2317 ίγνλιίονναι]
1122 2232 1293 2293 chronicon
1305 2230 1379 2290 Aie-

293 2316 383 2379 xand.
405 2312 493 2377 anno¹
507 2314 631 2379 Phocoe
677 2316 767 2377 rimo.
817 2314 1045 2379 Κωνσταντίνα
1065 2313 1086 2396 ἢ
1108 2310 1170 2375 dni
1188 2314 1381 2395 βασιλιονοῖν

293 2395 411 2482 ἐβλήθη
433 2396 465 2462 ἐν
484 2336 696 2484 μοναστηρίίρ.
747 2396 940 2462 Comtontiua
971 2400 1197 2486 eninrperatriae
1218 2400 1251 2459 ιἰι
1266 2416 1382 2458 mona·

291 2485 411 2546 sterium
431 2485 567 2546 coniecta
587 2497 640 2544 est.
685 2481 792 2544 odium
818 2483 1022 2546 Prasinorum
1036 2485 1067 2545 in
1090 2506 1157 2546 eam
1180 2504 1217 2545 ex
1236 2477 1383 2544 Μαιιοίοἰί

297 2567 332 2631 in
350 2567 487 2633 Venetos
509 2565 621 2627 affectu
641 2567 772 2649 prodiit.
793 2566 973 2628 Simocatta.

378 2690 462 2755 ibid.
487 2695 534 2758 15.
566 2685 635 2750 ’τὸν
655 2688 691 2750 os
715 2689 747 2751 Γ
744 2683 882 2768 ιρμανόν
901 2688 1082 2768 ἄπονείρας]
1104 2689 1275 2751 chronicon
1299 2688 1385 2750 idem

296 2774 329 2837 in
353 2795 467 2834 annum
488 2771 620 2835 eundem
642 2773 790 2854 primum.
830 2767 887 2833 aeni
904 2768 1050 2853 γεγόνασι
1069 2773 1210 2854 νληρικοί
1228 2772 1384 2833 wetinus·

299 2847 390 2928 ιιόςὸ
426 2856 605 2934 πατρίκιος,
639 2851 694 2916 καί
713 2853 809 2936 κόμης
833 2849 1084 2936 ἒξνοοβητόρων,
1105 2855 1162 2920 ναί
1179 2853 1340 2934 Γερμανὸς
1363 2848 1385 2913 ὅ

297 2934 460 3017 πατρίκιος
483 2933 635 3018 πενθερὸς
654 2931 820 3016 γενόμενος
834 2937 1007 3000 Θεοδοσίου
1025 2941 1084 2999 τοῦ
1100 2935 1174 3001 visai
1185 2940 1385 3017 Μαορικίοο.

297 3024 402 3085 elerici
416 3023 585 3102 factitant
605 3021 798 3106 Philippthus
825 3024 977 3102 patricium,
999 3035 1031 3084 et
1048 3045 1146 3084 oomes
1165 3023 1384 3090 excubitorum,

298 3119 328 3169 et
350 3105 516 3168 Gemmeus
531 3108 676 3189 patricius
692 3125 776 3166 socer
802 3105 962 3166 Theodosii
967 3106 1041 3192 filii
1060 3107 1218 3170 Mourim'i.

381 3222 452 3308 454,
477 3235 504 3296 1.
556 3229 612 3292 τοῦ
640 3227 674 3290 δὲ
702 3225 903 3310 πατριάρχου
932 3229 1101 3310 Κοριοκοῦ
1130 3223 1383 3312 τελευτήσαντος]

301 3309 411 3386 eodem,
421 3335 503 3374 enno
512 3321 544 3374 et
552 3335 653 3374 mense
663 3313 826 3398 Cyriacum
834 3313 899 3374 vita
915 3313 1056 3374 functum
1070 3315 1276 3397 adstipulatur
1288 3313 1388 3375 chro-

302 3395 395 3455 nicon
427 3395 687 3458 Alexandrinum:
716 3393 797 3457 diem
825 3403 927 3458 tamen
957 3399 1061 3459 obitus
1082 3398 1181 3481 signat
1204 3397 1243 3460 99
1265 3399 1296 3458 in
1315 3399 1388 3458 sah-

300 3477 408 3542 batnm
431 3480 633 3556 incidentem,
663 3481 907 3566 successorisque
930 3479 1070 3543 Thomae
1087 3480 1316 3544 ordinationem
1336 3483 1390 3542 ia·-

303 3562 404 3623 nnnrii
435 3561 474 3623 93
503 3571 673 3644 peractam.
724 3572 863 3624 ceterum
891 3563 1025 3625 Thomas
1049 3566 1122 3646 iste,
1151 3565 1334 3644 sacellarius,
1355 3563 1389 3625 id

304 3653 359 3722 est,
378 3647 578 3723 saccudorum,
590 3655 618 3707 'ct
629 3649 744 3707 aerarii
761 3649 960 3732 patrtiamhici
976 3663 1081 3726 custos,
1101 3664 1130 3710 et
1149 3669 1304 3712 carcerum
1324 3650 1391 3710 eius

302 3741 432 3808 emmor,
457 3738 553 3811 prout
576 3729 613 3788 nd
635 3729 806 3808 Codinum,
825 3740 857 3792 et
879 3731 1079 3814 euchologica
1099 3731 1284 3814 scripsimus,
1307 3732 1392 3794 idem

305 3822 479 3874 memorato
506 3812 655 3872 chronico
676 3813 822 3872 laudatur
849 3811 955 3875 ἐπάνω
977 3815 1040 3878 sois
1058 3817 1273 3894 χειροτονιῶν,
1297 3836 1392 3898 quem

305 3915 376 3957 cum
395 3897 568 3977 interprete
582 3896 704 3956 Radere
719 3898 799 3982 ultro
812 3901 976 3980 expetitum
991 3921 1141 3982 nusquam
1156 3900 1313 3982 intelliges,
1337 3899 1391 3960 sed

306 3977 542 4042 ordinandorum
561 3981 712 4056 examini,
733 3983 782 4042 uei
806 3987 892 4042 certe
906 3981 1064 4045 ordinibus
1081 3985 1156 4066 ipsis
1177 4004 1196 4042 a
1212 3981 1392 4066 patriarcha

307 4063 495 4141 conterendis
523 4061 724 4148 praecipuum
753 4064 938 4141 ministrum,
966 4065 1053 4130 cuins
1079 4087 1189 4131 munus
1217 4067 1331 4131 nostris
1351 4065 1391 4128 ad

308 4141 462 4209 Codinum
485 4147 565 4212 notis
588 4149 728 4210 occurrit
748 4148 942 4231 explicatum.
