3050 4900
287 317 337 388 98
453 320 662 388 ANASTASB
683 317 877 386 HISTORIA
906 315 1213 386 EOELFSIASTICA

154 568 161 578 ,
289 499 370 561 rinna
392 505 611 584 properarent.
655 519 718 582 quc
739 496 823 559 bunc
841 503 963 560 eertum
985 491 1188 558 iureiurando
1211 491 1374 577 reddente,

158 595 244 670 p-ddi
262 584 447 668 lassumptis
476 583 619 644 omnibus
657 581 878 664 Carthaginem
915 582 1008 642 veuit.
1072 579 1234 641 Belisarius
1269 587 1373 640 autern

287 667 371 728 bunc
395 675 556 750 gratanter
584 666 714 748 recepit.
755 675 789 726 at
818 685 895 727 vero
927 664 1065 726 Gelimer
1093 659 1224 723 ridendo
1252 660 1293 723 ad
1313 663 1375 724 Be-

286 749 423 812 lisarium
454 747 606 810 introivit.
658 769 749 831 quem
781 747 831 809 ulii
862 745 988 832 quidem
1017 745 1233 829 superfluitate
1255 745 1374 828 passio.

286 835 333 896 nis
357 833 513 896 excessisse
541 853 621 930 quae
653 842 725 894 suot
745 840 896 908 naturae,
919 830 1116 914 delirumque
1137 829 1375 911 suspicabantur

285 919 447 980 ellectum:
472 915 561 978 amici
582 933 658 976 vero
687 913 778 975 buius
807 924 839 977 et
857 934 996 998 sagacem
1026 913 1183 975 homiuem
1207 913 1292 974 huuc
1312 933 1376 976 esse

285 1001 482 1084 cogitabant,
505 1007 538 1062 et
564 1017 635 1060 oum
656 999 750 1058 fuerit
770 1019 824 1058 rex
846 1007 878 1059 et
906 997 983 1082 regii
1011 995 1150 1081 generis,
1172 1004 1204 1058 et
1224 997 1375 1059 virtutem

285 1083 417 1146 validam
440 1081 649 1168 pecuniasque
663 1102 785 1164 magnas
800 1081 956 1160 babuerit,
978 1081 1125 1164 quoniam
1139 1079 1170 1140 in
1184 1081 1291 1162 fugam
1305 1101 1375 1140 rer.

283 1189 332 1228 sus
355 1177 399 1229 cat
420 1177 453 1229 et
466 1165 546 1228 mala
568 1165 600 1225 in
613 1166 718 1247 Papua
742 1165 874 1246 pertulit
892 1173 925 1226 et
942 1184 1025 1226 nune
1047 1173 1082 1224 ut
1102 1164 1241 1245 captivus
1262 1163 1374 1241 duetus

284 1260 339 1329 cst,
363 1249 437 1313 nihil
461 1259 587 1334 praeter
610 1249 708 1310 multo
731 1249 797 1311 risu
818 1246 920 1330 dignu,
943 1247 1197 1332 quaeboruinum
1218 1253 1299 1323 sunt,
1319 1267 1376 1307 ar-

283 1333 434 1397 bitratum
455 1355 525 1396 eum
546 1351 608 1394 esse
631 1331 849 1414 perhibebunt.
890 1332 1054 1394 Belisarius
1075 1341 1180 1393 autem
1200 1329 1284 1392 bunc
1302 1350 1375 1391 com

282 1417 479 1500 principibus
514 1415 654 1478 omatibus
682 1413 896 1476 Vandalorum
925 1437 989 1477 uon
1019 1415 1052 1476 in
1080 1413 1328 1476 dehonoratione
1346 1415 1376 1486 *t

283 1499 495 1575 custodiebat,
516 1509 552 1561 nt
573 1498 612 1560 ad
636 1497 859 1580 imperatorem
888 1495 1089 1560 lastinianum
1109 1497 1293 1582 Byzantium
1312 1497 1375 1557 du-

282 1593 381 1651 ceret.
436 1581 556 1667 Cyrillc
590 1601 667 1643 vero
692 1581 796 1643 statim
818 1581 981 1644 Belisarius
1008 1603 1079 1643 cum
1109 1581 1213 1664 capite
1232 1581 1375 1642 Zatzonis

283 1667 390 1729 fratris
410 1663 572 1730 Gelimeris
594 1663 625 1724 in
640 1665 774 1726 Sardum
793 1666 922 1728 insulam
944 1665 1045 1743 misso,
1069 1685 1149 1749 quae
1166 1667 1294 1748 Kyrnos
1313 1683 1375 1723 ao.

284 1751 426 1824 sabatur,
448 1750 584 1832 primum
599 1747 680 1810 bunc
694 1749 839 1809 Romanis
859 1749 989 1832 subegit.
1011 1749 1043 1810 in
1056 1749 1238 1812 Camareum
1256 1755 1373 1822 autem,

284 1831 465 1916 quaesatio
476 1831 674 1909 Mauritania,
698 1833 843 1893 loannem
859 1832 954 1894 alium
970 1831 1143 1909 destinavit,
1162 1827 1293 1915 quae30
1306 1829 1375 1892 die.

284 1937 356 1977 rum
381 1915 492 1978 itinere
513 1913 729 1998 aCartbaqine
743 1913 857 1978 distans
871 1936 963 1998 penes
975 1915 1092 1978 Gadira
1106 1924 1139 1978 et
1148 1915 1219 1978 solis
1232 1933 1375 1976 occasum
1454 1949 1460 1958 ·

285 1999 374 2062 iacet.
396 1999 552 2097 aliumque
569 1998 716 2060 loannem
734 2019 770 2060 cr
789 1999 989 2081 praetoribus
1008 2021 1103 2062 uuum
1117 2001 1149 2060 in
1162 2001 1277 2061 fretum
1289 1995 1376 2081 quod

180 2121 189 2146 ι
285 2092 330 2144 cst
351 2082 382 2144 in
408 2081 543 2182 (fodinas,
563 2088 595 2142 et
619 2082 649 2142 in
671 2083 828 2179 castellum
852 2081 939 2166 quod
960 2083 1090 2166 Septum
1109 2089 1232 2181 vocant,
1252 2079 1376 2178 direxit.

188 2164 1092 2330 ...attt‘t.htt‘th'.‘¹‚¹¹tttttthtttttttt:
1110 2169 1374 2312 tittttttt.

284 2332 368 2394 misit
399 2341 503 2392 autem
535 2339 566 2392 et
597 2328 627 2392 in
659 2331 796 2394 Siciliam
814 2332 964 2415 quosdam
986 2334 1156 2412 dirorum,
1187 2343 1220 2394 et
1239 2341 1375 2394 castrum

284 2414 500 2479 vandalorum
522 2415 788 2498 comprehendere
800 2413 896 2479 iussit.
942 2416 1040 2479 Gothi
1062 2437 1138 2480 aero
1162 2417 1215 2502 qui
1236 2414 1298 2477 hoe
1318 2436 1376 2477 cu.

283 2498 469 2577 studicbaot,
491 2500 583 2561 matri
607 2498 776 2561 Athalarici
796 2498 875 2562 baec
900 2510 976 2563 nota
997 2500 1150 2563 feceruut.
1194 2521 1275 2583 quae
1294 2501 1377 2560 scri.

284 2582 331 2645 bit
354 2580 392 2643 ad
415 2582 597 2644 Belisariom
620 2604 659 2643 ne
682 2582 764 2645 idem
785 2592 920 2645 castrum
940 2582 1107 2668 tyrannide
1131 2590 1270 2666 caperet,
1291 2602 1375 2680 quo-

284 2686 382 2749 usque
404 2666 578 2747 imparator
602 2665 785 2727 lastinianus
804 2666 915 2747 sciret,
939 2678 972 2728 et
994 2666 1081 2749 quod
1100 2666 1157 2727 sibi
1179 2676 1257 2728 esset
1277 2686 1378 2726 arsum

285 2746 432 2811 efficeret.
476 2750 507 2808 in
542 2746 590 2809 bis
612 2768 686 2831 ergo
701 2748 906 2810 vandalicum
923 2748 1147 2811 bellumfinem
1168 2750 1299 2832 aceepit.
1319 2769 1377 2810 re·

286 2852 358 2893 rum
377 2830 511 2907 invidia,
535 2838 647 2910 utpote
671 2832 699 2891 in
724 2852 833 2914 magna
863 2830 1009 2895 felicitate
1038 2834 1108 2895 lieri
1135 2834 1223 2911 solet,
1245 2831 1378 2914 contigit

180 2994 185 3001 ,
287 2915 379 2976 etiam
400 2916 430 2973 in
442 2910 637 2975 Bolisarium:
660 2914 786 2997 quidam
804 2914 886 2976 enim
907 2914 1138 2999 derogaverunt
1150 2917 1178 2980 ei
1197 2938 1291 3001 penes
1314 2916 1378 2977 im·

286 3004 484 3080 peratorem,
509 2996 594 3080 quod
628 2996 825 3081 tyrannidem
850 2999 1066 3063 meditaretur.
1125 3011 1171 3063 ast
1202 3002 1377 3085 imperator

287 3079 378 3142 misso
402 3079 569 3141 Salomone
591 3086 693 3142 tentat
704 3080 843 3144 Belisarii
860 3081 1065 3163 voluntatem,
1088 3092 1197 3146 utrum
1217 3106 1289 3146 eum
1310 3086 1377 3145 Ge-

287 3162 395 3225 limere
424 3171 457 3225 et
485 3160 631 3225 Vandalis
660 3166 780 3228 veniret
801 3166 1001 3249 Byzantium,
1024 3190 1063 3228 an
1083 3189 1208 3229 manens
1229 3169 1303 3229 illuc
1322 3188 1376 3229 eos

287 3246 524 3309 transmitteret.
580 3246 745 3309 Belisarius
780 3258 883 3311 autam
911 3250 1092 3335 Byzantium
1128 3252 1289 3335 protectus
1319 3260 1376 3328 eat,

287 3328 454 3395 Salomone
476 3342 625 3413 praetore
638 3330 754 3417 Libyae
765 3331 924 3395 derelicto.
945 3336 1251 3419 cumqueBelisarins
1259 3336 1380 3419 Byzan·

286 3414 366 3473 tium
388 3434 448 3476 una
466 3434 536 3476 curn
545 3414 700 3477 Gelimero
720 3425 751 3477 et
762 3415 911 3479 Vandalis
932 3420 1129 3499 pervenisset,
1149 3440 1260 3503 magna
1282 3439 1378 3501 prae·

287 3496 348 3559 ruia
371 3498 536 3580 percipere
561 3498 693 3579 meruit,
716 3496 858 3583 qualibus
882 3500 1030 3563 nimirum
1052 3504 1245 3585 temporibus
1266 3502 1378 3585 priscis

287 3581 503 3642 homanorum
529 3590 689 3663 praetores
720 3581 750 3643 in
773 3583 911 3645 maximis
929 3586 1068 3647 victoriis
1091 3586 1175 3669 digni
1197 3586 1376 3649 efficieban-

288 3672 351 3733 tur.
393 3666 542 3727 sexcentis
563 3664 646 3725 enim
667 3664 753 3727 anuis
774 3667 937 3729 transactis
956 3689 1047 3729 nemo
1069 3666 1108 3729 ad
1121 3669 1213 3731 talem
1233 3670 1378 3751 pervenit

194 3756 279 3825 pauo
287 3744 440 3810 honorem
463 3746 519 3808 nisi
539 3746 627 3810 Titos
649 3748 801 3811 Traianus
823 3760 856 3813 et
883 3750 935 3811 alii
957 3752 1179 3835 imperatores,
1202 3752 1256 3837 qui
1276 3752 1378 3833 magi·

324 3969 348 4038 ²)
366 3969 589 4044 dehonoratione!
613 3971 780 4026 Flodcardua
797 3972 860 4027 hist.
878 3975 896 4028 2
916 3976 964 4030 2⁰:
1001 3975 1116 4049 uidquid
1135 3977 1164 4033 iu
1184 3976 1269 4049 ipsius
1286 3978 1376 4047 irnpe-

359 4042 455 4092 ratoris
479 4040 692 4097 dehonoratione
717 4052 821 4113 gestum
840 4046 935 4099 fuant.
976 3994 1062 4101 detes
1087 4050 1220 4119 interpret
1243 4048 1377 4119 epistolae

359 4108 393 4161 ad
411 4112 613 4183 Philippenses,
633 4130 703 4183 quas
728 4114 756 4170 S.
775 4116 881 4185 ignatio
905 4116 1079 4172 adscribitur:
1104 4118 1162 4171 dies
1187 4119 1271 4174 iratos
1288 4119 1375 4175 nolite

360 4179 535 4236 dehonorare.
572 4185 650 4237 Fara.
