3050 4900
495 367 508 376 ‘
614 389 764 459 nosen.
1162 393 1233 466 339

143 573 246 626 tamen
268 567 351 627 dnno
371 572 456 626 sexto
476 567 516 628 ab
539 579 690 652 occupata
713 569 784 634 sede
808 568 846 632 ab
869 533 1079 636 Ale'ran'drinis
1104 574 1234 640 interle-

144 659 211 710 ctus
231 648 423 710 describitur
440 651 678 715 afl'heodoreto
703 655 756 715 lib.
778 655 796 716 7
819 674 887 736 cap.
907 653 936 715 4.

224 752 352 833 56,16.
402 757 553 838 τὲραςπι
587 748 826 844 Καππαδόκιὸν]
862 761 1077 844 appellationis
1113 788 1235 832 cansam

143 851 284 901 recenset
295 840 513 904 'theodoretus
536 844 618 905 lib.2
640 865 707 926 cap.
718 845 756 904 14
778 856 809 906 et
819 846 1006 910 Sozomenus
1020 847 1071 910 lib.
1085 847 1106 910 4
1126 872 1193 934 cap.
1205 851 1235 914 9.

142 924 303 1006 paroemia
327 933 373 985 est
395 925 480 1007 spnd
499 925 637 1005 Suidam,
657 947 689 988 r.
711 925 903 1004 Καππάδοξ.

227 1030 310 1096 lbid.
334 1031 382 1092 17.
418 1031 626 1113 ,Δυρρδχειοπ
655 1033 712 1116 τῆς
739 1033 939 1116 Δαλματίας]
963 1037 1006 1098 ila
1028 1039 1236 1126 Hieronymus

143 1110 184 1172 ad
206 1135 321 1176 annum
344 1114 517 1178 Constantii
532 1117 584 1195 10,
605 1117 691 1179 cuins
708 1117 765 1178 alia
786 1121 973 1203 exemplaria
994 1123 1161 1187 observant
1182 1150 1237 1190 ea.

143 1196 215 1258 dem
237 1197 278 1258 ad
301 1219 418 1260 annum
438 1197 470 1261 9.
490 1201 646 1263 Pontacns
666 1200 698 1262 in
718 1201 810 1263 notis.

228 1304 307 1367 Ibid.
332 1305 380 1369 19.
421 1307 559 1372 Παῦλον
590 1306 626 1370 δὲ
646 1301 698 1370 τὸν
718 1305 904 1392 ἐπίσκοπον]
934 1309 1022 1373 Pauli
1044 1333 1062 1375 e
1082 1310 1142 1376 GP.
1166 1315 1237 1378 sede

141 1387 285 1471 depulsio
309 1399 382 1452 ante
404 1391 572 1453 concilium
588 1391 815 1455 Antiochenum
836 1394 1047 1458 aConst'ant'io
1071 1395 1164 1480 facta,
1187 1401 1236 1461 in·

143 1473 237 1556 regiis
257 1495 308 1536 sex
328 1474 414 1535 annis
437 1474 507 1537 loco
529 1475 587 1537 sibi
611 1476 718 1538 debito
740 1476 900 1556 posterior
924 1489 979 1560 est.

225 1579 279 1658 57,
300 1577 331 1648 5.
372 1583 526 1664 Aidepsos
547 1575 601 1666 ἔτη
622 1579 673 1665 ις’]
703 1584 858 1645 consentit
875 1581 940 1648 Pal.
961 1584 1130 1650 fallaciter:
1151 1591 1239 1651 reln-

142 1671 272 1726 ctnntur
292 1663 387 1726 codd.
410 1665 522 1750 reliqui
543 1675 575 1728 et
597 1661 623 1738 ς’
645 1667 797 1733 scribunt.

227 1759 310 1836 thid.
332 1771 362 1834 7.
407 1768 628 1846 Κωνστδντιος
647 1769 703 1836 τὸν
731 1771 765 1835 ἐν
787 1773 966 1860 Σελευκείᾳ]
996 1776 1104 1838 eadem
1125 1762 1240 1841 narrass

143 1854 230 1918 tione
248 1877 345 1917 ennns
367 1857 539 1918 Constantii
563 1858 698 1919 decimus
726 1857 926 1940 consignatur
947 1861 977 1920 in
1000 1860 1236 1946 Hieronymiani

143 1937 286 2000 chronici
307 1939 462 2001 nonnullis
487 1940 655 2014 codicibus.
670 1939 850 2002 1Pontacus.
893 1939 932 2002 de
955 1942 1051 2004 Nisibi
1074 1967 1091 2004 a
1113 1945 1234 2008 Sabore

143 2023 263 2084 obsessa
285 2021 368 2084 idem
391 2021 622 2108 Hieronymum
646 2045 684 2086 ac
702 2026 826 2107 pariter
841 2023 879 2084 de
896 2026 967 2088 solis
991 2026 1174 2104 defectione,
1192 2031 1232 2092 de

144 2127 207 2190 qna
227 2105 371 2168 Petarins
404 2105 466 2168 boc
489 2108 600 2170 eodem
623 2129 714 2169 anno.
757 2108 861 2170 Daesii
882 2109 986 2192 'porro
1006 2113 1116 2175 mensis
1138 2112 1189 2175 dic
1211 2111 1232 2174 6

144 2191 308 2272 contigisse
328 2189 449 2274 reliqua
470 2192 655 2273 exemplaria
676 2200 841 2255 testantur.

230 2297 308 2361 lttd.
330 2293 381 2360 16.
420 2297 476 2360 καί
498 2293 691 2374 Ἀθανᾶσιος
718 2296 754 2359 δὲ
782 2293 839 2360 καί
866 2295 1012 2382 Παῦλος]
1044 2299 1123 2364 baec
1145 2325 1239 2386 quam

145 2378 314 2457 incondite,
336 2390 367 2443 et
393 2385 462 2458 μετ’
485 2376 677 2463 α’χρονησδας
709 2383 748 2442 ab
779 2391 910 2443 anctore
932 2383 1119 2467 referantur,
1141 2383 1239 2446 conii:

144 2466 230 2543 ciet,
260 2466 314 2549 qui
343 2465 450 2528 eadem
474 2466 531 2527 snb
557 2465 637 2525 lulio
658 2468 802 2527 Romano
826 2474 916 2547 pont.
936 2476 1036 2549 gesta,
1059 2469 1097 2529 ed
1119 2471 1236 2531 Liberii
1324 2536 1325 2541 η

143 2548 400 2694 iamdpratestnlem
428 2570 511 2611 anno
542 2548 647 2632 primo
669 2550 787 2633 agentis
815 2557 936 2631 tempus
958 2552 1144 2633 transposita
1167 2554 1237 2615 ani.

146 2653 198 2696 tna
221 2654 309 2695 vere
1108 2688 1112 2697 .
1155 2688 1158 2697 .

227 2740 309 2802 Ibid.
333 2738 384 2803 20.
423 2738 543 2818 κόσμον
567 2730 624 2819 ἔτη
644 2731 748 2827 ,εωλεἹ
781 2721 952 2838 paendaces'
970 2738 1060 2823 Regii
1080 2741 1237 2824 exempta-

144 2822 189 2887 τῖε
208 2844 353 2886 numeros
374 2845 465 2906 saepe
483 2822 602 2884 monui.
626 2821 678 2883 bic
699 2823 785 2907 ‘emis
814 2822 950 2885 scribens
972 2831 1003 2885 et
1023 2822 1081 2885 soli
1103 2846 1237 2887 consen.

144 2907 225 2969 tiens
244 2907 310 2968 Pal.
331 2929 350 2969 a
369 2907 506 2992 reliquis.
519 2897 615 2994 'aoid'
639 2905 863 2989 reponentibus
880 2906 1062 2990 corrigitur.
1091 2908 1236 2991 interpo-

143 2990 212 3053 lant
231 2991 351 3075 pariter
368 2991 434 3053 siff
456 2990 526 3069 vice
548 2984 620 3050 sie'.

192 3132 195 3144 ·
228 3096 279 3175 58,
294 3098 324 3158 5.
339 3084 383 3157 ’δ
404 3090 493 3176 ἥλιος
509 3089 608 3174 oritas*
628 3091 882 3180 πδχμηρδτερος]
902 3095 941 3158 de
961 3096 1020 3161 bac
1043 3093 1149 3181 eclipsi
1171 3097 1236 3159 dis.
1349 3078 1354 3087 ¹

143 3181 222 3244 serit
241 3180 387 3243 Petavins
407 3180 446 3243 de
462 3182 547 3243 doct.
566 3190 660 3262 temp.
684 3180 742 3257 tib.
760 3178 796 3241 11
820 3202 887 3263 cap.
908 3178 961 3242 43.

223 3290 307 3354 ibid.
320 3288 350 3357 6.
392 3286 426 3351 ἐν
447 3282 518 3374 cipp
538 3286 682 3374 δευτέρᾳ]
706 3286 745 3348 ab
769 3297 842 3349 nrtn
865 3288 935 3349 solis
956 3286 1154 3371 eiusdemque
1175 3308 1233 3353 00-

143 3394 219 3447 casu
237 3374 339 3436 noctis
359 3372 484 3457 dieique
506 3373 599 3434 horas
620 3379 786 3433 numerant
808 3372 992 3435 Orientales.

228 3479 311 3543 Ibid.
335 3480 384 3546 17.
436 3474 589 3561 {adripere
617 3474 714 3542 πάλιν
732 3470 752 3539 d
771 3475 936 3561 βασιλεύς]
959 3478 1130 3543 obsidionis
1151 3479 1233 3542 Nisi.

141 3563 237 3626 binae
256 3564 421 3627 historiam
450 3585 468 3626 e
488 3562 638 3624 chronico
661 3562 866 3625 Alexandrino
895 3562 1102 3625 verbotenus
1125 3584 1232 3639 excer-

142 3649 208 3730 psit
225 3643 439 3730 Tbeophan‘es.
488 3648 585 3709 solam
619 3644 683 3707 eins
703 3666 840 3723 moram,
863 3666 944 3730 qnae
964 3645 1087 3709 dierum
1107 3654 1232 3707 contum

142 3730 256 3809 extitit,
277 3732 398 3792 omisit:
419 3752 486 3793 rem
508 3751 631 3791 omnem
652 3739 769 3811 gestam
789 3730 876 3811 prius
899 3731 1038 3791 narravit
1048 3727 1232 3791 Theodore-

143 3825 193 3877 tus
215 3814 269 3877 lib.
288 3816 309 3878 λ
329 3831 365 3877 cn
391 3859 399 3878 .
422 3806 474 3876 30'.
516 3833 595 3897 qnae
617 3821 728 3874 notatu
752 3807 864 3896 dignae
883 3813 1007 3877 variant
1027 3813 1174 3875 lectiones
1199 3812 1229 3870 in

142 3907 278 3960 anctore
295 3909 328 3961 et
349 3835 500 3961 ebronico
519 3895 725 3959 Alexandrino
753 3896 831 3957 istae
848 3906 930 3959 sant.
974 3888 1017 3967 ὥς
1038 3893 1069 3957 εἰ
1086 3888 1130 3973 μὴ
1151 3887 1233 3972 βούκ.

141 3984 247 4042 lasne
265 3982 300 4043 dx
322 3977 464 4063 ωρήσειν.
503 3976 538 4043 τὸ
560 3975 669 4041 λοιπὸν
701 3978 908 4053 &Bodotriam
950 3974 1108 4058 διεγνώκει
1130 3972 1146 4038 δ
1168 3973 1231 4039 Σά-
1283 4031 1292 4039 .

141 4084 244 4147 nepte
279 4003 382 4148 odias,
416 4084 496 4164 <puae
521 4063 614 4126 lectio
644 4064 772 4125 omnino
809 4062 981 4147 corrupta,
1011 4080 1131 4121 necnon
1155 4062 1230 4123 istae

142 4148 232 4211 eliae.
272 4151 368 4229 μέρος
384 4167 438 4209 too
460 4145 586 4227 τείχους
605 4145 756 4209 πέπονθε.
798 4152 864 4217 τοῖς
885 4140 1001 4208 ὕδασιν
1022 4140 1226 4240 {aristotton

140 4224 189 4304 cic
207 4225 263 4293 soi
283 4228 419 4306 πολλοὺς
438 4222 625 4293 ἀπολέσθαι.
667 4226 797 4291 disiecti
815 4250 928 4292 soron.
954 4225 1010 4291 assi
1030 4230 1125 4307 οχλοπ
1145 4248 1232 4306 συμ-
