3050 4900
267 299 343 390 294
622 323 666 384 m
693 311 972 386 unumunurn

262 522 348 583 mc,
367 499 428 564 sesi
441 495 598 564 ¹loisssrsr'on
616 497 703 581 βίος,
725 499 863 562 reddidit
882 499 1055 580 interpam
1079 498 1275 582 llieoplmm's,
1299 501 1353 582 φά

262 601 295 650 et
312 587 446 648 Isaacius
463 585 559 645 ds‘ctro
574 596 632 660 est,
662 585 747 658 msa,-
768 603 838 644 cum
856 593 981 644 vertere
1005 581 1168 658 debuisset,
1192 583 1351 666 'illisoplra-

262 671 311 732 m's
329 665 474 732 Isacis'F.
495 669 568 728 νίεα.
623 675 660 728 ut
689 667 772 728 enim
802 687 820 726 a
846 665 911 727 filio
933 666 1033 748 patris
1063 667 1189 728 nomine
1210 665 1350 726 vocando

264 751 389 836 penitus
421 748 594 812 abhorrent
622 749 752 826 Graeci,
774 748 817 810 itu
838 769 855 809 a
876 749 977 810 verbis
996 747 1101 826 hisce,
1122 737 1214 818 οὗτος
1231 745 1352 827 πατρὸς

264 833 324 914 μὲν
344 821 541 916 ἕφιιἿσαᾶκ,
564 833 628 894 eius
649 833 745 894 sitam
756 833 969 916 Menologium
990 832 1127 908 orditur,
1151 839 1182 892 el
1204 830 1352 892 lsuscinm

264 917 387 1001 puriter
419 915 483 979 eius
503 924 627 999 putrem
650 915 773 979 laudate
794 917 896 978 versio
920 925 1089 978 nsemorut·
1133 915 1162 975 2.
1181 913 1352 998 Theopbs.

265 1021 338 1061 nem
356 999 441 1062 circs
463 999 578 1062 Christi
605 1021 739 1078 sunum,
772 1008 808 1060 ut
844 1000 910 1082 ipse
931 1007 1085 1076 numerat,
1105 992 1170 1060 'tlt
1190 1007 1227 1058 ut
1244 997 1353 1060 melius

261 1083 318 1146 elii
337 1082 396 1146 751
411 1083 459 1146 sel
471 1081 533 1146 752
546 1085 739 1146 Constantini
747 1083 941 1167 Copronymi
958 1081 1177 1145 duodecimum
1212 1083 1353 1144 summni

264 1176 449 1248 tempestate
470 1177 595 1229 uatum:
619 1169 673 1250 qui
687 1189 758 1229 uam
783 1189 823 1228 ue
844 1185 926 1228 enno
941 1166 1002 1229 755
1026 1187 1061 1228 er
1083 1186 1143 1247 pro
1170 1165 1221 1226 riis
1241 1185 1353 1246 nempe

262 1250 408 1328 calculis,
437 1251 731 1334 exprobationibus
760 1189 823 1312 ibid
855 1259 888 1312 et
909 1249 1104 1334 Copronymi
1124 1185 1166 1310 ld
1199 1248 1354 1332 ingentem

262 1334 372 1417 glaciei
392 1335 507 1396 molem
528 1334 609 1396 muri
626 1342 877 1417 aupematsntem
899 1353 970 1395 eum
987 1333 1097 1396 uetans
1117 1331 1250 1394 eiusdem
1272 1351 1355 1414 pue-

263 1418 308 1480 ris
328 1417 457 1496 triginta
468 1417 739 1500 Constantinopoli
755 1415 961 1479 ludibundum
980 1414 1191 1480 conscendisse
1212 1415 1275 1499 (qui
1298 1435 1352 1476 as-

263 1501 338 1562 tutis
358 1500 438 1562 illius
467 1499 643 1563 ludentium
671 1520 845 1584 puerorum
875 1521 941 1563 mos
971 1501 1162 1584 agnoscitur)
1193 1497 1233 1561 de
1250 1497 1353 1580 seipso

263 1583 384 1660 scribit,
408 1584 606 1646 duodennem
626 1584 754 1646 circiter
776 1605 808 1646 se
831 1595 906 1646 tunc
936 1584 1068 1646 extitisse
1088 1582 1201 1645 lectori
1222 1581 1354 1644 coniici-

261 1668 380 1730 endum
392 1667 530 1749 suggerit
544 1689 575 1750 p.
586 1665 657 1729 365.
678 1665 710 1729 3.
728 1667 924 1729 duodennem
943 1668 1042 1730 iniisse
1056 1667 1236 1750 coniugimn
1257 1665 1354 1749 (quod

262 1751 412 1812 Romanis
428 1751 545 1832 legibus
562 1752 699 1812 musculo
719 1751 859 1812 noudum
875 1750 957 1830 licet)
981 1750 1067 1826 luiso,
1098 1759 1134 1812 ut
1159 1749 1301 1825 videtur,
1323 1751 1354 1809 in

262 1833 435 1915 Menologii
447 1841 533 1896 textu
546 1835 650 1896 asseri.
670 1834 701 1894 4.
713 1855 846 1896 erronee
860 1833 981 1916 puriter
992 1834 1100 1898 aetatis
1117 1854 1233 1896 anuum
1244 1833 1353 1894 vicesi-
1441 1889 1447 1900 ,

263 1917 501 1999 mum‘primum
516 1938 689 1980 numer-usse
697 1917 936 2000 Tlreoplmnem,
956 1919 1062 1980 Leone
1074 1927 1188 2000 quarto
1201 1915 1355 1978 Constru-

263 1998 322 2059 tini
330 2001 367 2060 F.
382 2007 518 2060 mortem
534 2010 714 2084 oppetente‚
728 2001 842 2062 ibidem
857 2001 930 2080 legi:
951 2001 1164 2084 quadrimulus
1177 2000 1259 2062 enim
1273 2004 1356 2078 (ante

262 2082 375 2148 Leonis
396 2081 540 2144 videlicet
554 2105 650 2145 annos
665 2085 813 2168 quinque,
838 2095 869 2146 et
877 2085 1072 2147 Constantini
1093 2083 1269 2160 duodecim)
1284 2105 1356 2146 cem

263 2165 355 2226 sociis
376 2165 505 2249 triginta
516 2168 664 2229 mobilem
683 2177 716 2229 et
734 2167 937 2230 fluctuantem
957 2178 1055 2250 ponto
1070 2167 1199 2250 glaciem
1221 2187 1278 2230 nec
1298 2187 1355 2228 su-

263 2269 314 2310 sus
335 2249 417 2331 ipse,
439 2271 497 2312 nec
518 2251 746 2314 abutentibus
771 2252 802 2314 iu
816 2253 875 2312 CP.
894 2263 991 2336 portu
1012 2251 1256 2335 superscendere
1281 2271 1356 2332 per-

264 2334 372 2394 missus
404 2332 521 2396 fnisset.
562 2333 597 2396 5.
634 2333 766 2399 eundem
804 2336 900 2398 modo
943 2337 1036 2418 Agri,
1075 2336 1170 2396 modo
1200 2335 1356 2416 Sigrianes

265 2415 481 2500 praepositum
492 2417 715 2503 Theophanem
728 2418 846 2499 vocari,
871 2421 925 2505 qui
941 2441 1005 2483 nou
1017 2439 1105 2495 unus,
1126 2418 1179 2481 scd
1195 2417 1283 2503 quusi
1306 2416 1357 2477 hie

265 2501 430 2563 obeliero
459 2501 611 2580 diversus,
642 2503 793 2566 scribitur
824 2504 1002 2566 uBuronio
1032 2502 1071 2565 ecl
1094 2524 1209 2564 unnum
1234 2502 1267 2561 C.
1294 2498 1357 2563 814

266 2606 352 2645 num.
368 2582 408 2647 31
419 2596 452 2647 st
465 2584 528 2647 816
543 2588 602 2648 u.1
625 2586 666 2651 de
686 2609 751 2671 quo
773 2597 846 2647 nota
869 2608 940 2649 mox
960 2585 1180 2671 subiungenda.
1224 2582 1253 2647 6.
1275 2606 1355 2645 con-

214 2697 217 2705 ·
266 2668 405 2729 fessionis
424 2690 498 2731 anue
519 2670 654 2751 palmam
676 2670 708 2731 in
735 2671 827 2731 coelo
843 2669 1064 2751 'Ibeoplrunem
1085 2678 1227 2730 nostrum
1248 2667 1359 2730 Leonis

264 2750 397 2812 Armeni
427 2751 607 2833 imperantis
638 2774 722 2813 unno
742 2751 762 2811 5
784 2754 899 2813 Christi
918 2752 981 2815 818
1010 2754 1181 2835 excepisses
1205 2753 1291 2813 cuius
1312 2772 1359 2811 ss.

266 2833 343 2895 serti
364 2832 509 2896 adversus
529 2842 737 2896 muneratum
757 2834 928 2897 limonium
956 2836 1032 2899 baec
1046 2836 1269 2909 demonstratio
1291 2854 1361 2895 cer·

268 2916 395 2982 tissima.
448 2916 571 2999 imperii
598 2939 683 2979 auno
705 2920 842 2981 secundo
875 2920 937 2981 iem
957 2918 1125 3005 completo,
1149 2916 1360 3017 Nicephorum

267 2996 483 3084 patriarchum
495 3001 729 3079 sanctissimum,
744 3000 862 3065 throno
883 3011 915 3066 et
937 3004 1016 3066 urbe
1035 3014 1204 3081 extorrem,
1222 3024 1252 3062 ιιι
1267 3022 1360 3083 prue-

266 3104 418 3145 ooncsum
438 3083 490 3167 egi
510 3086 595 3147 iussit
615 3084 725 3168 impius
748 3087 948 3151 iconoclaats.
972 3088 1035 3148 Leo
1053 3091 1214 3163 Armeniis,
1236 3106 1271 3147 ex
1283 3088 1360 3145 Leo-

269 3166 317 3228 nis
336 3167 529 3250 grammatici
555 3168 658 3231 uerbis
680 3168 775 3230 hisce:
808 3166 825 3230 d
855 3168 890 3230 di
912 3170 1008 3231 Arm
1033 3164 1115 3247 perol
1146 3164 1205 3230 tto
1226 3163 1362 3249 χρόνους

270 3250 326 3329 τῆς
354 3248 455 3311 usisosi
474 3250 639 3331 βασιλείας
655 3249 782 3331 μανείς,
809 3250 865 3313 soi
890 3247 947 3312 ris
966 3252 1130 3330 eripuere
1153 3248 1254 3314 osiris
1270 3252 1361 3310 ustos

273 3328 459 3415 Νικηφόρον
498 3334 643 3413 ἑξορώας
673 3330 830 3398 Θεόδοτον
866 3332 1068 3416 πατριάρχην
1105 3332 1361 3414 αῧιιχειροτονεῖ.

272 3417 284 3478 i
322 3417 412 3479 eLeo
433 3416 588 3499 aliquibus
608 3418 716 3481 diebus
730 3420 792 3479 ium
812 3420 960 3481 salutatus
979 3421 1163 3501 imperator,
1183 3416 1360 3499 Nicephoro

271 3438 416 3563 edideris
437 3500 534 3582 cupiti
555 3502 752 3583 imponente,
771 3500 968 3585 tyrannidem
992 3502 1145 3563 invaserat
1165 3522 1248 3563 enno
1268 3499 1363 3561 Cirri-

145 3569 150 3582 ⁵
270 3586 312 3646 ati
333 3582 406 3659 814,
429 3586 509 3645 lunii
529 3585 580 3647 die
595 3586 644 3664 12,
673 3585 844 3647 indictione
864 3586 1006 3668 septima,
1030 3596 1129 3668 prout
1149 3584 1311 3659 Beronius,
1331 3590 1364 3643 ot

271 3670 1112 3830 :lttln'tftttlztlnttll:llnllt't
1133 3667 1364 3834 filllffil

273 3843 383 3899 nostro
402 3835 567 3898 variantes.
616 3834 797 3898 declaratus·
817 3834 992 3919 imperator
1025 3836 1364 3911 vinulentorum

274 3924 425 3983 Crummo
446 3918 591 4003 principe
600 3918 736 4003 Bulgaro
754 3917 796 3981 ad
816 3920 890 3982 enni
909 3920 1066 4003 sequentis
1087 3916 1262 4002 praelialen
1283 3926 1365 3979 tem-

274 4014 436 4087 pestatem,
456 4002 566 4065 eodem
586 4023 746 4087 anonymo
770 4003 889 4087 praelis
909 4002 1114 4081 describente,
1138 4000 1286 4079 decertat,
1307 4020 1366 4063 nec

277 4086 363 4148 cirea
384 4086 581 4170 religionem,
610 4086 643 4147 in
698 4108 741 4147 nc
768 4087 921 4151 Berenice
940 4086 1172 4163 bsllueiustur,
1196 4087 1366 4171 quiequam

276 4168 421 4243 innovat,
437 4169 511 4231 anni
531 4166 594 4232 815
605 4178 640 4233 et
651 4170 683 4237 in
707 4170 714 4185 '
751 4168 828 4235 ‘onis
842 4180 983 4247 octovas,
1006 4170 1133 4233 ineunte
1152 4168 1366 4249 senuerun-
