3050 4900
280 310 353 389 476
648 327 691 391 ΙΝ
718 322 998 391 Tnuornbrlau

280 493 474 557 solemnitate
504 492 611 557 diebus
638 495 831 568 interiectis,
862 502 966 555 osum
990 494 1053 557 CP-
1085 490 1278 557 seditionem.
1320 496 1376 561 sed

280 600 338 641 nec
360 586 477 662 gestum
500 578 584 639 aliud
608 578 773 661 quidpiam
793 577 890 639 totius
914 578 989 638 anni
1011 577 1122 639 decimi
1144 578 1220 639 noni
1242 580 1377 642 decursu

280 664 467 723 Simocattae
488 660 585 723 tradit
604 660 748 725 historia.
771 666 946 722 memorato
971 661 1092 744 quippe
1106 663 1293 723 comensioli
1310 663 1377 727 (ΣΡ.

280 745 393 825 reditu,
414 763 486 805 mox
516 742 630 805 subdit
685 736 950 845 ἐναεακαιδεκάτα
981 743 1116 828 ἐνιαυτῷ
1135 745 1192 822 τῆς
1211 746 1377 824 βασιλείας

280 828 467 909 Muupsns'uu
488 826 546 889 tasi
567 824 795 907 etsoxpdrrcss
827 822 920 887 uvidis
945 824 1105 900 Ρωμαίσις
1124 827 1180 887 καὶ
1197 824 1374 908 βαρβάροις

281 910 448 991 ἆαρσὲχθη·
488 930 568 973 usuro
588 912 709 995 imperii
729 910 878 971 Maun'eit
908 906 947 971 19
971 911 1049 971 atti!
1069 910 1219 972 Romanos
1242 916 1322 973 inter
1341 926 1373 973 et

281 993 429 1055 tartaros
448 1008 559 1055 octona
601 995 633 1055 in
654 1014 770 1053 annum
789 993 895 1074 itaque
916 991 1070 1053 decimum
1091 1014 1209 1055 nonum
1232 994 1372 1056 aTbeo-

281 1075 382 1159 phane
406 1076 512 1151 relata,
534 1098 569 1137 ex
590 1076 779 1137 simocattae
798 1076 948 1137 sententia
969 1076 999 1135 in
1024 1076 1168 1157 priorem
1189 1084 1261 1138 sunt
1287 1078 1372 1139 refe-

281 1157 391 1220 renda.
434 1158 596 1243 exquibus
615 1158 813 1243 Theophanis
836 1178 930 1219 error
950 1159 989 1221 ad
1003 1160 1148 1221 Mauricii
1172 1180 1268 1220 annos
1291 1159 1310 1221 9
1334 1158 1374 1221 10

281 1250 314 1304 ct
336 1246 372 1309 11
395 1242 539 1304 admissus
566 1252 707 1319 constat,
728 1250 760 1304 et
779 1240 941 1303 manifesto
970 1243 1123 1325 arguitur,
1144 1243 1209 1339 qui,
1232 1264 1311 1326 quae
1335 1244 1369 1303 in

279 1324 441 1423 pauciores
463 1346 568 1401 annos,
581 1334 616 1386 ut
630 1326 771 1408 superius
784 1324 994 1397 observatam,
1018 1333 1174 1388 contruxit
1187 1324 1368 1403 Simocatta,

282 1430 347 1491 spsc
367 1408 525 1471 distribuit
553 1410 584 1469 io
615 1409 737 1493 plures=
771 1430 807 1469 ac
830 1406 961 1469 subinde
991 1409 1020 1468 in
1049 1430 1145 1469 unum
1173 1432 1285 1470 annum
1306 1408 1371 1469 buc

283 1490 487 1569 accumulata,
510 1492 541 1551 in
566 1490 641 1553 duos
662 1492 709 1553 vci
732 1501 795 1552 tres
814 1491 906 1551 etiam
926 1491 1073 1553 videntur
1093 1490 1136 1552 dis
1162 1493 1311 1576 ergenda.
1332 1491 1374 1553 de

282 1574 449 1637 'liseudosii
479 1575 659 1657 nuptiarum
692 1584 837 1655 tempore
871 1574 980 1635 ebron.
1019 1514 1180 1637 Alexandr.
1212 1598 1230 1635 a
1263 1577 1372 1637 Simo·

282 1667 364 1720 cotta
384 1656 561 1721 discordat:
581 1678 693 1721 rarum
709 1658 799 1721 huius
817 1678 876 1721 ceu
896 1659 1057 1721 coaetanei
1079 1659 1194 1721 certius
1214 1666 1261 1721 est
1281 1658 1373 1721 testi·-

281 1762 432 1805 mausum.

363 1842 435 1925 437,
456 1851 489 1919 9.
533 1840 567 1947 oi
583 1846 620 1910 di
641 1844 737 1928 δῆμοι
762 1840 923 1929 salpinae]
944 1848 1028 1910 nulla
1049 1848 1098 1911 rei
1115 1848 1202 1911 istius
1224 1846 1308 1932 apud
1323 1848 1374 1911 Si·

281 1940 451 1995 mocattam
472 1940 601 1993 mentio.

348 2040 448 2182 tIbid.
474 2034 520 2101 13.
567 2032 745 2121 dlaxro'psa]
777 2040 822 2103 ita
848 2044 1034 2125 pronuntiat
1059 2036 1143 2123 vulpi
1170 2060 1273 2103 sermo
1295 2062 1373 2104 cor-

286 2144 346 2207 rup
363 2146 407 2185 us.

364 2223 445 2288 Ibid.
470 2220 518 2290 14.
561 2220 809 2298 ξυλσκσύκσαδα]
839 2218 1056 2298 &torostoros
1085 2220 1181 2285 babet
1214 2219 1372 2285 Cedrenas

278 2320 420 2392 stirpem,
440 2319 470 2369 et
488 2306 605 2369 udum
622 2328 781 2391 pueronem
800 2308 990 2391 crepitacula
1011 2306 1138 2389 exposui
1161 2306 1193 2367 io
1214 2326 1371 2368 memora·

280 2401 348 2456 tum
369 2399 550 2454 auctorem:
573 2389 625 2452 alii
646 2391 774 2454 nucleos.

361 2506 440 2567 Ibr'ei.
460 2510 508 2574 19.
549 2503 627 2588 μηνὶ
649 2506 825 2591 Νοεμβρίῳ,
846 2504 1016 2569 ι’νδιατισῖαι
1036 2499 1080 2581 s']
1103 2505 1236 2568 eundem
1256 2503 1374 2566 vicesi.

280 2611 366 2650 mum
387 2591 529 2651 Mauricii
556 2612 671 2652 annum
691 2590 860 2652 Theodosii
882 2611 922 2649 nu
947 2592 997 2652 tiis
1027 2589 1220 2651 celebrandis
1243 2587 1376 2670 deputat

280 2673 392 2733 chron.
407 2672 551 2737 Alexand.
574 2684 607 2735 at
628 2693 690 2734 non
711 2695 846 2736 mensem
858 2612 1007 2734 eundem:
1027 2673 1235 2735 Februarium
1253 2673 1373 2753 quippe

281 2756 419 2838 assignat
468 2754 652 2818 discordiam
680 2755 774 2818 solvit
801 2757 998 2835 simocatta,
1027 2756 1080 2838 qui
1111 2757 1208 2816 citato
1230 2756 1371 2836 superius

281 2833 393 2920 capt
427 2839 557 2900 laudatis
580 2838 712 2920 nuptiis,
746 2860 817 2900 mox
850 2839 1049 2921 sequentibus
1082 2838 1198 2902 Christi
1226 2836 1373 2899 natalitiis

281 2921 374 2995 sestis,
391 2921 593 2999 seditionem,
615 2943 695 3006 quae
715 2920 850 3004 proinde
874 2923 1027 3003 successit,
1046 2923 1182 3007 peractis
1201 2921 1272 2982 initi
1293 2941 1375 2982 cou-

282 3005 358 3086 iugii
375 3005 574 3083 solemnibus,
590 3015 694 3067 ortam
716 3005 875 3070 describit.

364 3117 435 3200 438,
460 3125 487 3186 1.
528 3115 786 3204 στεφανώσαντας
803 3115 924 3194 eu‘rosic
941 3117 1126 3204 Καριακαῦ]
1145 3139 1272 3202 sponsm
1292 3139 1374 3182 oua.

282 3203 412 3264 nubium
436 3204 652 3266 contrahentes
683 3204 807 3265 coronis
830 3202 955 3265 redimit
975 3223 1102 3286 graecus
1121 3202 1279 3264 sacerdos:
1300 3201 1375 3264 hiuc

282 3285 366 3368 apud
388 3309 439 3348 eos
461 3287 543 3349 idem
563 3281 765 3370 στεφάνωμα,
788 3286 874 3371 quod
892 3289 1006 3348 Latinis
1024 3287 1224 3372 desponsatio.
1266 3284 1372 3348 Theo-

284 3371 385 3430 dusius
407 3393 507 3452 porro
536 3391 620 3433 novo
648 3393 666 3430 a
695 3379 787 3452 patre
816 3370 999 3432 introducto
1031 3370 1106 3446 ritu,
1126 3371 1221 3432 etiam
1241 3377 1372 3450 accepta

283 3452 407 3534 imperii
429 3474 558 3532 corona,
580 3454 681 3530 aliam,
707 3474 789 3538 quae
803 3454 952 3515 connubii
976 3473 1099 3515 rursum
1119 3453 1172 3514 hic
1192 3453 1285 3516 subit.
1322 3451 1372 3514 ri-

283 3545 332 3598 tus
353 3537 528 3600 huiusmodi
549 3558 611 3599 non
635 3541 727 3599 semel
750 3537 803 3598 hic
822 3539 984 3619 repetitus.

366 3652 446 3715 Ibid.
468 3651 501 3717 6.
542 3645 560 3714 ὅ
582 3651 619 3714 δὲ
638 3647 924 3733 βασιλεύςΠέτρσν
944 3648 1000 3714 τὸν
1020 3647 1112 3729 ἴδιον]
1135 3652 1166 3714 iu
1189 3672 1305 3715 anuum
1321 3651 1371 3712 vi-

284 3734 431 3797 cesimum
454 3757 533 3820 quae
553 3746 727 3818 sequuntur
751 3736 878 3817 reponit
901 3738 1070 3798 Simocatta
1092 3736 1143 3798 lib.
1164 3733 1186 3797 8
1208 3757 1275 3817 cap.
1296 3733 1319 3796 4
1339 3743 1373 3797 et

513 3819 520 3833 ⁸
707 3821 712 3833 ¹
739 3820 746 3834 ⁶
939 3822 947 3837 ⁰
1209 3840 1217 3857 η
1240 3823 1259 3854 u

284 3841 397 3962 tlt..
412 3829 522 3983 {lat}
542 3819 1083 3987 llil.tll¹’l...⁰.'‚¹t.l..'.”llll.
1098 3819 1376 3979 titltnitti

285 3997 347 4046 tem
369 3985 521 4066 transigit.
563 3985 690 4046 ineunte
712 3998 862 4049 autumno
883 3988 915 4047 iu
926 3987 1104 4050 Dardaniae
1127 3985 1373 4059 latus„siveau-

285 4069 390 4150 gallum
409 4071 508 4131 vadit.
550 4067 692 4130 audierat
718 4068 880 4153 siquidum,
906 4074 987 4133 etc.’'
1038 4069 1264 4132 nonodecimo
1287 4087 1375 4130 nouo

284 4159 439 4216 transacta
452 4163 552 4238 putes,
573 4159 606 4215 et
626 4173 707 4238 quaa
720 4153 816 4237 paulo
835 4153 963 4218 latenas
975 4153 1221 4218 subnectunturs
1238 4153 1376 4216 ‘haute
