3050 4900
484 404 536 465 EX
570 400 830 467 ultusultus..
1026 454 1030 462 .
1132 400 1204 471 179

123 572 199 634 nasis
219 586 291 633 cnm
321 568 364 632 cis
398 570 429 631 in
457 570 580 657 Syriam
613 572 760 635 loannem
787 570 972 654 patricium,
996 564 1207 656 cognomento

122 652 318 736 Pilzigandin,
339 662 490 737 tunquam
519 656 664 739 antiquae
684 658 851 737 prosapiae
874 656 1083 738 reipublicae
1105 660 1208 723 virum

123 750 150 800 et
169 738 367 821 negotiorum
388 735 559 799 multorum
582 748 756 821 expertem,
779 748 874 823 utque
894 758 1037 822 magnam
1056 756 1208 806 consonus

123 832 183 883 tum
203 820 405 904 prudentium
424 822 464 882 ud
485 822 705 904 disputandum
726 822 882 904 aptissime
902 845 974 883 cum
993 826 1155 903 Ambibus,
1177 836 1209 888 et

124 924 198 991 quse
215 904 299 987 panis
313 913 385 964 sunt
400 921 553 967 consonae
570 906 840 987 praestruendum.
863 907 917 990 qol
939 925 1010 967 cnm
1027 909 1157 972 venisset
1178 912 1210 970 in

124 989 248 1075 Syriam,
271 991 511 1051 coacervatione
532 989 670 1051 Muuhias
700 999 767 1051 vtarn
791 988 1007 1051 Amiraeorum
1031 1010 1125 1074 quum
1145 996 1211 1054 Co.

124 1068 296 1135 rasin'orum
318 1072 426 1133 offecto
446 1074 581 1155 suscepit
607 1094 677 1133 eum
699 1091 770 1133 cum
796 1073 920 1135 honore
943 1088 1064 1157 magno.
1106 1076 1211 1137 multis

123 1176 192 1241 ergo
214 1158 299 1217 inter
320 1174 372 1216 cos
395 1156 531 1237 pocilicis
554 1156 656 1217 vorbis
677 1156 802 1233 edictis,
831 1159 978 1218 convenit
999 1160 1083 1219 inter
1106 1170 1214 1221 utros-

124 1262 181 1323 que
202 1238 374 1319 inscriptis
406 1238 474 1303 lieri
502 1241 586 1323 posis
607 1260 678 1299 curn
699 1239 905 1303 iureiurando
925 1259 1101 1303 sermonem
1118 1250 1213 1325 supet·

123 1322 321 1385 consonantia
343 1322 437 1385 annui
450 1324 545 1405 pacti,
565 1323 737 1405 praebendi
754 1322 899 1385 videlicet
913 1326 1070 1387 Romanae
1085 1328 1137 1388 rei'
1149 1345 1213 1409 pn.
1290 1344 1313 1395 *l

122 1408 219 1470 blicoe
247 1406 286 1467 ab
316 1406 463 1488 Agorenis
492 1408 562 1467 nuri
582 1404 735 1467 librarum
762 1407 945 1489 tris'milia,
967 1412 1053 1469 viros
1073 1412 1214 1495 captivos

124 1489 357 1575 qninquaginta,
380 1498 411 1551 et
434 1508 531 1573 equos
556 1490 680 1551 'nobiles
710 1490 947 1573 quinquaginta.
999 1492 1046 1552 his
1067 1509 1104 1555 ex
1124 1514 1212 1554 eom·

124 1574 209 1635 moni
230 1572 346 1655 plsoito
371 1574 462 1635 'inter
489 1582 656 1657 utramque
679 1581 802 1655 partem
820 1574 960 1650 firmatis,
981 1584 1013 1637 ct
1034 1578 1065 1635 in
1085 1578 1216 1675 triginta

125 1658 210 1718 annis
248 1654 403 1719 servandis
437 1668 548 1718 mutuo
584 1658 796 1739 repromissis,
827 1648 1010 1741 nmpilssirna
1038 1672 1102 1741 pax
1132 1668 1218 1721 inter

124 1743 280 1802 Romanos
298 1748 339 1803 *st
367 1740 482 1801 Arabes
515 1749 562 1801 est
592 1741 716 1815 offertut
741 1742 848 1825 sicque
877 1744 1072 1824 generalibus
1092 1738 1316 1815 unobns'pott

124 1824 279 1906 inscriptis
311 1821 487 1893 serbis-ad
518 1824 810 1886 alterutrum·cum
844 1825 1050 1887 iureiurando
1082 1826 1217 1910 patratis

125 1916 156 1970 et
176 1907 309 1969 invicem
330 1906 463 1983 traditis,
485 1925 576 1989 saepe
595 1908 695 1971 dictus
710 1909 845 1970 famosus
865 1908 917 1969 vir
930 1908 976 1969 ‘ud
994 1911 1219 1992 imperatorem

123 2010 195 2052 cnm
221 1990 401 2053 muneribus
436 2009 578 2089 qnoque*
594 1992 697 2055 multis
729 2006 871 2055 ruinosus
898 2001 955 2053 ost.
1010 2011 1082 2055 cum
1113 2004 1219 2056 antem

123 2073 202 2135 haec
224 2074 400 2136 didicissent
426 2074 459 2139 ln
490 2073 544 2157 qui
567 2074 729 2157 Hesperius
751 2084 857 2159 partes
876 2074 1065 2151 inhabitant·
1086 2087 1149 2141 tom
1168 2079 1219 2138 vl.

125 2157 240 2219 delicet
262 2157 414 2240 chaganus
430 2160 566 2219 Avarum
582 2167 613 2221 et
626 2159 798 2221 'ulteriores
817 2173 904 2241 reges
925 2178 1019 2241 quarn
1040 2161 1165 2223 marchi
1187 2170 1222 2223 et

123 2240 261 2318 castaldi,
283 2260 341 2302 neo
355 2259 418 2303 non
441 2252 473 2303 et
485 2242 642 2324 principes
657 2244 819 2303 nationum
842 2242 882 2303 ad
893 2243 1058 2304 Orientem
1078 2246 1221 2322 sitarum,¹

123 2343 184 2408 per
205 2325 321 2406 legulos
341 2326 522 2386 muneribus
542 2326 729 2407 imperatori
752 2326 934 2388 transmissis
965 2328 1124 2408 pocillcarn
1147 2347 1221 2409 erga

121 2430 156 2471 se
178 2408 377 2470 dilectionem
398 2427 573 2491 poposcere
594 2409 791 2476 firmandum.
832 2428 970 2471 annuens
992 2411 1098 2494 itaquo
1117 2413 1220 2492 impe.

124 2501 218 2556 rator
248 2494 507 2583 postulationihus
537 2512 669 2572 eornm,
698 2494 897 2554 contis-movit
925 2494 1019 2553 etiam
1048 2495 1133 2556 circa
1154 2495 1221 2553 illos

124 2577 325 2638 donatoriam
344 2597 470 2659 pucem3
498 2587 529 2640 et
548 2578 630 2639 lactu
651 2585 696 2638 cst
719 2579 868 2639 socul‘ltus
889 2576 1057 2659 magnoin
1079 2578 1221 2654 Oriente,

125 2680 184 2722 nec
206 2681 270 2722 non
293 2661 325 2720 in
346 2660 528 2722 Occidente.
1213 2688 1216 2692 ⁴

209 2761 298 2820 Auno
319 2759 443 2841 imperii
468 2760 662 2823 Constantini
694 2753 815 2820 decimo
836 2759 933 2820 factus
957 2767 1002 2822 est
1025 2771 1128 2821 terrae
1150 2783 1221 2821 mo.

124 2849 175 2904 tus
197 2860 324 2924 magnus
349 2865 407 2926 per
421 2840 774 2928 Mesopotamiam,'quo
796 2843 860 2906 ruit
870 2843 1061 2905 Hedessenae
1082 2866 1221 2906 ascensus

123 2935 157 2987 et
177 2927 291 2988 trullas
312 2927 472 3004 ecclesiam
495 2927 527 2989 et
547 2921 721 2989 construxit
743 2937 811 2990 eam
838 2926 977 2988 Mauhias
999 2927 1222 2991 studiosshri.
1253 2942 1257 2953 ·
1317 2929 1323 2972 i

122 3010 311 3070 stinnorum.
622 3028 624 3037 ¹
1216 3024 1220 3032 '

208 3109 298 3174 Anno
333 3107 457 3194 imperii
485 3106 680 3172 Constantini
715 3109 879 3172 undecimo
901 3087 1043 3178 mortuus
1066 3120 1111 3179 est
1130 3111 1223 3174 Mau-

119 3191 188 3254 hias
212 3191 443 3260 Saracenorum
477 3191 743 3280 protosymbolus,
768 3195 824 3279 qui
843 3192 905 3259 fait
924 3204 1055 3278 praetor
1077 3193 1201 3259 annisu

120 3285 155 3338 et
176 3277 295 3338 smirne
316 3277 440 3339 loncms
470 3274 572 3342 officio
596 3279 680 3338 annis
700 3271 754 3350 94;
782 3288 813 3343 el
839 3276 1011 3362 prinoipnri
1035 3279 1141 3360 coepit
1162 3277 1222 3339 fli.

121 3361 173 3422 rid
198 3361 278 3421 lilius
300 3361 375 3424 eius.
417 3361 478 3424 hoc
500 3383 628 3448 quoquc
648 3382 730 3427 anno
753 3359 928 3446 Vulgarum
948 3365 1021 3449 gens
1040 3363 1221 3443 supervenit

121 3445 154 3506 in
176 3443 359 3506 Thraciam.
411 3465 520 3508 verum
551 3445 635 3507 inter
656 3443 733 3508 haec
761 3445 967 3508 necessarium
987 3455 1034 3507 est
1055 3436 1161 3508 dicero
1182 3443 1318 3518 densos
1347 3491 1352 3504 .

120 3527 315 3612 antiquitate
335 3549 463 3612 quoque
485 3526 804 3612 onogundurensium
821 3527 943 3611 Vulgar
964 3537 995 3590 et
1015 3529 1165 3609 Contrug.
1187 3529 1220 3590 io

117 3612 431 3694 septemtrionalibus
454 3634 586 3697 numque
607 3613 750 3696 partibus
775 3608 888 3674 Euxini
909 3610 1014 3691 Ponti,
1033 3633 1114 3698 quse
1133 3632 1222 3672 mea·

116 3692 198 3756 biles
221 3693 355 3776 suut,'in
375 3695 538 3780 paludibus
558 3719 639 3782 quse
661 3693 1002 3772 dicunturlllseotides,
1022 3696 1055 3756 in
1076 3717 1151 3778 quas
1171 3694 1221 3755 vi.

118 3777 241 3840 delicet
264 3777 446 3841 immittitur
469 3778 580 3842 fluvius
600 3781 746 3841 mouimus
769 3777 807 3839 ub
821 3777 949 3840 Oceano
979 3800 1039 3860 per
1061 3774 1220 3838 Sarmata.

118 3881 196 3922 rum
219 3871 338 3924 terram
359 3862 509 3945 delapsus,
530 3864 655 3926 nomine
678 3864 763 3938 Atel,
783 3861 895 3940 Tanais
925 3862 1020 3923 amuis
1042 3871 1074 3922 et
1096 3860 1161 3943 ipse
1182 3861 1221 3921 ab
1271 3914 1275 3931 ,

117 3943 279 4008 Hibericis
299 3949 400 4028 portis
420 3948 537 4026 oriens,
568 3964 664 4030 quae=
680 3949 712 4010 in
736 3946 895 4008 Caucaseis
914 3944 1072 4009 montibus
1093 3964 1156 4005 osse
1176 3944 1222 4006 lc·

119 4038 254 4106 rantur,
279 4029 309 4089 in
335 4031 468 4093 eundem
488 4033 556 4093 Atel
578 4031 674 4093 fluens
692 4029 835 4092 infertor.
878 4051 896 4089 a
915 4030 1142 4089 mixturarum
1160 4029 1235 4088 Τει-Ι

118 4111 224 4173 nuidis
247 4121 279 4180 et
302 4115 382 4193 stet,
403 4133 483 4198 qnae
504 4113 541 4174 lit
560 4133 655 4198 snpra
676 4112 737 4174 iarn
768 4113 865 4173 dictas
885 4109 1053 4178 Maeotidos
1075 4112 1219 4194 paludes,

119 4191 201 4256 dum
222 4195 377 4259 scinditur
398 4197 481 4276 Atel,
510 4199 597 4260 venit
626 4197 730 4280 isqui
759 4195 876 4256 dicitnr
896 4193 1025 4256 Cucheis
1056 4190 1166 4256 {iuvius
1188 4195 1221 4256 in

116 4277 296 4343 Maeotidos
314 4276 452 4364 paludes,
474 4289 506 4344 ct
527 4281 610 4344 redit
628 4281 660 4342 in
686 4281 855 4342 turstinum
879 4273 1004 4342 Pontici
1023 4278 1116 4341 muris
1136 4279 1220 4339 iustu
