3050 4900
466 398 520 460 EX
547 397 805 462 satornana
1128 395 1180 466 81

117 585 284 648 quamquam
309 564 440 628 Asianus
467 577 564 647 assat,
584 565 704 652 synodo
736 568 892 630 celebrata
917 567 1011 628 locali
1041 567 1184 652 Symma-

117 651 194 710 chum
216 647 339 732 quidem
357 651 540 732 episcopum
569 653 687 714 Romae
709 651 864 729 firmavit,
884 653 1087 714 Laurentium
1106 675 1184 714 vero

115 733 141 794 ia
160 734 305 795 Nucerina
325 733 452 794 civitate
473 734 577 796 locare
592 735 765 818 ,praecepit
790 735 981 816 episcopum,
1002 737 1057 818 qai
1081 747 1184 798 tauma

116 816 187 876 nullo
216 823 307 898 pacto
330 817 488 900 quiescens
514 819 567 880 sed
595 817 759 880 seditiones
785 839 983 879 commovens
1003 841 1022 878 a
1042 819 1186 902 Symma-

116 897 165 958 cho
183 897 348 982 deponitur
364 909 396 962 ct
417 900 588 962 inexilium
605 903 752 978 mittitur,
771 909 803 962 et
826 901 870 962 ita
889 901 1026 963 simultas
1046 904 1184 964 cessavit.

115 981 210 1044 eodem
230 1005 312 1044 anna
342 984 512 1046 Anastasius
540 984 774 1054 removitauri
802 984 986 1066 argentique
1011 987 1135 1047 metalla
1155 993 1188 1048 et

116 1065 292 1210 ceccanum,
317 1067 575 1152 principatusque
606 1089 679 1130 cum
701 1065 822 1130 venales
844 1076 958 1147 essent,
989 1070 1084 1150 gratis
1105 1090 1187 1152 pro·

115 1169 175 1209 mov
214 1161 256 1210 at.

186 1265 333 1348 Sequenti
363 1283 442 1326 vero
463 1284 544 1325 anno
572 1285 643 1325 cnm
662 1264 839 1326 Romanam
858 1265 1076 1347 pontificatum
1096 1267 1189 1351 Sym.

113 1347 232 1424 machus,
252 1347 418 1430 imperium
442 1358 546 1409 antem
559 1347 731 1409 Anastasius
744 1359 878 1430 regeret,
899 1350 1129 1418 Saracenorum
1143 1350 1191 1410 in.

114 1447 206 1490 cursus
226 1433 258 1491 ia
270 1431 459 1492 Phoenicem
475 1441 508 1492 et
529 1433 651 1515 Syriam
670 1451 778 1492 rursus
796 1431 921 1492 effectas
934 1442 988 1508 est,
1009 1441 1081 1514 post
1102 1453 1191 1492 mor-

112 1519 165 1572 tem
183 1513 499 1598 AgariVadicharino
523 1515 623 1576 fratre
643 1515 736 1596 ipsius
759 1514 857 1575 instar
869 1511 1011 1589 turbinis,
1035 1525 1068 1576 et
1088 1516 1191 1576 adhuc

113 1594 246 1669 velocius,
273 1597 468 1658 discurrente
489 1618 548 1679 per
568 1601 644 1659 loca.
666 1598 728 1659 hoc
750 1599 844 1658 etiam
862 1617 955 1674 anno,
979 1599 1012 1660 id
1033 1608 1078 1660 est
1099 1598 1328 1684 Sym-pesas

111 1678 198 1740 machi
219 1701 322 1764 papae
344 1683 449 1762 primo
469 1691 501 1743 et
522 1681 646 1762 imperii
667 1681 817 1742 Anastasii
836 1681 1017 1756 andecimo,
1038 1681 1191 1763 Volgares

110 1781 160 1841 per
178 1763 337 1848 lllyricnrn
359 1764 555 1825 etThraccm
572 1764 760 1840 discurrant,
781 1764 964 1846 prinsquam
985 1785 1191 1846 agnosceren.

111 1851 163 1906 tar.
204 1847 291 1930 apud
310 1847 542 1909 Neocaesariam
563 1845 678 1910 deinde
697 1868 769 1909 oum
789 1849 932 1908 futuram
946 1856 1023 1908 esset
1046 1856 1081 1906 at
1100 1848 1191 1909 lieret

110 1933 202 1990 terrm
222 1939 339 2004 motas,
363 1930 448 1992 miles
468 1931 530 1990 iter
550 1930 663 1992 taciens
677 1930 755 1992 duos
770 1931 881 1992 milites
895 1949 992 2012 saper
1012 1951 1081 1991 eam
1101 1931 1192 2008 vidit,

111 2017 138 2068 et
154 2012 245 2074 aliam
268 2013 398 2074 militem
418 2021 490 2096 post
503 2023 625 2094 tergam
639 2014 826 2075 clamantem
837 2017 1039 2075 “conservate
1061 2014 1191 2075 domam

109 2091 136 2152 ia
158 2117 218 2178 qua
238 2095 420 2178 sepulcrum
442 2097 587 2179 Gregorii
622 2099 694 2158 est”
743 2116 816 2158 cum
837 2103 941 2158 autem
964 2108 1068 2159 terrae
1087 2105 1191 2158 motus
1222 2112 1227 2125 ·

109 2174 196 2240 lactas
222 2179 349 2260 fuisset,
379 2179 513 2261 plurima
543 2199 613 2262 pars
636 2179 767 2241 civitatis
789 2182 922 2260 corruit,
945 2187 1073 2264 excepta
1094 2179 1190 2243 domo

108 2260 248 2343 Gregorii
271 2261 494 2344 thaumaturgi.
870 2286 873 2293 ’

180 2377 296 2439 Mundi
330 2399 411 2440 anno
443 2375 543 2457 5999,
574 2376 697 2440 divinae
732 2377 955 2442 incarnationis
984 2398 1067 2441 anno
1106 2375 1294 2463 499,p.230

105 2460 275 2523 Anastasius
301 2463 405 2545 quiete
425 2462 544 2545 potitus
566 2462 960 2545 aprneliis,Macedonium
979 2462 1193 2542 patriarcham

105 2550 240 2606 avertem
262 2544 304 2606 ab
327 2546 502 2609 orthodoxa
528 2544 588 2607 fide
615 2544 781 2628 satagebat
823 2546 913 2605 multi
943 2555 1047 2621 autem
1068 2543 1192 2626 episco-

101 2644 211 2767 porum
232 2628 396 2690 Anastasio
425 2628 558 2713 gratiam
585 2635 775 2711 praestantes
798 2626 1040 2689 chalcedonensi
1071 2626 1192 2689 resiste·

120 2720 171 2772 ant
199 2712 362 2795 eoncilia,
402 2735 538 2797 quorum
572 2711 693 2794 primns
728 2721 798 2774 erat
824 2710 962 2771 Elensius
1000 2708 1188 2786 Sasimensis.

99 2792 253 2873 quendam
287 2806 391 2857 autem
410 2796 625 2857 Manichaeum
647 2794 761 2892 Spram
790 2794 881 2855 simol
910 2801 942 2856 et
958 2792 1085 2855 Persam
1106 2798 1191 2854 Ana.

97 2878 198 2937 stasius
222 2876 358 2941 adduxit
378 2902 396 2941 a
419 2879 531 2963 Cyzico
553 2879 585 2940 in
605 2878 718 2939 hahita
744 2876 930 2960 presbyteri,
954 2876 1009 2959 qai
1031 2875 1131 2938 aliena
1150 2876 1190 2938 ah

98 2959 242 3024 ecclesiae
262 2961 377 3023 sanctis
398 2961 579 3045 imaginihus
599 2962 737 3023 seribere
769 2960 974 3042 praesumpsit
997 2969 1029 3021 et
1048 2959 1191 3022 fabulosa

95 3038 123 3100 in
143 3044 270 3124 palatio
292 3044 570 3123 Heleaiaaeasinm,
591 3054 667 3107 soto
687 3042 885 3127 imperatoris
904 3041 1090 3104 Manichaeis
1109 3064 1190 3105 con.

94 3126 293 3206 gratulantis.
335 3128 420 3190 ande
451 3138 482 3190 et
503 3128 613 3191 seditio
649 3127 760 3210 populi
780 3126 860 3188 facta
881 3135 927 3188 est
946 3148 1069 3208 magna.
1113 3132 1190 3185 tanc

93 3218 121 3268 et
142 3213 352 3291 praefectam
375 3212 547 3273 Anastasius
579 3212 610 3273 ia
643 3210 780 3272 collectis
803 3219 836 3271 et
860 3208 981 3271 letaniis
1003 3207 1190 3288 excogitavit

92 3292 258 3380 subsequta
286 3294 417 3357 timebat
438 3296 521 3357 euim
553 3292 804 3356 orthodoxorum
822 3290 999 3369 seditiones,
1019 3300 1051 3352 et
1071 3292 1189 3351 factum

90 3378 187 3437 estin
219 3377 496 3441 cousuetudinem.
547 3376 699 3440 Xenaiam
723 3392 800 3438 sero
824 3373 921 3437 Manis
948 3384 1189 3436 consentaneam

91 3456 174 3521 duria
198 3462 383 3522 Anastasius
394 3460 695 3543 Constantinopolim
710 3468 860 3541 tanquam
880 3467 1066 3521 sectatorem
1086 3478 1188 3534 snum,
1283 3477 1285 3480 ·

88 3561 178 3623 quem
204 3542 418 3607 Macedoniae
441 3566 543 3629 aeque
574 3542 792 3605 communione
812 3562 915 3625 neque
935 3538 1034 3604 serbo
1059 3541 1187 3623 dignam

88 3626 171 3687 clero
194 3626 369 3689 monachis
390 3636 422 3689 et
435 3630 556 3711 populo
570 3627 760 3688 conturbato
778 3623 936 3687 indicavit.
959 3624 1094 3686 undeet
1115 3643 1187 3685 eum

85 3708 271 3773 Anastasius
292 3709 427 3775 latenter
448 3712 486 3773 ab
505 3710 584 3773 urbe
604 3708 718 3772 eduxit.
761 3708 960 3770 Macedoniae
982 3727 1058 3769 sero
1080 3705 1187 3766 Achn-

85 3788 160 3891 liom
180 3793 365 3893 quendam,
388 3793 442 3878 qui
463 3802 616 3856 exemerat
629 3790 772 3854 adversus
793 3812 825 3852 se
840 3792 1034 3853 machaeram
1055 3809 1090 3850 er
1111 3788 1187 3849 snb.

84 3894 235 3940 missione
274 3877 475 3939 inimicorum
495 3898 640 3953 suoram,
668 3874 885 3959 persingulas
912 3894 1028 3937 menses
1050 3890 1187 3944 annonas

82 3962 259 4044 praecepit
276 3960 429 4043 accipere,
449 3982 544 4043 super
562 3957 797 4021 mansuetudine
810 3958 1011 4020 collaudatas.
1053 3955 1115 4017 hoc
1127 3977 1186 4017 aa.

84 4048 143 4105 tem
166 4054 204 4106 et
229 4046 267 4105 in
293 4045 393 4127 egenis
413 4042 566 4127 sacrilegis
588 4044 659 4125 egit.

161 4150 293 4217 Mundi
314 4170 396 4213 anno
408 4148 500 4228 60⁰1,
524 4149 647 4213 divinae
668 4145 890 4211 incarnationis
906 4165 987 4206 anno
1010 4143 1082 4222 501,
1102 4147 1315 4231 Ana-pesae

82 4236 189 4300 stasim
214 4238 402 4315 imperator
422 4232 605 4297 Flavianum
627 4232 855 4299 Antiochenam
877 4230 1060 4313 episcopam
1081 4229 1186 4309 coegit

186 4354 383 4429 Theophanes
406 4360 439 4413 11.
992 4350 1010 4403 ⁶
