3050 4900
564 322 618 392 lut
644 322 904 390 tutoresne
1211 316 1281 387 187

267 471 377 541 Mundi
399 495 481 539 anuo
496 472 588 555 6186,
611 475 734 539 divinae
758 473 979 539 incarnationis
999 496 1082 539 anuo
1103 472 1178 553 686,
1200 494 1283 535 anuo

185 581 262 622 vero
285 559 428 643 imperii
443 558 605 621 lastiniani
625 558 645 623 9
676 550 841 623 Callinicus
858 558 994 623 babetur
1016 556 1285 640 Constantinopp.

184 642 298 706 litauus
320 644 460 721 antistes,
482 642 536 727 qui
568 644 606 705 12
635 644 772 725 praefuit
793 644 880 705 aunis
904 643 1057 707 ecclesiae.
1108 642 1172 705 boc
1190 644 1285 704 etiam

186 748 271 789 anuo
294 727 427 790 delectio
450 735 495 789 est
514 726 585 789 solis
619 728 727 791 ellectu
749 726 830 789 bora
852 724 914 790 dici
935 727 1042 804 tertia,
1061 725 1106 788 ita
1128 734 1165 788 ut
1186 747 1284 809 quae-

185 808 258 871 dam
283 811 386 873 clarae
410 808 515 873 stellae
542 820 703 893 parerent.
757 818 791 874 et
816 812 990 873 exercitum
1020 811 1121 873 movit
1139 807 1286 871 Moamed

186 902 302 957 contra
323 893 506 957 Romaniam
527 892 641 955 habens
658 915 764 970 ¹secum
787 896 938 978 prologos
952 894 1077 957 Salaros
1100 900 1211 975 utpote
1232 914 1288 955 ex-

186 985 292 1061 pertas
314 976 500 1054 Romanius,
523 986 555 1038 et
577 979 689 1041 multos
719 976 808 1041 duxit
826 974 976 1061 captiuos.
1018 998 1120 1061 porro
1143 977 1288 1038 iustinia-

188 1082 246 1121 nus
269 1058 459 1144 diligentiam
478 1060 561 1122 circa
581 1060 689 1143 palatii
709 1060 824 1123 habeus
844 1063 969 1144 negotia
990 1060 1165 1123 construxit
1185 1060 1383 1147 tricli.¹‚,5⁶2

187 1144 286 1221 nium,
308 1144 394 1227 quod
414 1144 572 1207 lustiniaui
587 1156 731 1222 vocatur,
753 1146 978 1242 constituitque
998 1145 1191 1227 Stephanum
1208 1138 1288 1206 Per·

189 1248 265 1303 sam,
293 1228 491 1291 sacellarium
513 1248 603 1289 suum
630 1236 660 1291 et
685 1226 858 1309 spadonum
890 1250 1045 1311 primum,
1073 1229 1235 1305 dominum
1255 1236 1288 1289 et

190 1310 358 1387 arbitrum,
369 1310 457 1373 nimis
472 1308 665 1374 insidiantem
674 1311 815 1396 sanguini
831 1321 926 1395 atque
936 1313 1106 1389 crudelem,
1118 1311 1173 1395 qui
1183 1310 1289 1371 immi-

187 1388 395 1457 sericorditer
410 1394 579 1457 exteriores
597 1416 739 1479 quosque
751 1396 930 1475 verberare,
949 1397 1002 1458 sed
1018 1404 1050 1457 et
1063 1396 1090 1456 la
1116 1395 1203 1457 idere
1223 1403 1289 1455 tam

191 1478 276 1559 ipsos
297 1500 390 1561 quam
413 1476 528 1539 horum
558 1480 713 1561 praelatos
735 1480 901 1561 *lpeuitus
924 1500 988 1540 uon
1010 1418 1155 1541 cessabat.
1198 1498 1288 1538 cum-

191 1582 254 1645 quc
287 1561 463 1645 imperator
498 1562 632 1647 quadum
659 1562 710 1623 die
739 1564 900 1645 profectus
929 1562 1050 1640 fuisset,
1083 1561 1289 1644 praesumpsit

190 1644 319 1728 agrestis
343 1644 394 1707 illa
412 1644 509 1709 bestia
530 1653 562 1707 et
582 1654 714 1709 matrem
763 1669 803 1707 uo
828 1668 867 1707 ue
899 1646 994 1731 ipsius
1019 1645 1207 1708 Anastasiam
1226 1648 1289 1705 Au·

190 1734 315 1813 gustam
346 1726 473 1791 habenis
502 1751 591 1791 more
622 1729 713 1811 pueri
737 1668 903 1813 liegillare.
955 1730 986 1791 iu
1008 1728 1053 1793 bis
1075 1737 1179 1791 eutem
1202 1738 1235 1789 et
1258 1727 1289 1787 iu

192 1832 319 1873 omnem
347 1812 469 1874 civilem
497 1812 621 1895 copiam
651 1812 755 1875 moltis
789 1812 875 1874 malis
908 1814 1034 1876 ostensis
1060 1833 1186 1874 exosum
1216 1810 1291 1873 lecit

190 1894 312 1973 cunctis
335 1894 567 1977 imperatorem
610 1896 753 1959 similiter
773 1904 805 1958 et
825 1896 857 1957 iu
878 1895 1029 1979 generalis
1049 1894 1214 1977 logothesii
1236 1915 1291 1962 re-

191 1978 249 2039 bus
271 1978 435 2041 coustituit
454 1978 641 2041 monachum
666 1978 832 2064 quendam,
851 1979 1057 2043 Theodorum
1078 1978 1214 2056 nomine,
1235 1976 1290 2061 qui

189 2061 280 2159 prius
297 2061 448 2124 inclausus
470 2064 573 2124 luerat
595 2062 861 2127 iuThracensibus
874 2064 995 2147 angusti
1016 2064 1170 2146 partibus,
1190 2060 1244 2124 sed
1259 2071 1292 2123 et

190 2166 295 2241 ipsum
311 2146 519 2209 saevissimum
540 2157 573 2209 ct
596 2146 754 2211 crudelem
777 2146 908 2209 nimium
930 2147 1119 2223 existentem,
1141 2147 1197 2230 qui
1215 2146 1291 2227 plu-

192 2248 290 2290 rimos
317 2230 364 2290 rei
394 2229 538 2312 publicae
567 2231 725 2315 principes
760 2238 792 2293 et
813 2231 945 2293 illustres
966 2230 1061 2308 viros,
1083 2252 1148 2291 non
1168 2237 1291 2290 tautum

192 2329 230 2373 cx
260 2309 495 2375 ordinatoribus
518 2314 572 2375 sed
607 2336 641 2375 ex
673 2314 761 2376 urbis
790 2312 1041 2391 habitatoribus,
1069 2312 1187 2375 frustra
1207 2322 1239 2373 et
1259 2312 1291 2371 iu

191 2416 308 2458 vanum
329 2405 362 2458 et
383 2396 631 2460 inexcusabiliter
653 2399 826 2460 exactiones
847 2407 879 2460 et
899 2397 1074 2460 functiones
1097 2417 1134 2459 ex
1151 2394 1292 2479 proscri-

192 2479 307 2560 ptione
329 2478 485 2544 exsolvere
504 2481 617 2542 faciens
639 2481 828 2565 funibusque
845 2480 902 2543 hos
923 2481 1109 2562 suspendens
1129 2479 1292 2562 palearum

192 2565 281 2625 lumo
303 2561 467 2626 afficiebat.
521 2563 649 2648 insuper
676 2575 708 2627 et
727 2563 907 2648 praelectus
933 2562 1140 2646 imperatoria
1159 2561 1292 2645 iussione

196 2645 350 2729 plurimos
372 2647 460 2710 viros
480 2649 658 2710 carceribus
680 2648 807 2711 tradens
837 2668 897 2730 per
917 2645 1039 2730 aliquot
1060 2667 1155 2708 annos
1175 2643 1291 2708 servari
1300 2661 1389 2731 pm

192 2729 362 2792 mandavit.
403 2729 482 2793 haec
501 2733 610 2813 omniax
628 2753 768 2794 cresccre
784 2733 928 2794 fecerunt
948 2729 1055 2793 odium
1073 2721 1186 2813 populi
1207 2729 1292 2791 circa

193 2811 432 2895 imperatorem.
473 2826 639 2898 praeterea
662 2817 839 2900 imperator
860 2815 1001 2898 exigebat
1020 2837 1038 2876 a
1059 2813 1210 2879 Callinico
1230 2834 1290 2896 pa-

194 2895 334 2958 triarcba
358 2895 534 2960 orationem
560 2897 703 2979 faciendi,
726 2907 762 2960 ut
794 2899 969 2963 destrueret
989 2898 1147 2961 ecclesiam
1167 2907 1292 2960 sauctae

135 3050 141 3058 ‚
193 2979 247 3042 dci
276 2980 450 3064 genitricis,
480 3002 561 3064 quae
592 2984 812 3068 metropolitae
840 2983 1015 3059 dicebatur,
1035 2983 1120 3045 iuxta
1140 2981 1292 3064 palatium

194 3061 307 3144 sitam,
336 3064 444 3127 volens
475 3061 507 3126 iu
529 3065 600 3128 loco
630 3067 742 3130 sistere
769 3065 906 3148 phialam
933 3075 965 3128 et
995 3067 1081 3128 hasa
1109 3075 1293 3128 construere

195 3147 281 3228 vulgi
303 3147 514 3226 Venetorum,
536 3159 572 3212 ut
592 3151 655 3213 illic
676 3149 1120 3233 imperatoremsuscipermt.
1162 3157 1291 3210 atvero

195 3229 378 3312 patriarcba
401 3230 526 3295 dicebat
546 3235 742 3296 “orationem
772 3231 897 3317 quidem
917 3233 957 3294 ud
976 3231 1170 3296 statuendam
1191 3233 1292 3294 eccle·

194 3313 272 3375 siam
295 3313 453 3390 babemus,
480 3314 511 3378 in
533 3314 776 3380 destructionem
793 3337 870 3378 vero
900 3317 1047 3378 ecclesiae
1069 3335 1133 3377 nou
1153 3313 1292 3397 suscepi..
1377 3371 1384 3386 ,

194 3399 294 3459 mus.'’
351 3407 482 3484 cogente
511 3409 616 3463 autem
645 3423 715 3464 eum
735 3401 950 3482 imperatore,
969 3409 1002 3462 et
1023 3399 1207 3463 omnimodis
1225 3397 1293 3461 exi-

196 3490 290 3564 gente
312 3485 511 3561 orationem,
540 3483 617 3548 dixit
648 3483 828 3568 patriarcba
858 3478 981 3566 “gloria
1000 3481 1080 3564 deo,
1102 3483 1158 3568 qui
1178 3483 1293 3565 ingiter

195 3565 347 3628 sustineus
371 3566 507 3650 patitur,
537 3590 620 3630 nunc
641 3577 673 3630 et
691 3588 812 3648 semper
836 3577 868 3629 et
891 3567 1062 3631 insaecula
1086 3567 1293 3630 saeculorum.

197 3653 318 3712 amen.’'
360 3671 424 3735 quo
449 3648 554 3714 audito
577 3651 799 3716 destruxerunt
817 3650 977 3713 ecclesiam
991 3661 1024 3715 et
1042 3653 1184 3714 lecerunt
1200 3647 1293 3732 pbia.

199 3729 396 3879 {inf-mm
420 3731 611 3802 iamdictam
632 3734 790 3800 ecelesiam
803 3735 1025 3819 metropolitae
1044 3735 1188 3800 lecerunt
1208 3731 1293 3818 apud

228 3837 246 3880 c
261 3837 320 3878 rm.

236 4037 428 4114 ')praelatoel
446 4039 495 4112 qul
516 4042 555 4093 eis
590 4047 741 4112 praeerant.
784 4039 850 4093 binc
874 4039 1007 4111 praelatio
1029 4037 1194 4107 προστασία
1218 4035 1292 4106 apud

269 4111 399 4234 gains.
428 4111 508 4182 aptat.
537 4109 573 4165 ad
601 4111 803 4177 Antiochense,
832 4127 903 4184 quas
928 4111 957 4164 S.
984 4109 1090 4180 {gratio
1120 4107 1291 4164 adsutbttor.
