3050 4900
544 399 551 411 ’
630 389 776 454 Notae.
1180 381 1254 456 tte

168 557 352 620 calumniam
381 558 507 641 effugit,
528 569 637 621 narrat
665 561 817 644 Euagrius
844 553 930 621 libro
952 557 972 622 3
1002 559 1175 644 capitelli,
1198 563 1253 646 qui

164 641 327 704 Theodori
348 643 482 726 synopsi
502 642 607 728 quoad
628 644 750 728 reliqua
774 642 987 706 conferendus.

252 747 323 826 940,
342 748 372 810 5.
414 745 469 811 τὸν
486 747 615 833 ἐπίκλην
634 749 857 832 Λιτροβούλην
875 748 931 812 καὶ
941 747 1094 832 Κήλωνα]
1117 751 1157 815 oh
1179 773 1254 814 con·

166 853 261 914 grues
290 832 469 895 nominibus
503 834 566 896 istis
595 845 681 897 actus
705 842 853 896 vocatum
886 855 921 896 er
950 834 1121 899 Theodoro
1149 837 1257 898 scribit

166 916 380 997 Theophanes,
402 937 481 1000 quos
502 916 737 997 αἰσχρουργίας-
754 921 890 1001 imperor
913 933 944 981 et
962 920 1093 981 scelestos
1111 921 1257 1002 exprimit

165 999 360 1081 Nicephorus
384 997 436 1060 lib.
461 997 500 1062 16
520 1021 592 1081 cap.
615 998 665 1062 26.
706 1002 871 1083 praemissa
898 1003 1055 1064 vocabula
1072 1005 1150 1065 varii
1170 1003 1257 1066 varie

163 1084 282 1167 legunt.
323 1081 528 1165 Theophanes
559 1093 591 1144 et
612 1081 769 1148 cedrenus
798 1085 915 1168 ubique
935 1080 1156 1168 Λιτροβούλην
1177 1087 1256 1148 reti-

166 1176 255 1243 nent,
276 1165 470 1248 Nicepborus
484 1162 703 1250 Λαροβαύνην
725 1165 839 1247 reddit,
861 1169 1032 1230 Anastasius
1053 1170 1256 1252 Lytrobulem

164 1245 1254 1416 lttt,:¹.”‘.t⁰ltltt.¹t⁸tl‘hh‘ttt..l.⁰ltt.‘¹tttltllt‘

552 1377 562 1410 7
1132 1383 1140 1410 2
1237 1377 1253 1390 “

165 1416 290 1498 phora,
312 1413 473 1494 Cedtenm
492 1417 674 1496 Anastasio,
702 1417 893 1500 Theophane
921 1418 1057 1501 primam
1092 1418 1255 1482 lectionem

163 1499 382 1582 probantibus.
425 1500 563 1585 quamvis
587 1509 690 1562 autem
711 1499 842 1579 Κύλων,
864 1509 896 1564 et
916 1497 1124 1578 ξενελωμὲνος
1144 1523 1256 1566 recen-

163 1583 299 1646 tioribus
321 1584 449 1646 Graecia
478 1582 653 1667 appelletur
682 1584 859 1670 Cyaaadus:
889 1594 1084 1648 tamencum
1104 1581 1255 1664 Kritosvu,

160 1661 285 1746 θερμὸν
303 1663 349 1738 εἰς
369 1669 543 1729 συνουσίαν
567 1681 720 1750 potentem
740 1689 782 1731 ac
795 1667 962 1748 fervidum
983 1670 1017 1730 in
1040 1667 1189 1730 Venerem
1209 1669 1249 1728 si-

164 1749 291 1832 gnificet
323 1749 407 1832 apud
423 1749 578 1830 haidem,
597 1737 662 1812 eius
688 1751 781 1814 lectio
805 1775 821 1811 a
843 1751 986 1834 pluribus
1008 1751 1139 1834 probata
1161 1751 1254 1834 magis

163 1831 304 1909 arridet,
336 1842 368 1895 et
386 1831 514 1895 alterius
536 1835 680 1896 vocabuli
710 1835 796 1896 iuvat
825 1834 1058 1916 expositionem
1104 1856 1137 1896 cx
1163 1835 1253 1896 variis

161 1935 264 2000 porro
286 1915 351 1978 eius
374 1914 558 1983 lectionibus
581 1918 684 2000 placet
705 1940 786 2002 quae
801 1915 1046 2001 Λιτροβούλβην
1067 1919 1175 1994 refert,
1196 1939 1254 1980 ceu

161 2021 242 2097 quae
263 1995 308 2084 aqi
326 1994 458 2080 Κὴλωνε
475 2021 508 2062 se
530 1999 758 2079 accommodet,
780 2010 811 2063 ct
838 2022 915 2084 prae
938 1999 1003 2062 eliis
1023 2021 1143 2064 sensum
1168 2002 1254 2062 facil·
1295 2031 1297 2038 >

160 2078 268 2143 hmmn
285 2081 404 2145 offerat.
427 2079 572 2161 βονλβός,
593 2085 708 2145 Latinis
729 2083 839 2162 badius,
861 2085 1094 2146 uitMetthiolus
1123 2084 1153 2146 in
1173 2085 1253 2145 Dio.
1277 2137 1278 2142 ,

162 2165 292 2228 scoridis
313 2167 395 2229 tint
415 2187 483 2248 cap.
510 2164 588 2248 166,
618 2167 777 2229 veteribus
801 2167 861 2229 suit
883 2167 916 2228 in'
935 2169 1183 2252 frequentissimo
1206 2167 1253 2230 cis

150 2249 275 2310 ,honam
293 2271 366 2324 usu,
394 2250 440 2311 his
470 2251 653 2332 praesertim
685 2249 843 2330 admixtus,
866 2271 946 2334 quae
968 2252 1097 2314 Veneris
1122 2251 1254 2314 concili·

161 2332 260 2393 andae
280 2343 378 2414 gratia
402 2333 607 2415 parabantur,
628 2343 741 2416 utpote
762 2335 816 2417 qui
827 2335 981 2396 Venerem
996 2335 1142 2396 stimulet.
1161 2334 1253 2416 quod

159 2425 262 2477 autem
280 2417 318 2479 ad
334 2416 365 2479 id
386 2417 511 2499 expetiti
533 2427 565 2480 et
579 2418 916 2481 commendatifuerint
929 2415 1027 2494 bulbi,
1048 2419 1196 2479 Martialis
1217 2419 1247 2477 in

159 2501 265 2576 xeniis,
286 2512 318 2563 et
337 2500 577 2563 columne-10
599 2500 722 2564 docent.
765 2500 850 2585 quod
871 2494 978 2584 itaque
999 2502 1117 2578 βολβοῦ
1140 2501 1250 2579 λίτρας

159 2582 311 2645 helluonem
331 2586 425 2645 libres
442 2584 621 2647 excitandae
641 2584 758 2655 Veneri
791 2583 970 2646 comederet
988 2583 1178 2658 Timotheus,
1199 2583 1247 2644 vel
1360 2658 1364 2665 Ι

156 2666 258 2745 λιταῖς
276 2666 417 2747 βανλβεῦ
449 2667 600 2731 bellom
624 2668 818 2751 frequentius
839 2676 1050 2729 comestorum
1067 2688 1141 2729 eruo
1162 2668 1246 2729 lorct
1288 2712 1292 2723 .

157 2770 196 2812 ac
215 2751 348 2827 ΙοαιΙια,
374 2750 616 2830 Λαροβοὺλβαα
638 2773 751 2815 nomen
772 2752 877 2834 potuit
899 2750 1093 2833 promereri,
1116 2770 1152 2812 ac
1173 2750 1249 2813 sub.

158 2830 232 2894 inde
256 2830 373 2914 Κὴλων
393 2831 513 2913 θερμὸς
532 2834 578 2906 εἰς
599 2836 770 2897 συνουσίαν
784 2834 923 2897 eradere.

241 2941 324 3005 lom.
345 2940 373 3003 7.
396 2992 401 2997 .
426 2934 546 3014 εἰκόνας
567 2942 753 3025 κατέφερεν]
788 2944 1008 3027 episcoporum
1044 2942 1189 3026 imagines
1217 2942 1248 3001 in

155 3025 279 3105 templis
299 3024 478 3106 appendere
500 3046 590 3088 more
610 3036 771 3169 receptum
794 3027 853 3088 tisit
873 3024 956 3108 apud
978 3027 1137 3111 antiquos,
1150 3026 1248 3087 Βετο-

158 3108 286 3170 eiusad
309 3129 424 3171 aeuum
446 3108 556 3169 (1.511
582 3130 665 3169 num.
710 3157 718 3176 .
750 3110 880 3191 emigrata
911 3132 992 3194 quae
1012 3108 1174 3171 Theodori
1197 3108 1247 3169 in.

87 3208 95 3216 ·
157 3190 409 3335 :sparistamaddih
441 3191 550 3254 necin
571 3191 752 3273 Theodori,
775 3214 842 3293 ¹uec
872 3194 903 3255 in
934 3192 1132 3275 Theophanis
1161 3199 1246 3253 testu

243 3366 322 3436 ibid.
341 3372 372 3437 8.
410 3369 556 3457 Ἰωάννην
577 3375 612 3437 δὲ
633 3374 688 3437 τὸν
715 3373 968 3457 Ἀλεξανδρείας]
992 3374 1063 3435 huic
1083 3383 1119 3435 ut
1138 3372 1256 3434 Timo„

154 3457 231 3519 theo
252 3459 312 3520 GP.
336 3458 487 3521 Serenum
510 3457 752 3523 communicasse
773 3468 920 3523 testatam
938 3459 1066 3543 reliquit
1084 3457 1247 3534 Liberatus

155 3540 304 3603 breviarii
325 3563 394 3623 cap.
414 3539 464 3603 19.

237 3640 320 3706 lose.
342 3643 389 3704 11.
431 3639 486 3704 τὸν
510 3642 711 3705 Μακεδόνων
738 3641 875 3723 α’νριέας
908 3639 1067 3723 ἐξόρισεν]
1097 3640 1174 3703 haec
1207 3638 1246 3701 ab

157 3735 289 3787 auctore
313 3746 444 3787 ananam
458 3726 624 3808 periodum
645 3748 662 3787 a
682 3728 859 3809 Septembri
881 3726 1049 3788 inchoante
1070 3726 1109 3787 ad
1131 3744 1247 3785 annam

155 3810 306 3870 haustasii
327 3810 465 3893 primum
487 3818 520 3872 et
544 3810 723 3871 vicesimum
740 3811 807 3873 hasa
820 3820 957 3883 narrata,
979 3808 1017 3870 ed
1039 3804 1175 3870 eiusdem
1196 3806 1246 3867 vi-

155 3892 320 3969 cesimum,
345 3914 409 3977 qao
441 3894 634 3955 consulatum
657 3894 849 3956 Secundinus
880 3894 1015 3956 etTelir
1036 3889 1137 3952 adhuc
1158 3898 1246 3952 tene-

155 3973 242 4052 bant,
258 3976 457 4040 Marcellinus
471 3996 574 4039 comes
594 3978 742 4038 brevibus
761 3976 879 4039 dudum
900 3977 1075 4059 scripserat.
1119 3975 1246 4035 “Mace-
1304 4000 1306 4005 ·

151 4056 264 4120 docies
286 4063 440 4143 Augustae
472 4062 559 4123 urhis
578 4061 751 4142 episcopus,
781 4058 854 4123 lieet
878 4059 952 4121 olim
975 4056 1122 4119 Anastasii
1144 4058 1245 4140 impe-

151 4141 268 4203 ratoris
291 4141 369 4205 dolis
386 4144 577 4227 fallaciisque
602 4144 842 4221 circumventas,
869 4162 1040 4227 pravorum
1064 4140 1244 4205 testimoniis

150 4223 250 4287 eidem
270 4236 444 4304 accusatus,
474 4228 621 4311 quoniam
652 4237 774 4289 tomum
804 4238 984 4291 sauctorum
1008 4234 1133 4309 patrum
1158 4224 1242 4307 apud
