3050 4900
424 317 975 395 *namnetum-1
1075 348 1080 359 ·
1166 325 1236 400 stt

151 495 233 562 raslt
255 505 360 562 antem
374 495 483 565 diebus
504 497 643 581 triginta,
665 510 824 567 extensum
841 523 862 566 a
879 457 1066 571 mesemlsrla
1079 524 1177 588 usqne
1199 501 1241 572 all

149 589 292 655 arctum
313 591 380 644 erat
400 591 505 646 autem
527 583 558 646 in
579 581 706 647 modum
727 583 830 667 gladii.

231 708 324 766 Anno
356 705 479 806 imperii
497 705 632 768 Heraclii
656 705 697 770 94
731 705 958 770 Alexandrinus
974 710 1073 794 Cyrus
1095 719 1127 772 et
1147 707 1242 770 almus

149 789 346 872 Sophronias
368 789 665 874 Hierosolymitanus
686 790 845 860 habeatur
870 792 1031 854 antistites.
1074 813 1139 878 quo
1160 811 1243 854 anno

152 873 373 935 abubacharus
402 873 563 950 moritur,
586 875 640 958 qui
662 875 857 958 principatus
878 886 923 938 est
944 878 1032 938 annis
1052 875 1174 938 duobos
1194 885 1244 936 at.
1328 884 1332 893 '

152 976 214 1042 qne
237 955 376 1034 dimidio,
392 963 423 1018 et
443 957 537 1018 sumit
549 959 761 1042 principatum
780 959 943 1036 flamarus,
963 961 1016 1043 qul
1041 961 1174 1022 destinat
1191 979 1246 1022 ex-

151 1041 285 1103 ercitum
320 1041 465 1102 adversus
500 1043 667 1118 Arabiam,
688 1044 838 1126 capitque
864 1044 975 1113 Bostra
1001 1035 1163 1107 'civitatem
1184 1063 1246 1104 uns

151 1143 222 1184 cum
244 1123 309 1185 aliis
329 1123 517 1187 civitatibus.
575 1127 710 1208 profecti
736 1135 809 1186 sunt
841 1135 945 1188 antem
966 1146 1064 1212 usque
1088 1125 1244 1189 Gabatha.
1253 1148 1281 1203 p.
1293 1131 1345 1186 517

151 1229 222 1268 cum
254 1207 301 1270 bis
331 1207 448 1279 bellum
476 1227 631 1296 aggressus
664 1208 850 1272 Theodorus
882 1210 1080 1294 imperatoris
1111 1209 1246 1272 Heraclii

149 1291 251 1352 frater
287 1291 384 1354 victus
416 1301 481 1372 est,
512 1302 544 1355 et
564 1291 603 1354 ad
633 1291 857 1376 imperatorem
879 1293 1043 1356 fledessam
1059 1294 1156 1356 venit.
1200 1299 1248 1354 ast

150 1375 329 1458 imperator
359 1375 489 1437 ordinat
519 1375 615 1436 alium
643 1385 824 1458 praetorem
853 1379 980 1440 nomine
1011 1377 1190 1455 Bahanem,
1215 1383 1248 1438 et

149 1457 357 1522 Theodorum
377 1457 570 1521 sacellarium
590 1479 661 1520 cum
675 1461 793 1522 virtute
808 1460 946 1522 romaica
968 1461 1160 1522 etadsarsos
1170 1463 1248 1521 ara·

150 1541 205 1603 bea
226 1542 333 1604 mittit.
377 1561 511 1630 cumque
532 1543 664 1605 venisset
684 1543 825 1624 Emesam
846 1544 987 1608 occurrit
1010 1536 1249 1605 multitudoSa·

152 1645 354 1702 racenornm,
377 1625 488 1715 quihus
512 1627 618 1686 occisis
642 1649 704 1687 nna
725 1647 796 1689 cnm
820 1648 858 1688 eo
882 1627 936 1724 qui
957 1627 1195 1712 principabatur
1215 1625 1247 1686 ia

153 1709 205 1785 eis,
228 1709 365 1794 reliquos
387 1709 484 1794 abigit
507 1731 540 1770 us
566 1731 603 1770 ue
625 1711 821 1788 Damascum,
843 1719 875 1772 et
896 1710 960 1772 utto
980 1711 1063 1770 iuxta
1086 1710 1250 1772 Bardone-

152 1792 232 1853 sium
253 1791 383 1854 lluvium
404 1733 644 1856 latebmslovet.
687 1793 846 1855 Heraclius
867 1805 971 1856 notem
990 1794 1081 1878 Syria
1102 1792 1250 1855 derelicta

152 1875 184 1936 in
208 1875 456 1959 desperationem
488 1898 601 1954 ruens,
631 1875 755 1938 sublatis
782 1897 848 1960 quo
872 1899 912 1940 ue
933 1877 1078 1960 pretiosis
1101 1875 1190 1958 lignis
1209 1876 1250 1938 ab

152 1959 345 2022 Hierusalem
364 1959 667 2047 Constantinopolim
686 1961 773 2022 abiit.
815 1898 948 2022 Bsilianis
970 1969 1074 2022 autem
1095 1981 1113 2021 a
1136 1962 1251 2020 Dama·

151 2063 207 2105 sco
225 2041 399 2109 Hemesiam
421 2041 502 2106 redit
523 2066 583 2105 una
617 2042 879 2112 euml'l'heodoro
901 2044 1075 2127 sacellario,
1099 2063 1171 2104 oum
1192 2043 1251 2104 ba-

152 2125 245 2189 beret
267 2128 418 2192 exercitus
442 2125 648 2211 quadraginta
665 2127 748 2190 milia
765 2153 773 2201 ;
790 2135 822 2189 et
845 2128 1052 2214 insequuntur
1073 2127 1190 2189 Arabes
1212 2125 1251 2188 ab

154 2211 286 2274 llemesa
310 2231 410 2295 usque
430 2211 629 2274 Damascum.
1013 2236 1017 2244 ·

191 2400 199 2424 p
237 2332 329 2396 Anno
351 2353 429 2397 vero
459 2333 582 2420 imperii
605 2333 739 2397 Heraclii
772 2333 814 2396 95
843 2333 991 2397 Saraceni
1012 2333 1110 2395 aciem
1128 2331 1252 2396 direre-

154 2427 231 2479 runt
262 2419 293 2479 in
315 2417 606 2491 Arabimn¹⁸coatra
630 2415 735 2506 partes
757 2418 913 2496 Damasci,
935 2439 1007 2480 cum
1026 2426 1126 2480 essent
1145 2415 1253 2478 araiti-

154 2500 270 2563 tudinis
292 2502 440 2577 infinitae.
465 2525 528 2591 qsro
543 2502 679 2570 Bahanes
700 2510 865 2582 comperto
885 2498 926 2561 ad
942 2501 1136 2583 imperialem
1157 2500 1252 2561 sacel-

155 2584 269 2649 larium
291 2586 398 2665 mittit,
422 2592 458 2649 ut
480 2588 602 2651 veniret
624 2600 701 2657 'cnm
724 2585 864 2647 exercitu
884 2604 941 2645 sua
962 2584 996 2643 io
1017 2582 1163 2644 auxilium
1182 2583 1286 2667 sibip,
1297 2595 1350 2649 518

152 2688 226 2729 enm
249 2666 385 2753 plurima
405 2679 481 2738 esset
504 2668 768 2751 Arabumcopia.
811 2667 897 2729 venit
918 2686 995 2749 ergo
1013 2668 1189 2729 sacellarius
1211 2664 1251 2725 ad

151 2752 330 2825 Bahanem3
350 2751 405 2837 qui
434 2754 569 2837 proiecti
594 2755 634 2816 ab
655 2754 784 2815 Hemesa
812 2758 986 2811 occurrunt
1010 2750 1174 2811 Aralu'bus.
1219 2756 1252 2811 et

153 2832 285 2902 consilio
310 2834 394 2899 iacto
413 2838 516 2927 prima
538 2835 604 2915 die,
635 2852 715 2922 quae
736 2834 831 2897 tertia
851 2835 928 2895 feria
949 2832 1152 2897 hebdomadis
1171 2840 1250 2909 erat,

153 2920 265 2981 mensis
292 2920 350 2982 Loi
378 2918 428 2983 die
456 2920 599 2982 vicesima
620 2920 731 2996 tertia,
756 2924 948 2999 superantur
965 2916 999 2977 hl
1020 2918 1074 3001 qni
1094 2917 1179 2979 circa
1200 2938 1252 2977 sa.

154 3001 314 3063 cellarium
347 3010 420 3069 sunt
452 3002 580 3073 inventi.
632 3004 786 3065 simultate
806 3011 912 3063 autem
931 3001 1024 3079 lacta,
1044 3000 1076 3061 lai
1101 3000 1252 3084 quicum

152 3082 279 3148 Bahane
300 3096 392 3149 erant
409 3086 569 3153 Bahannm
583 3088 765 3171 provehunt
783 3086 1007 3167 imperatorem
1030 3090 1062 3145 et
1073 3082 1252 3146 Heraclium

155 3178 317 3255 rmpnum.
370 3178 447 3235 tnnc
477 3170 509 3233 hi
531 3171 679 3254 quicum
708 3168 870 3232 sacellario
893 3168 1019 3229 fuerant
1040 3166 1252 3243 discesserant,

154 3262 187 3315 et
207 3252 354 3315 Saraceni
384 3252 471 3317 aditu
491 3264 619 3337 reperto
641 3252 759 3317 bellum
782 3253 904 3315 ineunt.
954 3250 1038 3312 inter
1056 3249 1135 3311 liaeo
1156 3256 1252 3309 vente

154 3344 233 3397 noto
256 3339 534 3401 contrnRomanos
560 3338 707 3422 spirante,
728 3355 793 3397 non
814 3334 949 3396 valentes
971 3332 1104 3394 inimicis
1123 3332 1254 3393 insacia

130 3440 329 3483 ‚occurrere
357 3430 492 3504 propter
514 3424 686 3506 pulvorem,
705 3428 902 3503 separantur,
924 3424 957 3479 et
975 3424 1071 3479 semet
1089 3416 1172 3498 ipsos
1194 3416 1255 3476 im.

153 3502 313 3567 mittentes
334 3502 366 3565 io
390 3512 471 3571 artas
490 3504 553 3567 aias
565 3504 783 3567 Hiermnchthi
803 3500 938 3563 ssumiois
952 3498 1015 3562 illic
1035 3502 1158 3582 penitas
1180 3519 1256 3581 per·

154 3587 275 3653 ierunt.
326 3596 418 3650 erant
438 3598 542 3651 autem
566 3588 728 3671 utriusque
748 3584 906 3669 praetoris
931 3584 1018 3645 milla
1039 3583 1254 3667 quadraginta.

153 3678 233 3731 tunc
256 3670 404 3733 Saraceni
419 3672 580 3755 splendide
600 3670 830 3753 triumphantes
858 3678 970 3731 eontra
990 3669 1176 3729 Damascum
1198 3684 1254 3725 ve-

156 3752 270 3831 niunt,
305 3765 338 3817 et
366 3752 447 3817 hanc
480 3756 609 3839 capiunt
634 3764 666 3818 et
687 3756 828 3836 regiones
847 3750 1035 3824 Phoenicis,
1058 3758 1090 3812 et
1111 3748 1255 3809 habitant

157 3834 232 3913 illic,
257 3846 290 3899 et
309 3836 341 3899 in
362 3840 537 3923 Aegyptum
559 3840 656 3902 aciem
678 3836 828 3921 dirigunt.
870 3836 970 3919 Cyrus
993 3841 1098 3895 autern
1119 3832 1255 3892 Alexan-

157 3916 267 3981 drinus
288 3922 467 4004 episcopus,
489 3944 559 3985 cum
581 3922 696 3985 horum
718 3922 869 4003 impetum
889 3916 1101 4000 cognovisset,
1123 3934 1255 3997 operam

158 4000 254 4077 dedit,
277 4015 309 4067 et
329 4005 428 4087 pactis
453 4006 583 4079 lirmatis
603 4006 789 4089 pollicetur,
809 4004 921 4064 timens
950 3998 1255 4077 avarissimorum,

159 4082 295 4149 ducenta
318 4086 401 4151 milia
414 4086 615 4151 denariorum
638 4110 696 4171 per
715 4087 852 4169 singulos
874 4106 970 4147 annos
990 4080 1175 4144 collaturam
1197 4081 1255 4141 illis

159 4172 356 4255 Aegyptum,
383 4170 438 4239 aad
466 4182 499 4241 et
531 4172 732 4240 diffinitarum
759 4169 802 4237 eis
833 4166 1027 4234 indutiarum
1053 4166 1123 4231 fore
1143 4184 1254 4231 aurum
