3050 4900
252 324 347 395 '208
437 324 647 393 subsalsa
676 322 871 391 uls‘rouls
901 321 1206 389 scansusrrcn

274 496 410 583 igniferis
440 496 625 560 constructis
657 495 688 557 iu
721 496 887 558 dromones
917 502 1012 578 atque
1044 493 1144 556 dieras
1164 492 1222 555 bos
1243 494 1362 557 immit-

274 592 340 645 lens
363 591 474 645 contra
497 581 571 642 duas
591 580 695 641 classes
718 578 838 645 direxit.
880 576 941 639 deo
967 586 1070 639 nutem
1090 587 1283 659 cooperante
1303 601 1364 662 per

274 666 522 728 intercessionem
557 664 759 725 intemeratae
793 661 845 724 dei
878 662 1037 744 genitricis
1066 662 1211 743 protinus
1232 662 1364 724 demersi

273 759 345 811 sunt
365 747 498 827 inimici,
531 755 563 808 et
588 746 747 827 assumptis
777 743 883 828 spoliis
904 753 937 804 et
962 746 1098 827 expensis
1129 764 1240 805 eornm
1263 748 1364 808 nostri

274 854 346 893 cum
367 832 480 913 gaudio
501 838 533 891 el
556 827 719 911 triumpho
739 828 857 891 reversi
875 835 957 888 sunt.
1001 827 1103 889 adhuc
1117 838 1220 891 autem
1234 831 1362 890 Morda-

273 937 326 975 san
348 914 462 977 iterum
482 936 500 974 a
520 913 622 999 portis
641 934 715 973 cum
736 912 874 974 exercitu
895 912 1033 973 Arabum
1054 931 1152 995 usque
1172 910 1363 976 adllicaeam

274 1008 308 1061 et
330 994 541 1060 Nicomediam
562 996 774 1073 discurrente,
792 994 951 1078 principes
974 994 1073 1076 regni,
1096 996 1150 1077 qui
1172 995 1205 1055 in
1227 996 1307 1058 Libo
1331 1004 1364 1057 et

274 1080 424 1165 Soplaone
445 1100 535 1143 more
555 1078 783 1141 Mandaiturum
803 1076 975 1141 absconditi
995 1087 1095 1154 erant,
1113 1079 1204 1139 simul
1226 1089 1258 1140 et
1270 1080 1364 1161 pedi.

275 1172 330 1243 tes,
352 1166 384 1225 in
407 1165 462 1226 hos
481 1162 571 1225 simul
592 1163 745 1225 irruentes
760 1172 794 1225 et
807 1162 934 1223 diversis
955 1160 1071 1226 damnis
1093 1161 1255 1223 allicientes
1280 1163 1364 1224 illinc

180 1251 384 1333 portingere
406 1245 637 1329 compulerunt,
656 1254 688 1309 et
709 1244 748 1307 de
767 1254 875 1307 cetero
896 1243 1020 1305 modico
1037 1241 1175 1307 meabilis
1194 1246 1267 1307 freti
1279 1246 1367 1307 aditu

277 1333 403 1393 invento
424 1330 464 1392 ab
493 1330 571 1391 orbe
602 1329 761 1391 chelandia
780 1329 923 1390 exeuntia
941 1326 1090 1409 plurimas
1111 1348 1255 1409 expensas
1282 1332 1365 1390 lere.

230 1483 233 1491 ,
276 1416 361 1475 bunt.
403 1413 544 1476 similiter
564 1422 668 1475 autem
689 1422 721 1475 et
742 1412 931 1494 piscatoriae
953 1412 1120 1488 naviculae,
1139 1412 1254 1473 tamin
1277 1414 1363 1473 insu·-

277 1500 311 1559 lis
333 1518 426 1583 quam
450 1498 481 1559 in
498 1496 572 1559 locis
594 1498 715 1559 circum
728 1516 836 1557 muros
846 1493 979 1556 civitatis
997 1496 1115 1577 pusilis,
1135 1513 1247 1578 capere
1267 1497 1364 1577 pisces

275 1602 339 1643 non
362 1581 625 1663 prohibebantur.
668 1589 834 1662 praeterea
854 1578 935 1639 fame
958 1600 1067 1659 inagna
1089 1580 1244 1651 Arabibos
1261 1580 1364 1641 innisa

275 1666 381 1726 omnia
398 1663 632 1737 moriebantur,
654 1674 688 1724 et
716 1662 860 1724 animalia
882 1684 938 1723 sua
961 1662 1296 1745 comodebant,·equos
1317 1664 1365 1723 vi.

275 1749 390 1809 delicet
408 1748 510 1807 asinos
528 1757 561 1809 et
581 1747 722 1807 camelos.
764 1746 853 1807 aiunt
873 1754 977 1805 autern
998 1745 1122 1827 quidam
1143 1746 1227 1827 quod
1251 1754 1284 1806 et
1303 1746 1366 1806 bo.

277 1832 374 1892 mines
395 1840 557 1902 mortuos,
586 1828 660 1913 quin
689 1838 722 1889 et
749 1837 868 1890 stereus
894 1831 1037 1889 suumin
1063 1828 1221 1891 clibanum
1241 1831 1366 1891 missum

279 1926 374 1997 utque
394 1932 595 1996 conspersum
618 1914 758 1975 ederent.
803 1912 1061 1973 incubuitantem
1082 1911 1196 1973 in-bos
1215 1922 1247 1974 et
1268 1915 1365 1994 pesti..

280 2000 343 2057 leus
361 1999 504 2079 languor,
524 2005 558 2057 et
578 1995 818 2058 innumerabiles
835 2016 871 2057 ex
890 1996 933 2056 eis
954 1996 1126 2077 perierunt.
1167 2014 1269 2077 porro
1292 2016 1367 2057 coa·

281 2081 421 2142 servavit
443 2080 473 2139 in
496 2100 548 2141 eos
561 2081 675 2141 bellum
695 2079 788 2141 etiarn
803 2079 976 2161 Vulgarum
996 2100 1079 2161 gens,
1093 2090 1125 2141 et
1143 2089 1179 2138 ut
1199 2080 1287 2141 salunt
1310 2079 1366 2161 qni

279 2164 342 2225 hoc
363 2162 477 2225 certius
501 2170 636 2240 norunt,
665 2162 775 2244 viginti
804 2158 868 2223 duo
899 2162 984 2223 milia
1004 2183 1040 2223 er
1062 2163 1216 2225 Arabilsns
1237 2164 1367 2225 occide-

281 2240 419 2325 runt,'et
446 2248 543 2307 multa
570 2256 715 2328 tempore
750 2245 804 2307 illo
834 2246 876 2307 eis
896 2245 1245 2324 accidernotalrocia,
1265 2250 1308 2309 ita
1331 2254 1368 2305 nt

279 2329 490 2413 experimento
511 2328 665 2392 discerent
687 2329 760 2413 quio
783 2329 856 2391 dens
879 2338 912 2391 et
934 2326 1120 2390 sanctissima
1142 2331 1231 2411 virgo
1253 2329 1368 2413 deique

277 2424 378 2478 mater
400 2412 480 2476 hano
502 2414 648 2478 muniunt
667 2414 778 2476 urbem
798 2422 831 2475 et
858 2410 1108 2476 Christianorum
1129 2412 1365 2496 imperatorem,

278 2507 310 2562 et
333 2518 395 2560 uon
419 2508 465 2560 est
498 2497 686 2560 omnimoda·
699 2497 833 2558 dimissio
854 2495 905 2558 dei
934 2498 966 2557 iu
985 2495 1033 2558 his
1053 2497 1109 2580 qui
1130 2499 1274 2560 invocant
1293 2519 1367 2560 oum

277 2583 309 2643 in
331 2582 473 2658 veritate,
495 2581 568 2644 licet
589 2581 630 2643 ad
650 2579 809 2643 modicum
831 2579 908 2665 quid
928 2581 1113 2663 castigemur
1133 2588 1270 2664 propter
1289 2601 1368 2664 pec-

277 2674 346 2729 cata
368 2671 486 2726 nostru.

360 2763 471 2825 Mundi
492 2783 573 2823 anno
589 2760 683 2840 6910,
706 2759 828 2825 divinae
846 2763 1067 2825 iucarnationis
1090 2783 1171 2824 anno
1192 2761 1264 2841 710,
1282 2782 1367 2826 anno

279 2867 355 2908 vero
375 2845 498 2928 imperii
533 2845 643 2908 Leonis
663 2844 819 2924 secundo,
840 2845 900 2907 dur
924 2847 1061 2908 Arabum
1078 2847 1215 2909 habetur
1235 2848 1365 2923 Humor,

280 2931 334 3013 qni
356 2929 397 2990 cis
420 2929 541 2990 dnobus
562 2929 700 3011 praefuit
724 2931 818 2990 annis.
861 2928 971 2992 eodem
993 2951 1120 3015 quoqne
1139 2953 1219 2992 anno
1241 2931 1367 3014 Sergius

182 3039 207 3094 ρ.
218 3019 271 3077 ou
281 3010 551 3095 protospatharius
578 3021 610 3074 et
644 3021 776 3094 praetor
797 3013 937 3090 Siciliae,
969 3015 1078 3076 audito
1110 3013 1196 3098 quod
1222 3015 1368 3077 Saraceni

280 3095 458 3159 obsiderent
477 3095 596 3178 regiam
616 3098 744 3174 urbem,
775 3098 940 3159 coronavit
962 3097 1025 3158 illic
1043 3099 1209 3180 proprium
1231 3099 1272 3160 im
1297 3119 1371 3160 era-

278 3189 380 3241 torem
401 3179 503 3242 virum
513 3181 902 3261 constantinopolitanum,
920 3202 957 3242 er
979 3181 1155 3244 hominibus
1176 3182 1249 3261 sois,
1271 3120 1370 3242 dlium

279 3263 426 3347 Gregorii
450 3263 657 3346 Onomaguli,
691 3264 854 3328 Tiberium
887 3275 1006 3326 mutato
1039 3265 1165 3327 nomine
1182 3267 1369 3342 vocitatum,

304 3349 336 3408 ui
367 3349 442 3410 fecit
470 3347 687 3428 promotiones
719 3358 752 3410 et
785 3369 855 3410 suos
884 3349 1041 3434 principes
1060 3349 1217 3432 praedicti
1237 3349 1368 3410 consilio

278 3369 387 3513 derigit.
443 3439 489 3491 ast
516 3430 690 3514 imperator
719 3430 765 3493 uis
799 3432 1018 3495 auditismisit
1037 3433 1167 3494 Paolum
1200 3432 1370 3514 proprium

278 3535 367 3574 suum
390 3512 626 3593 chartularium,
647 3516 729 3576 hunc
749 3515 917 3596 patricium
940 3515 1119 3577 ordinatum
1139 3525 1172 3578 et
1187 3524 1370 3598 praetorem

278 3595 411 3673 Siciliae,
433 3597 511 3660 datis
546 3597 576 3656 in
599 3597 745 3659 auxilium
776 3599 805 3659 ei
830 3600 992 3681 spathariis
1022 3601 1144 3662 duobus
1164 3608 1196 3661 et
1218 3602 1250 3660 in
1272 3599 1369 3661 servi·

278 3682 356 3742 tium
379 3681 443 3742 eins
464 3682 627 3764 perpaucis
661 3681 856 3760 homiuibus,
878 3685 1125 3766 iussionibusque
1153 3683 1191 3744 ad
1212 3683 1370 3782 principes

278 3763 477 3841 Occidentis,
504 3775 537 3826 et
564 3783 650 3826 sacra
679 3767 799 3846 populo
822 3768 989 3828 recitanda.
1033 3767 1087 3850 qui
1106 3782 1177 3827 oum
1200 3770 1370 3828 nocturn.

277 3847 372 3929 gressi
393 3845 569 3909 fuissentin
590 3847 776 3909 dromonem
795 3848 945 3925 velocem,
965 3851 1106 3912 exierunt
1127 3851 1159 3910 in
1180 3859 1284 3932 partes
1303 3849 1368 3932 cy.

277 3931 347 3992 sici.
391 3954 408 3998 a
433 3933 504 3993 loco
526 3942 630 3992 aulem
651 3931 689 3991 ad
721 3933 825 3994 locum
852 3954 913 4016 per
934 3944 1052 3995 terram
1073 3954 1192 4018 perque
1213 3955 1299 3994 mare
1318 3933 1371 3994 isi.

278 4035 353 4074 ncre
375 4015 457 4076 sacto
481 4023 610 4095 repente
634 4015 665 4075 in
689 4015 826 4078 Siciliam
852 4027 1074 4098 pervenerunt.
1118 4038 1253 4100 cumque
1272 4015 1369 4100 Syra-

277 4117 380 4156 cusam
404 4097 602 4176 introissent,
631 4097 751 4161 audivit
780 4099 904 4182 Sergius
933 4111 965 4163 et
987 4102 1158 4181 obstupuit,
1182 4109 1214 4160 et
1234 4100 1371 4181 proprio

277 4200 397 4243 excessu
420 4203 574 4265 perpenso
598 4183 739 4265 conlegit
771 4185 811 4247 ad
833 4189 1030 4269 propinquos
1047 4183 1217 4272 ¹Calabriae
1241 4185 1370 4264 Longo-
