3050 4900
444 417 583 482 NOTAE
612 418 899 487 rosmmoaus.
1145 413 1216 488 593

128 581 256 646 cnoriiai
276 583 361 663 iilio,
383 586 624 668 imperatoribus
645 589 825 664 Anastasio,
850 595 883 651 et
903 587 1034 650 iustine.
1073 609 1219 654 successo·

127 689 191 728 rem
211 667 290 730 dans
310 669 508 732 Belisscriran
527 671 667 754 Hypatio
698 673 866 734 Secundini
887 675 1012 756 patricii
1021 673 1108 756 filio.
1146 673 1218 756 Ἑρ..

128 752 259 832 μογὲνης
276 747 294 810 o‘
312 747 484 832 μᾶγιστρος
506 749 659 834 osaiae.
680 755 754 837 ch.
775 775 837 816 vox
857 757 966 818 omissa
988 759 1149 820 notatione
1169 761 1219 820 di.

128 854 199 915 gara,
222 842 258 894 ut
277 833 373 897 homo
396 837 511 921 Scytha
530 837 573 899 itu
594 838 713 920 sapiens
736 837 842 900 fuerit.

213 944 284 1030 274,
309 949 358 1014 13.
406 947 533 1035 εἰρήνης
560 953 606 1040 τῷ
621 952 758 1040 Ἴουλον]
778 955 856 1038 Reg.

212 1057 284 1137 275,
304 1057 334 1122 3.
388 1056 448 1121 circi
478 1057 629 1123 τάλαντον
657 1055 842 1142 τελούντων]
871 1083 941 1124 cum
970 1065 1090 1145 singula
1109 1064 1221 1124 talenta

128 1142 281 1224 Romanis,
300 1165 338 1204 nc
357 1145 463 1204 Persis
479 1145 653 1226 penderant.
706 1145 874 1207 obscurior
894 1147 1058 1228 interpres,
1079 1169 1116 1208 ac
1135 1151 1221 1206 reiut

130 1247 228 1286 unum
248 1227 391 1309 utrisque
402 1226 594 1309 penderetur
608 1228 772 1308 talentum,
794 1229 880 1314 quod
897 1230 1138 1312 et'I’hcophaais
1161 1231 1221 1291 toti

128 1309 299 1372 sententiae
328 1310 529 1391 adversatur,
551 1321 585 1374 et
615 1311 650 1374 iis
684 1333 765 1395 qnae
786 1312 884 1374 tradit
904 1311 1078 1397 Procopius
1101 1315 1120 1374 Ι.
1145 1315 1158 1374 1
1183 1315 1222 1374 de

129 1392 214 1456 bello
236 1392 373 1455 Persico.

214 1497 288 1581 276,
311 1499 361 1562 1⁰.
409 1496 466 1563 sai
495 1499 650 1584 φοβηθεὶς
682 1499 881 1580 interranea,
909 1503 966 1564 aei
991 1500 1159 1582 ἀπέθανεν]
1178 1503 1223 1562 sic

129 1582 214 1646 edita
234 1605 270 1645 er
290 1585 399 1667 Regio,
420 1606 456 1646 ex
477 1607 542 1668 quo
573 1593 606 1647 et
625 1586 823 1654 emendatum
851 1587 882 1648 ia
903 1609 1001 1670 marg.
1023 1589 1054 1646 in
1076 1587 1168 1668 Peyr.
1190 1597 1222 1648 at
1339 1647 1342 1654 Δ

129 1667 222 1748 piane
242 1668 362 1730 vitiose.
405 1691 499 1752 quam
521 1668 604 1732 enim
622 1668 841 1749 haechahent,
863 1672 968 1731 timore
988 1684 1137 1752 correptum
1157 1691 1223 1730 cre-

127 1749 217 1828 didit,
238 1765 268 1811 et
294 1753 427 1812 interiit?
478 1774 552 1814 num
582 1753 664 1815 cuim
693 1753 769 1814 fides
799 1753 843 1816 sic
871 1755 1027 1835 gignitur,
1059 1759 1113 1814 ant
1140 1753 1223 1834 parit

128 1837 284 1896 mortem?
304 1836 395 1896 Bari).
416 1833 578 1913 ἕπτ’πισεν,
601 1835 690 1919 quod
702 1845 790 1914 esset,
812 1837 871 1897 ievi
885 1839 970 1898 volut
989 1837 1128 1898 aviculae
1148 1837 1223 1897 sab·

130 1917 194 1978 into
215 1918 373 2002 ciamare,
402 1919 524 2002 pipiens
545 1921 660 1980 timore
688 1928 832 1982 mortuus
854 1931 908 1982 cst.
951 1921 994 1980 sic
1016 1919 1098 1980 enim
1118 1921 1223 1980 subito

129 2001 198 2084 quis
218 2003 357 2084 graviori
383 2012 468 2064 metu
495 2003 670 2084 perculsus,
693 2006 772 2066 voce
799 2005 930 2066 tremata
953 2003 1092 2064 saucibus
1113 2025 1225 2062 erum·-

129 2095 240 2168 peatc,
258 2087 392 2146 unimam
421 2095 500 2168 agat.
522 2087 615 2170 Peyr.
647 2083 800 2168 iainque,
828 2089 935 2170 sicque
962 2085 1157 2148 emendatum
1190 2087 1221 2145 in

127 2169 199 2230 Bar.
221 2169 331 2252 utique
351 2189 387 2230 ex
408 2169 498 2234 Vart.
550 2168 628 2252 quid
655 2170 681 2232 si
707 2167 868 2249 ἑνιίνινησε,
895 2171 1019 2250 cecidit,
1039 2180 1071 2230 et
1094 2181 1224 2230 retortum

130 2257 199 2313 est?
239 2253 317 2314 nihii
343 2251 543 2332 familiarius,
565 2275 661 2336 quam
689 2262 725 2313 ut
743 2263 830 2314 metu
852 2273 1005 2316 corruens
1028 2252 1096 2336 quis
1117 2253 1222 2314 subito

130 2335 297 2398 moriatur.
319 2357 377 2399 nec
399 2335 483 2397 aliud
506 2343 584 2418 puto
607 2337 740 2396 voluisse
759 2334 943 2418 Theophan.

213 2442 284 2523 977,
306 2443 336 2507 9.
378 2442 532 2519 δέξασθαι
553 2438 683 2525 αὐτούς]
706 2444 782 2525 neg.

211 2552 283 2630 978,
301 2550 332 2615 8.
374 2547 524 2629 saepserat*
543 2550 765 2633 dqpoxpcrricr]
787 2550 952 2633 populares
967 2548 1083 2633 ubique
1105 2550 1221 2611 tumui-

131 2644 195 2713 tus,
232 2636 418 2698 factionibus
453 2634 538 2697 reiut
569 2656 675 2695 rernm
708 2634 921 2717 potientibus,
948 2654 1081 2717 quarum
1103 2656 1220 2695 summa

128 2720 253 2782 licentia
277 2719 336 2781 fuit
357 2720 548 2803 imperatore
571 2718 750 2780 iustiniano.

211 2827 294 2890 ibid.
320 2828 369 2889 11.
412 2820 750 2905 aaremvogpaascac
771 2820 873 2907 τ’χοὶρη
892 2824 977 2901 λιόν]
1003 2823 1099 2887 Barh.
1127 2824 1221 2908 Peyr.

129 2920 190 2975 cic.
209 2911 331 2994 gavisura
348 2926 391 2973 ert
404 2912 503 3000 ,valde
522 2932 588 2971 οιτον
613 2910 783 2993 rescipiens.

208 3026 281 3103 279,
291 3026 323 3089 8.
344 3020 390 3107 μὴ
411 3028 505 3089 πλέον
520 3022 691 3107 εὐτυχήσῃ]
710 3046 749 3085 ne
756 3024 903 3103 foelicius
913 3024 961 3085 illi
981 3024 1087 3103 cedam
1109 3046 1220 3108 nempe

126 3108 313 3195 calopodio,
334 3110 422 3173 cuius
443 3110 608 3173 occasione
628 3120 702 3170 nata
722 3108 844 3171 seditio.

180 3217 288 3290 'ihm
315 3224 364 3287 19.
414 3222 578 3287 ddaaoaim'
595 3224 649 3306 με]
672 3224 717 3287 sic
734 3244 842 3286 omnes
863 3224 942 3285 bone
976 3220 1066 3286 codd.
1089 3230 1217 3303 excepto
1336 3254 1341 3267 ·

125 3310 199 3393 lieg.
220 3310 297 3388 μεθ’
316 3300 399 3371 ὅλων
420 3308 614 3388 Morigerae
631 3309 724 3371 Barb.
746 3309 786 3370 sit
807 3306 934 3388 deipara
955 3306 1218 3367 comitiaaichaeis

126 3394 269 3455 omnibns
291 3402 438 3491 tanquam
468 3414 500 3454 se
530 3392 587 3453 iiiis
619 3392 740 3453 Prasiai
780 3398 958 3467 accenseat,
989 3390 1105 3475 alioqui
1133 3390 1216 3451 nulia

128 3488 205 3541 esset
226 3488 393 3555 execratio,
416 3499 433 3538 a
456 3498 518 3560 qua
540 3475 710 3537 Mandator
731 3474 884 3537 deterret.

208 3600 279 3681 280,
303 3599 354 3663 11).
397 3592 441 3673 ὥς
462 3599 623 3662 ἐκέλευσεν
642 3588 768 3674 ἄντλος]
790 3612 822 3660 ut
841 3598 925 3659 arsit
945 3598 1051 3673 endas,
1073 3598 1106 3657 ia
1127 3616 1217 3657 uorem

124 3686 268 3769 baptizor.
310 3686 354 3747 sic
376 3694 408 3748 et
428 3686 618 3746 Alemanni
638 3682 756 3766 ubique
777 3702 961 3743 sarcasmum
985 3700 1137 3741 sarcasmo
1163 3702 1215 3739 er.

124 3769 252 3851 cipiant.
272 3768 424 3832 Baccard.
446 3776 479 3830 et
497 3768 533 3828 P.
556 3768 645 3827 Goar
665 3773 867 3849 acceperunt,
902 3784 938 3825 ac
962 3765 984 3823 si
1010 3774 1085 3823 esset
1107 3754 1215 3822 ἇντλο·

124 3854 223 3928 kauri,
242 3854 347 3927 fitadc
365 3873 486 3935 aquam.
528 3848 613 3910 eliud
642 3850 749 3910 {nisum
771 3850 885 3930 anagis;
911 3849 1093 3928 pracsertim
1112 3846 1137 3907 si
1157 3866 1215 3902 vo.

124 3956 192 3997 cem
216 3924 332 4007 ἄντλος
352 3937 434 3997 idem
446 3956 509 3996 esse
530 3933 666 3993 dicamas
681 3942 774 4017 atque
789 3928 899 3992 ἀντλία
920 3932 965 3989 voi
988 3918 1109 4003 irater,
1129 3928 1215 4009 qaod

124 4026 170 4081 est
190 4022 325 4093 sentina,
346 4034 472 4093 aaran,
501 4016 623 4079 Plauto.
654 4018 698 4076 sic
728 4036 805 4077 vero
833 4014 984 4093 occepisse
1017 4032 1214 4093 praeconem,

124 4122 316 4185 gravemque
342 4123 381 4163 eo
413 4102 511 4164 verbo
538 4100 683 4161 iniuriam
715 4100 772 4159 sibi
805 4100 981 4179 irrogatam·
1005 4097 1138 4169 sensisse,
1160 4116 1215 4157 seu

122 4187 219 4270 magis
240 4186 426 4267 imperatori
449 4206 541 4268 quem
565 4184 730 4258 referebat,
754 4182 872 4243 indicat
887 4182 950 4240 irae
969 4178 1061 4261 plena
1082 4198 1215 4259 respon.

123 4270 181 4348 sio,
205 4290 242 4331 ac
263 4290 324 4351 qua
346 4269 482 4351 primum
503 4267 713 4331 comminatur
728 4284 862 4351 poenam
872 4262 991 4347 capitis,
1013 4282 1084 4323 cam
1107 4260 1213 4325 hacte-

233 4390 412 4463 Πιτορλοοοτ
431 4392 468 4446 11.
981 4382 1017 4439 18
