3050 4900
84 387 88 394 .
278 335 346 406 106
437 339 646 406 ANASTASH
678 340 873 404 ursanum
901 338 1208 410 fflCd-ESlASTth

273 511 356 593 gerit
376 513 587 593 opicapntnm.
639 530 702 593 quo
732 529 814 578 anno
834 519 978 572 mortuus
1000 518 1046 572 cst
1066 509 1248 572 Timotheus
1272 531 1362 570 crar-

274 594 349 656 chus
369 593 630 658 monasteriorum
652 603 684 655 et
696 593 888 676 hegumenus
905 591 1240 666 mormsteriiDalmati‚
1260 603 1294 654 et
1314 593 1363 654 sa-

273 687 341 740 ctus
365 685 410 740 cst
428 699 489 760 pro
511 698 549 740 co
570 675 742 755 Anthimus,
773 677 924 738 inclausus
945 675 1080 738 ciusdem
1103 675 1290 738 monasterii.
1330 685 1363 740 et

273 761 422 844 apparuit
443 761 519 846 ignis
542 761 694 840 incaelo,
716 762 803 844 quasi
826 761 941 844 spacia
960 759 1095 836 laoocac,
1112 783 1131 822 a
1149 760 1363 842 septentrione

274 866 372 929 usqua
390 843 430 906 ad
449 843 656 908 occidmrtcm.

354 951 463 1015 Mundi
484 973 566 1015 anuo
587 951 688 1030 6050,
719 951 842 1014 diuinae
862 952 1084 1016 incarnationis
1105 973 1188 1012 anno
1210 951 1281 1030 550,
1300 957 1363 1016 tri.

273 1037 386 1100 ccsirno
405 1037 508 1118 primo
539 1037 661 1119 imperii
692 1036 852 1098 iustiniani
882 1057 983 1111 anno,
1003 1036 1102 1098 sactus
1132 1047 1364 1100 terraemotus

120 1147 147 1202 p.
158 1129 211 1183 358
232 1120 432 1182 uhorribitis
454 1119 553 1199 ratde,
576 1121 699 1204 quatem
729 1118 830 1182 nulius
858 1119 1020 1180 bominum
1036 1121 1231 1182 memorabat
1251 1121 1283 1182 in
1308 1143 1366 1204 gc-

274 1208 436 1266 ncrationc
466 1203 519 1266 illa
547 1225 641 1284 super
667 1212 787 1266 terram
820 1203 983 1265 effamur:
1018 1203 1259 1266 concutiebatur
1283 1207 1365 1267 enim

275 1299 359 1352 tarra
380 1294 473 1350 nocta
498 1308 537 1350 aa
568 1285 617 1350 die
644 1296 717 1369 port
750 1287 857 1354 docum
876 1286 1107 1352 misericordias
1128 1287 1192 1353 dci.
1233 1295 1364 1351 atvero

275 1373 449 1454 imperator
472 1391 534 1434 noo
558 1371 699 1452 portavit
720 1391 874 1434 coronam
906 1391 965 1452 pcr
984 1369 1190 1453 quadraginta
1214 1373 1288 1449 dics,
1310 1373 1366 1436 sed

274 1464 306 1516 ct
327 1463 430 1516 sancta
449 1451 565 1518 Christi
587 1455 752 1516 nativitate
774 1454 891 1536 absque
918 1454 969 1514 ilia
993 1456 1146 1535 processit
1164 1455 1197 1516 in
1219 1457 1365 1532 acetaria,

272 1540 317 1600 ita
339 1545 374 1598 ut
396 1539 489 1600 etiam
510 1537 652 1620 prandia,
672 1558 751 1621 quac
770 1559 807 1603 ex
823 1559 912 1600 mora
930 1537 1013 1600 fiunt
1034 1539 1065 1598 in
1081 1558 1194 1599 novem
1213 1549 1245 1600 et
1258 1537 1367 1603 deccm

275 1621 477 1701 accubitibus,
498 1642 616 1686 cassare
633 1622 760 1696 faceret,
781 1619 942 1686 ethorum
957 1642 1100 1701 expansas
1120 1623 1223 1704 egenis
1243 1625 1366 1690 tribuo-
1481 1657 1485 1666 ·

142 1711 230 1785 pato
250 1711 336 1768 drot.
376 1705 488 1768 codam
508 1725 592 1768 anno
614 1705 746 1787 ingressa
766 1713 811 1768 ast
829 1725 903 1788 gens
914 1705 1095 1788 Byzantium
1118 1706 1290 1786 inopinata,
1309 1729 1367 1776 ec·

277 1809 347 1849 rum
368 1789 421 1872 qui
446 1788 595 1850 dicontur
625 1789 738 1849 Avares
747 1815 755 1864 ;
782 1799 813 1850 ct
840 1795 908 1849 tota
934 1787 1040 1848 civitas
1074 1789 1238 1850 concurrit
1257 1789 1295 1854 ad
1318 1791 1368 1850 ri-

276 1873 392 1934 sinncm
416 1892 543 1948 corum,
563 1881 712 1956 tanquam
741 1872 795 1958 qui
825 1892 984 1955 nunquam
1006 1869 1142 1932 viderint
1162 1883 1285 1955 gentem
1307 1874 1367 1935 bu.

177 1973 180 1991 ¹
278 1953 429 2018 iusmodi:
451 1953 606 2017 habebant
626 1955 709 2018 enim
730 1976 835 2017 comas
858 1963 1003 2030 retortas,
1023 1956 1159 2036 protinas
1180 1954 1278 2036 vaide,
1299 1957 1368 2018 vin.

277 2049 341 2100 otas
364 2039 502 2122 prandiis
525 2043 551 2116 *)
581 2046 675 2122 atque
695 2040 874 2122 perplexam
905 2038 1042 2122 reliquus
1065 2059 1140 2100 vcro
1164 2040 1289 2102 vcstitur
1310 2062 1368 2101 co-

278 2143 348 2185 rum
369 2121 472 2183 similis
493 2133 562 2184 erat
582 2131 761 2183 ceterorum
783 2123 981 2182 Hunnorum.
1033 2122 1083 2184 isti
1107 2123 1255 2205 fugientes
1275 2145 1294 2185 a
1315 2143 1370 2186 re-

278 2206 370 2286 gione
391 2226 443 2266 sua
466 2215 620 2268 venerunt
642 2205 672 2266 in
693 2215 798 2290 partas
817 2205 963 2289 Scythiae
986 2212 1018 2266 ct
1040 2205 1165 2288 Myrina,
1181 2216 1213 2269 ct
1244 2207 1369 2272 direxe-

278 2296 354 2350 runt
376 2287 416 2350 nd
437 2288 639 2352 lastinianum
661 2291 777 2374 legatos
797 2297 937 2374 petentes
959 2297 996 2350 ut
1015 2287 1245 2372 reciperentur.

381 2405 491 2469 Mundi
521 2400 603 2468 anno
634 2405 742 2486 finan
765 2404 888 2471 divinae
927 2406 1148 2469 incarnationis
1186 2405 1267 2490 551,
1308 2409 1371 2473 tri·

278 2490 391 2552 ccsimo
413 2490 549 2554 secundo
582 2490 705 2574 imperii
728 2490 889 2554 tmtiniani
919 2512 1003 2553 anno
1027 2490 1203 2554 aedificatos
1223 2502 1269 2555 cst
1291 2494 1371 2555 trul-

279 2572 324 2635 lus
345 2595 473 2655 magnac
506 2576 652 2637 ecciesiae
672 2574 875 2636 Constantino
901 2574 961 2649 oti,
996 2574 1143 2636 exaltatus
1170 2576 1240 2658 pius
1261 2576 1373 2661 viginti

279 2656 408 2741 pedibus
428 2658 458 2719 in
482 2658 697 2743 superioribus
718 2678 814 2742 supra
835 2596 1009 2719 aedificium
1038 2657 1124 2741 quod
1147 2669 1239 2721 antea
1258 2660 1370 2723 socrat.
1487 2719 1491 2732 ,

125 2790 150 2845 p.
163 2772 216 2831 362
239 2770 272 2825 tt
361 2765 532 2827 Tricesimo
555 2766 651 2827 tertio
673 2763 797 2848 imperii
816 2766 864 2827 soi
894 2786 977 2826 anno
997 2764 1104 2847 coepit
1123 2765 1297 2849 imperator
1317 2792 1371 2831 ao-

280 2847 408 2909 diiicara
439 2856 568 2931 pontem
600 2850 739 2931 Agoreos
770 2844 924 2926 fluminis,
958 2854 990 2910 ct
1017 2859 1202 2912 convertens
1239 2850 1373 2914 eundern

280 2952 403 2993 aninam
423 2931 454 2991 in
480 2930 574 2991 atium
604 2930 845 2993 circumvolvit
875 2952 965 2992 arens
988 2932 1144 2995 mirabiles
1166 2934 1317 3021 quinque,
1340 2947 1373 3000 ct

283 3014 357 3076 fucit
378 3036 448 3077 eum
468 3015 642 3087 meabilem,
663 3038 734 3077 cum
756 3023 847 3077 antea
869 3014 985 3097 ligneus
1006 3016 1111 3079 suerit.

364 3122 535 3189 Triocsimo
557 3134 674 3211 quarto
694 3124 818 3208 imperii
839 3123 996 3187 Iustiniani
1017 3146 1101 3187 anno
1122 3124 1311 3191 diffamatum
1330 3128 1373 3204 “i

320 3328 343 3397 ¹)
365 3324 496 3396 prandiis}
519 3310 587 3377 itur.
612 3325 687 3377 Miro.
715 3324 852 3394 prandeis.
898 3323 1038 3376 Promotus
1064 3340 1103 3376 ras
1127 3326 1155 3376 in
1179 3325 1372 3377 Grammatico:

354 3394 501 3465 prandeum
522 3394 621 3448 dicitur
640 3394 771 3467 quaedam
794 3412 872 3457 aona,
889 3394 964 3465 qarod
983 3396 1012 3446 in
1025 3394 1079 3447 rita
1096 3398 1125 3449 B.
1138 3398 1226 3449 tierii
1246 3397 1372 3466 reperiar.

356 3468 441 3519 itam:
470 3468 647 3535 facitergium,
671 3467 776 3535 mutila,
801 3483 911 3537 mappa.
927 3466 1083 3535 mappulis,
1101 3484 1227 3538 gausapa,
1244 3468 1376 3528 orarium,

347 3538 494 3601 masnata,
511 3535 716 3607 manutergium,
736 3536 884 3606 prandeum
893 3575 902 3599 ,
921 3536 1153 3600 nranumundium,
1169 3537 1374 3607 manupiarium.

354 3610 509 3674 Annuymns
526 3608 553 3659 ia
567 3609 620 3659 vita
633 3608 658 3659 S.
672 3608 811 3677 Gregorii:
832 3608 976 3676 particulas
997 3608 1110 3660 brandei
1132 3608 1182 3677 (sic
1200 3610 1308 3679 tegitur)
1330 3625 1374 3660 ra·

357 3686 493 3746 perernnt.
537 3678 611 3748 quod
628 3678 753 3731 videntes
772 3678 852 3747 iegati
878 3678 1052 3731 vehementer
1070 3680 1132 3731 irati
1152 3689 1231 3745 strat,
1252 3678 1375 3732 dicentes

356 3750 479 3809 donsinns
498 3766 559 3801 suos
577 3748 765 3818 pulcherrimis
784 3750 874 3818 palliis
895 3749 1042 3809 abundare.
1059 3762 1090 3801 rc
1109 3767 1158 3820 per
1168 3751 1220 3802 boc
1239 3754 1373 3802 Romano-

356 3838 412 3871 rum
433 3819 532 3871 vitibus
551 3819 677 3889 prandeis
695 3837 749 3871 uon
764 3838 850 3888 egere.
892 3822 1074 3888 Sangallensia
1094 3821 1112 3871 Ι.
1131 3822 1146 3871 2
1168 3821 1203 3872 da
1220 3822 1305 3887 gostis
1322 3822 1373 3871 Ca·
1425 3873 1432 3889 ἡ

355 3892 406 3942 roii
427 3890 478 3942 M.:
497 3892 791 3961 cumquatanuissirnas
804 3892 864 3942 ilias
882 3893 1022 3962 pelliculas
1033 3893 1074 3943 vei
1090 3894 1225 3944 tenuiores
1243 3891 1375 3943 brandeas

359 3962 498 4013 extrahere
517 3964 677 4031 coepissent.
713 3962 879 4014 Ftodnardus
906 3962 969 4015 bist.
992 3965 1063 4013 Rem.
1086 3965 1098 4014 1
1118 3963 1168 4016 20:
1187 3979 1283 4033 corpus
1300 3962 1375 4015 cius-

358 4033 417 4083 dem
438 4034 521 4085 rubeo
539 4042 643 4086 constat
661 4033 780 4087 brandeo
798 4034 932 4086 indutum.
969 4034 1047 4086 Fran.

306 4138 342 4207 a«)
361 4136 524 4189 (diffamatum
546 4140 595 4209 ast]
617 4138 742 4192 Gioame:
769 4140 929 4212 διαᾳημίζω
947 4137 1073 4189 diffarno.
1095 4135 1219 4205 «toringo,
1239 4135 1377 4203 pervulgo.

360 4208 445 4262 utitur
471 4208 613 4281 Apuleius.
630 4208 658 4265 Β.
681 4210 843 4281 Augustinus
876 4208 909 4263 de
936 4209 992 4263 Cir.
1018 4208 1068 4261 Dei
1092 4206 1174 4260 310:
1204 4216 1259 4259 taur
1280 4205 1375 4277 grandi
