3050 4900
641 335 790 402 NOTAE.
901 363 909 378 ·
1174 329 1243 406 431

246 511 317 589 979,
340 510 371 574 3.
413 509 583 576 daemona
614 511 688 576 ded
713 510 876 597 βασιλεύς]
902 516 945 578 ita
966 515 1076 578 claron.
1101 519 1246 580 Alexand.

160 593 257 680 τούτῳ
278 597 321 678 arpi
347 590 413 656 ἔτει
436 591 656 669 Ἰονστινιανός
677 593 773 672 adore
800 596 980 679 ἀνενεώθη,
999 597 1054 662 καὶ
1077 597 1249 681 ἐκελεύσθη

157 677 408 758 adornasset,
439 677 501 740 ὠτὸ
533 681 591 760 τῆς
616 677 677 758 πρὸ
708 678 746 750 ις’
781 681 946 744 καλανδῶν
972 681 1160 761 Ἀπριλλίων
1190 685 1249 763 τῆς

157 758 333 841 ἐνεστώσης
355 758 379 837 ζ’
403 757 622 842 muronicam.
663 766 717 826 Aac
735 786 815 826 anno
834 766 934 828 codex
955 767 1143 830 Imtahianns
1160 769 1249 830 adso-

155 847 232 906 lutus
253 859 356 923 esa-n
377 846 502 928 publiea
527 848 703 910 auctoritate
727 849 875 932 probatus
899 848 937 910 16
969 851 1029 914 kat.
1052 852 1155 936 April.
1178 871 1250 912 cur-

156 929 250 1070 τΜινιιίε
265 927 294 1070 Ιῖ.
318 927 426 996 indict
449 951 532 992 anno
570 941 685 1012 quarto
706 929 854 994 duntaxat
886 935 1118 1018 promulgatum
1139 935 1251 996 scribit

156 1054 164 1071 .
191 1033 262 1074 arce
286 1034 363 1072 snus.

240 1121 323 1182 1de
338 1118 369 1181 8.
411 1121 489 1200 μηνὶ
504 1121 683 1206 Νοεμβριῖρ]
705 1123 862 1185 contraxit
880 1124 962 1186 hanc
984 1124 1021 1188 dc
1036 1133 1140 1189 terrae
1159 1135 1249 1190 motu

159 1205 354 1265 Antiocheno
380 1203 541 1266 historiam
562 1205 715 1288 Euagrius
736 1207 790 1269 tib.
809 1203 831 1268 4
850 1230 917 1290 cap.
941 1205 970 1268 6.

241 1309 312 1389 973,
334 1311 364 1372 7.
406 1309 462 1373 καὶ
490 1309 586 1374 πάλιν
604 1309 624 1373 d
642 1311 811 1395 βασιλεύς,
834 1311 889 1377 καί
907 1312 928 1398 ἦ
949 1307 1132 1401 Adyosiorol
1155 1339 1249 1400 repa-

157 1405 259 1458 ratam
288 1396 484 1458 Antiochiam
518 1397 668 1459 describit
695 1400 871 1481 Procopius
903 1399 942 1464 de
974 1400 1063 1462 aedis.
1088 1402 1248 1464 iustiniani

156 1479 211 1541 lib.
232 1478 263 1541 9.

236 1577 318 1641 thid.
341 1575 371 1644 9.
413 1577 448 1642 ἐν
466 1578 503 1641 δὲ
524 1581 564 1665 τῇ
582 1579 630 1642 no'
653 1581 708 1644 rori
729 1581 897 1666 Mopsion]
920 1583 959 1646 de
982 1582 1058 1645 loeis
1079 1559 1247 1646 Antioche-

156 1665 202 1725 nis
223 1662 304 1725 hello
328 1663 472 1725 vexandis
493 1664 656 1726 consitium
681 1665 883 1728 Aiamundari
904 1665 997 1728 hahes
1021 1667 1104 1749 apud
1125 1669 1248 1730 Proco-

156 1748 244 1828 pium
264 1747 320 1807 lib.
343 1746 359 1806 1
384 1745 423 1807 de
451 1747 535 1808 hetto
556 1748 682 1810 Persico
712 1749 807 1830 paulo
834 1759 905 1832 post
936 1749 1090 1827 medium,
1113 1752 1178 1814 eius
1198 1752 1247 1812 in.

157 1831 313 1891 cursiones
335 1829 430 1912 paulo
453 1828 599 1894 inferius:
625 1853 733 1893 verum
751 1841 822 1914 post
843 1833 940 1896 victos
963 1857 981 1894 a
1003 1835 1148 1896 Romanis
1168 1835 1248 1896 Per.

156 1937 214 1989 sas,
235 1910 321 1998 quod
342 1935 424 1975 anno
449 1924 597 1998 sequente
617 1915 822 1998 Theophanes
844 1925 969 1998 narrat,
989 1939 1057 1980 eam
1079 1915 1250 2002 expeditio·

158 2020 232 2059 nem
251 2007 424 2080 susceptam
447 1999 573 2080 exponit
595 1999 780 2082 Procopius.

238 2121 319 2188 laid.
343 2121 391 2185 17.
430 2123 589 2204 λιμωτοῦ]
618 2125 661 2184 ita
683 2124 735 2185 hic
761 2123 852 2188 codd.
882 2127 996 2188 cuncti.
1026 2128 1159 2207 λιμητοῦ
1177 2147 1249 2189 meo

158 2205 273 2267 indicio
295 2205 412 2268 rectius
429 2207 580 2269 scribitur
599 2229 672 2291 pag.
700 2207 769 2284 148,
790 2207 931 2289 λιμητῶν
949 2209 988 2271 ad
1010 2211 1101 2272 haim
1122 2209 1248 2272 calcem.

158 2288 264 2350 uariae
285 2288 434 2352 lectiones
456 2311 520 2351 non
543 2289 800 2393 praeterpundae.

244 2393 361 2477 974,1.
405 2400 662 2481 Λνκοκρανιτῶν]
685 2400 795 2485 quihus
816 2401 907 2484 iupus
927 2402 957 2462 in
978 2401 1064 2486 galea
1079 2402 1164 2465 soret
1178 2400 1251 2463 insi.

158 2504 230 2565 gae,
252 2483 301 2545 rel
326 2503 463 2568 quorum
485 2482 571 2567 galea
592 2486 658 2567 lupi
678 2485 783 2566 capite
804 2494 987 2549 ornaretur.

240 2591 320 2653 that
374 2591 430 2653 κατ’
471 2586 678 2673 προεβάλλετο
709 2585 949 2677 στρατηλάτην]
985 2616 1002 2653 a
1044 2592 1161 2652 Iustino
1191 2592 1253 2651 iarn

159 2684 300 2737 creatum
320 2676 471 2737 Betissarii
503 2692 606 2738 comes
634 2684 666 2738 et
696 2676 888 2737 consiiiarius
917 2684 1051 2738 testatur
1078 2674 1252 2758 Procopius

160 2758 213 2819 lib.
239 2759 254 2819 1
280 2759 319 2821 de
340 2758 423 2820 hetto
441 2760 584 2837 Persico,
609 2769 641 2821 et
663 2782 682 2819 a
703 2759 871 2820 Iustiniana
893 2760 996 2822 denuo
1018 2758 1218 2832 institutum..
1294 2814 1296 2819 .

240 2866 324 2928 thid.
345 2864 375 2927 3.
416 2866 635 2949 Σεκουνδῖνον]
670 2868 712 2927 ita
732 2870 801 2949 lego
824 2870 941 2931 cunctis
961 2868 992 2930 in
1015 2866 1108 2930 codd.
1131 2870 1253 2931 maliem
1327 2908 1332 2924 .

159 2948 377 3015 Σεκουνδῖνου.
419 2950 588 3013 Secundini
618 2950 735 3013 etenim
769 2952 848 3015 filins
875 2963 946 3015 erat
975 2952 1139 3037 Hypatius.
1183 2952 1253 3015 vide

158 3031 233 3093 lihri
255 3033 389 3097 indicem
410 3035 508 3095 verho'
530 3034 694 3117 Hypatius.
1045 3050 1049 3069 ¹

243 3141 324 3203 [bid.
344 3137 375 3203 4.
412 3138 598 3222 Ἑρμογένης
618 3137 636 3203 o‘
654 3136 837 3221 μᾰγιστρος]
865 3142 1090 3226 Hermogenem
1125 3143 1252 3227 quidem

160 3220 199 3283 de
223 3244 299 3302 paee
319 3226 453 3307 legatum
473 3233 627 3287 memorat
648 3226 846 3306 Procopius:
866 3228 930 3288 eius
950 3234 1062 3307 tamen,
1081 3233 1117 3285 ut
1138 3234 1169 3287 et
1190 3228 1250 3287 Be·

159 3304 264 3384 thurii,
283 3315 314 3370 et
330 3308 415 3370 ultro
435 3309 582 3392 citroque
603 3330 621 3369 a
641 3307 741 3371 Persis
756 3318 789 3371 et
802 3307 948 3370 Romanis
972 3330 1019 3370 res
1041 3318 1138 3391 gestas
1159 3308 1251 3369 aliter

160 3400 304 3451 enarrat:
337 3412 437 3475 quare
457 3393 532 3453 alios
555 3414 574 3453 a
603 3392 766 3473 Procopio
798 3400 942 3455 auctores
962 3391 1186 3479 Theophanem
1206 3414 1253 3455 se-

161 3483 295 3553 quutum
317 3485 450 3536 constat.

244 3584 327 3647 Ibid.
349 3580 379 3645 6.
430 3583 473 3669 τῷ
500 3581 537 3645 dd
556 3582 673 3669 ’loovrp
699 3582 779 3665 μηνί
798 3583 1008 3663 Σαμαρεῖται]
1028 3584 1135 3645 Iuliani
1156 3582 1254 3645 histo.

160 3669 240 3729 riam
268 3691 286 3727 a
307 3666 507 3729 samaritanis
536 3667 567 3727 in
598 3688 702 3751 regem
731 3668 832 3729 evecti
863 3668 962 3729 refert
983 3668 1116 3752 Cyrillus
1138 3668 1168 3727 in
1190 3668 1253 3729 vita

159 3752 191 3813 S.
212 3750 312 3812 Sabae
335 3749 419 3833 apud
440 3750 568 3813 Surium
589 3752 640 3813 die
657 3748 881 3813 5Decembris.
924 3749 983 3812 alia
1006 3772 1117 3813 eorum
1137 3750 1254 3813 scelera

159 3834 256 3895 hahet
278 3833 452 3916 Procopius
473 3832 512 3896 de
534 3834 626 3896 aedis.
648 3833 811 3896 Iustiniani
825 3844 906 3896 orat.
921 3834 951 3895 5.
972 3834 1135 3917 legendnm
1157 3834 1253 3897 chro.
1330 3910 1332 3915 ,

159 3917 520 3981 nicon=Aterandrinnm
541 3918 580 3979 ad
608 3928 804 4001 praesentem
826 3938 950 3979 annum.

242 4022 315 4103 975,
341 4026 367 4086 l.
410 4015 562 4106 ἀφορμήν
582 4023 619 4087 dh
638 4018 764 4103 ἔβαλεν]
795 4022 834 4087 de
858 4025 919 4089 istis
941 4025 1011 4086 aori
1035 4024 1148 4088 fodinis
1170 4024 1254 4085 Pro.

158 4107 871 4275 iiiiiiii‘iiaiiiiiriiiiiiiiriciiiiiie
886 4108 1254 4276 ‘tt‘tisstmahd‘sss‘tss
