3050 4900
491 351 544 412 EX
578 349 815 416 NICEPHORO
844 350 907 417 CP.
1189 347 1235 418 15

144 509 191 568 nis
223 512 256 573 9.
309 502 506 572 Anastasius,
539 506 592 586 qui
626 513 658 566 et
691 505 865 583 Artemius,
885 504 972 566 aunis
999 505 1029 569 9.
1086 503 1238 571 Theodo-

143 593 206 650 sius
245 607 328 648 anuo
371 607 446 647 uuo.
496 589 561 649 Leo
594 589 715 648 isaurus
745 590 831 649 annis
859 588 899 651 95
928 590 1083 652 mensibus
1116 590 1136 652 9
1168 591 1238 652 ‹lie-

145 675 214 746 bus*
230 669 278 732 14.
322 668 542 730 Constantinus
563 669 643 733 lilius
664 669 727 734 eiras
752 693 824 733 curn
843 679 945 735 matre
964 693 1019 733 suu
1032 672 1168 735 Heireue
1182 676 1333 752 amp-753

144 759 192 818 nis
215 754 253 817 10
276 754 429 815 mensibus
452 753 471 814 9
493 752 602 816 diebus
623 755 653 818 9.
704 755 817 818 horum
839 775 921 817 anuo
951 755 973 819 8
995 759 1078 817 lucta
1097 766 1144 819 est
1163 779 1240 842 syu-

143 839 225 903 odus
245 837 378 900 Ilioneus
398 835 532 898 secunda
555 836 617 900 350
640 849 819 900 sauctorum
840 849 978 922 patrum.
1021 840 1240 902 Constantinus

142 923 229 986 solus
248 919 367 982 aunisli
386 921 540 984 mensibus
560 919 581 981 4
601 919 708 985 diebus
717 922 747 988 8.
773 923 1095 986 Heirenomatereius
1115 923 1240 988 annisi)

145 1007 303 1070 mensibus
321 1003 339 1064 9
363 1003 470 1066 diebus
492 1004 521 1065 7.
543 1005 738 1088 Nicephorus
760 1006 845 1068 annis
864 1007 886 1068 8
906 1009 1058 1069 mensibus
1080 1007 1110 1069 9.
1152 1009 1240 1070 occi-

144 1113 196 1153 sus
220 1099 265 1152 est
284 1090 315 1150 in
334 1086 487 1172 Bulgaria.
531 1089 711 1152 Stauracius
732 1090 810 1152 filius
831 1093 895 1152 eius
917 1093 1070 1154 mensibus
1092 1090 1124 1153 8.
1177 1093 1241 1155 Mi-

144 1173 234 1236 chaul
259 1192 358 1256 gener
381 1173 446 1235 eius
469 1192 550 1234 anuo
573 1173 589 1233 1
607 1175 761 1236 mensibus
780 1173 800 1236 9
822 1174 932 1237 diebus
954 1177 1003 1242 11.
1044 1176 1111 1238 Leo
1131 1176 1241 1239 Armu-

144 1279 203 1320 nus
224 1255 312 1318 annis
332 1253 352 1316 7
376 1255 531 1319 mensibus
553 1256 572 1318 5
594 1255 701 1320 diebus
727 1257 778 1319 15.
800 1257 919 1320 occisus
938 1269 986 1322 ost
1005 1259 1037 1319 in
1082 1261 1186 1336 olatio,
1209 1259 1241 1320 iu

146 1341 266 1420 templo
287 1349 412 1400 sanctae
432 1337 482 1400 ‹lei
503 1340 671 1422 genitricis.
714 1341 845 1402 Michael
866 1342 942 1404 alius
963 1281 1091 1406 annul.
1134 1343 1243 1404 Theo-

146 1425 250 1506 philus
272 1422 352 1485 lilius
374 1423 439 1484 eius
460 1425 547 1484 annis
571 1423 608 1485 19
628 1425 784 1486 mensibus
807 1422 828 1484 3
849 1425 957 1487 (liebus
978 1426 1031 1488 90.
1072 1426 1242 1493 Theodora

146 1529 228 1570 uxor
248 1505 313 1568 eius
336 1528 394 1567 unu
418 1528 489 1568 cum
510 1507 575 1569 lilio
596 1505 748 1570 Michaele
768 1508 854 1568 annis
886 1502 924 1570 14
952 1531 1056 1572 mense
1086 1532 1151 1572 uno
1173 1509 1243 1572 ‹tte-

146 1592 203 1654 hus
226 1591 275 1653 91.
316 1589 449 1652 Michael
478 1592 560 1652 solus
588 1591 673 1652 annis
706 1591 742 1652 11
764 1612 870 1656 mense
898 1591 1044 1656 ldiehus
1072 1592 1102 1656 9.
1124 1595 1241 1656 occisus

147 1683 194 1736 ost
216 1675 246 1736 in
271 1674 386 1757 palatio
409 1675 443 1735 S.
458 1675 629 1737 Mumautis.

229 1783 442 1867 Conliguntur
466 1783 537 1844 unni
559 1785 639 1844 sicut
661 1783 789 1846 inferius
813 1792 1028 1862 annotantur,

230 1883 278 1945 Ah
300 1881 397 1944 Adam
420 1881 571 1966 usquead
593 1882 743 1950 diluvium
765 1885 838 1946 anni
860 1884 962 1962 9949,
984 1908 1001 1945 a
1022 1883 1140 1946 diluvio
1163 1901 1334 1970 veroum

145 1987 245 2050 usqne
265 1965 305 2027 ad
325 1967 439 2029 turrim
462 1965 604 2030 Nebrotls
624 1967 789 2044 annisus,
809 1991 827 2028 a
848 1979 937 2031 turre
958 1976 1063 2032 autem
1082 1972 1239 2056 usquead

146 2051 241 2114 linem
263 2048 407 2113 Abrahae
428 2051 498 2112 anni
519 2049 590 2113 501.
632 2051 721 2114 simul
742 2053 816 2114 anui
837 2048 929 2113 3968.

228 2157 379 2220 Ceterum
412 2157 450 2218 uh
481 2158 617 2220 Abraam
644 2179 739 2243 usque
770 2160 809 2223 ad
838 2157 954 2222 exitum
988 2158 1126 2237 liliorum
1147 2161 1238 2221 lsrurl

147 2240 221 2301 anni
241 2237 315 2319 430,
337 2251 501 2323 praeterea
520 2241 560 2302 ah
575 2243 656 2304 exitu
682 2241 839 2326 usquead
861 2243 1109 2305 aedificationem
1131 2244 1241 2326 templi

150 2325 270 2387 domini
292 2326 365 2385 anni
385 2323 457 2401 757,
480 2346 551 2388 sane
574 2326 612 2387 ah
634 2326 851 2389 aedificatione
877 2322 984 2409 templi
1007 2325 1240 2411 usqueadeo.

149 2409 325 2491 ptivitatem
350 2409 421 2471 anni
441 2409 512 2473 495.
554 2409 678 2493 pariter
699 2411 771 2472 anni
791 2409 884 2473 4880.

231 2517 338 2580 Porro
358 2540 375 2579 a
399 2519 578 2601 captivitate
599 2538 695 2603 usque
716 2514 756 2579 ad
784 2518 992 2581 Alexandrum
1014 2517 1088 2580 anni
1108 2516 1181 2595 318,
1202 2519 1241 2579 ah

147 2599 325 2747 ἓέεἰιιειιᾶτο
352 2622 428 2663 vero
460 2622 557 2685 usque
588 2600 629 2665 ad
653 2602 811 2667 Christum
832 2602 905 2663 anni
924 2601 998 2677 313.
1056 2601 1147 2664 simul
1168 2604 1241 2662 anni

235 2794 260 2851 Α
277 2790 402 2852 Christo
424 2800 527 2853 nutem
548 2792 702 2875 usquead
729 2794 966 2856 Constantinum
999 2811 1144 2937 mafinnm
1168 2790 1242 2851 anni

151 2872 235 2949 318,
258 2885 329 2935 eta
352 2875 555 2937 Constantino
579 2896 676 2958 usque
698 2878 737 2937 ad
758 2876 986 2960 Theophilum,
1018 2877 1049 2937 in
1072 2876 1189 2939 ictiune
1208 2875 1241 2952 5,

153 2960 223 3018 anni
243 2955 326 3037 530,
348 2960 471 3041 pariter
492 2958 565 3019 anui
589 2956 681 3020 6348.
