3050 4900
264 293 336 365 300
620 293 663 359 lN
690 293 969 360 tunonuuumt

265 468 410 559 positum,
434 485 529 538 eum,
561 465 617 547 qui
636 465 821 546 officiorum,
840 465 1014 547 siguificare
1034 472 1196 526 autumat:
1220 465 1246 526 is
1264 467 1346 529 euim

266 573 363 628 unns;
386 559 418 610 at
439 569 503 608 nou
530 569 627 609 uuum
655 550 788 610 extitisse
818 549 997 629 magistrum
1028 548 1097 628 ipsis
1127 569 1201 632 quas
1225 553 1354 632 profert

265 631 504 698 auctoritatibus
531 632 768 714 comprobatur.
823 633 968 713 magister
1001 631 1106 713 ituque
1136 631 1211 693 nulli
1244 633 1348 696 officio

266 737 450 792 cursorum,
471 724 549 797 putu
571 737 749 795 armorum,
780 723 839 776 etc.
862 716 1025 789 astrictus,
1047 715 1174 777 militine
1197 716 1280 798 apud
1300 739 1353 778 me

265 799 450 862 habebitur:
484 797 647 882 isquippe
677 819 740 858 non
761 798 889 860 unicus:
921 797 983 859 ime
1004 801 1068 860 eius
1092 805 1225 878 potestas
1248 821 1349 880 quan·

265 882 411 946 tumlibet
428 902 547 941 summu
572 881 603 942 in
632 880 736 963 plures
764 881 899 944 derivari
929 881 1044 963 potuit.
1091 882 1232 946 Zosimus
1252 883 1305 944 lib.
1331 883 1370 944 2=

266 966 306 1029 de
324 964 537 1026 Constantino.
577 985 650 1026 nom
670 985 740 1026 cum
757 978 929 1046 praeessent
960 964 1069 1049 ubiqtse
1087 965 1220 1026 ίοοονιιιιι
1243 966 1355 1026 mititt-

265 1049 320 1113 bus
339 1069 399 1110 non
419 1047 510 1108 modo
535 1051 717 1116 centuriones
742 1061 773 1110 et
798 1047 929 1124 tributi,
950 1068 1057 1108 uerum
1082 1049 1173 1108 etiam
1192 1049 1280 1110 duces
1299 1051 1353 1124 (sic

264 1129 1354 1278 ινννοιιιιο

265 1299 377 1374 altero,
398 1259 429 1358 e't
447 1235 554 1358 magnos
572 1299 723 1360 cnutus
742 1308 888 1382 potestate
907 1258 1038 1359 'resilitum
1056 1233 1302 1373 oidtnonidnprisns,
1321 1308 1354 1358 et

265 1379 423 1445 coemendi
433 1379 645 1466 delinquentes,
664 1381 724 1444 nac
742 1381 833 1441 etiam
847 1379 887 1440 'in
902 1393 994 1464 parte
1008 1381 1228 1463 praefectorum
1249 1394 1351 1442 weta-

266 1465 359 1527 rs'tcti
377 1463 535 1526 detraxit:
562 1462 658 1526 divisa
681 1464 828 1526 nimirum
859 1461 891 1524 in
912 1464 1018 1549 plures
1039 1463 1200 1547 magistros
1220 1472 1353 1547 praeto.

268 1548 318 1611 rio
343 1545 493 1631 praelecti
514 1554 679 1630 potestate.

354 1650 489 1726 153,11.
530 1641 588 1727 τὴν
605 1645 765 1726 σωτηρίαν
786 1641 863 1728 uoti]
884 1643 1078 1728 subintellige
1101 1635 1213 1726 ὄμοσον
1232 1639 1279 1718 εἷς
1297 1638 1361 1726 τῆν

267 1727 580 1894 Ξωᾶηρίῖενομοιῖοολ
598 1723 723 1811 μ6“τρ“ν
741 1725 915 1812 σωτηρίαν·
964 1729 1106 1793 dicerent
1129 1729 1232 1810 bodie,
1253 1725 1293 1792 od
1315 1727 1356 1814 ζῇ

329 1834 384 1878 uos
420 1833 468 1884 νς.

352 1911 434 1976 ibid.
457 1908 505 1973 16.
545 1908 766 1990 οχολωοτικίς]
786 1911 970 1974 docentum
990 1912 1131 1975 Lacerdn
1152 1921 1184 1976 et
1203 1911 1355 1975 Meursius

269 1995 393 2057 referre
416 2001 550 2072 censent,
569 2017 628 2078 ego
669 1992 820 2058 enerialius
846 1996 1063 2080 iurisperitum‚
1083 1995 1124 2081 τῇ
1144 1994 1214 2076 δίκη
1235 1991 1355 2074 σχολά-

269 2077 376 2158 ζοντι,
396 2078 450 2162 qui
468 2079 532 2140 iuri
549 2017 682 2140 diendo
701 2093 804 2140 meat.
829 2078 989 2182 Aputhiam
1004 2081 1112 2142 Suidas
1132 2057 1242 2140 scribit
1262 2079 1355 2140 sebo.

268 2160 431 2221 lasticum}
454 2161 517 2243 ipse
537 2161 596 2223 sibi
617 2163 711 2224 testis.
749 2161 903 2240 Ἀγοθιιις
921 2161 980 2238 μὲν
999 2151 1107 2241 ὄνομα,
1131 2163 1241 2246 inquit,
1260 2161 1355 2248 τέχνῃ

269 2243 307 2304 di
326 2236 366 2304 sti
380 2239 547 2320 Ῥωμαιων
565 2239 694 2325 νόμιμα,
713 2241 768 2306 καί
778 2241 806 2306 oi
820 2245 881 2306 scis
892 2243 1100 2326 δικαστηριων
1118 2243 1243 2324 elysium.
1264 2249 1357 2327 Agn-

267 2328 346 2388 tlu'cs
367 2325 444 2389 mitt
464 2347 592 2388 nomene
610 2329 758 2406 studium,
781 2327 988 2390 Rontanorum
1008 2329 1092 2411 leges,
1112 2343 1142 2390 et
1159 2328 1354 2391 tribunalium

267 2411 453 2473 censorino.-
485 2409 559 2474 bine
586 2412 736 2475 contiuua
767 2411 900 2475 lectione
931 2409 1028 2474 libros
1056 2411 1149 2475 lineis
1179 2407 1355 2483 α’νωιιλέους

268 2494 409 2577 litigiosis
435 2494 556 2557 iudiciis
584 2497 717 2559 refertos
737 2495 882 2559 evolvere
902 2516 934 2557 se
957 2496 1060 2557 iactat.
1111 2516 1212 2558 canon
1231 2496 1354 2556 birico..

269 2598 325 2637 nus
345 2576 396 2639 tu.
438 2568 518 2639 tiore
538 2578 672 2658 δοθῆναι
693 2570 804 2641 ἄδειαν
824 2575 882 2640 τοῦ
901 2578 1095 2658 καταστῆσαι
1118 2578 1259 2651 ἐκδίκους
1279 2596 1356 2657 ogo·

268 2653 446 2730 λοστικοίς.
467 2674 500 2721 ut
517 2660 777 2739 dentsacultotem
798 2660 964 2739 defensores
982 2662 1182 2723 eonstinsendi
1199 2662 1358 2723 scholasti-

268 2762 327 2803 cos.
368 2763 432 2802 non
454 2750 500 2803 est
518 2744 626 2827 itaque
647 2742 844 2805 scholasticus
864 2741 947 2805 idem
991 2746 1021 2805 ui
1042 2745 1213 2823 ιιάωοτατιιι,
1233 2745 1281 2806 uel
1302 2744 1356 2805 ele-

256 2826 390 2905 femor:
411 2823 484 2885 alias
513 2824 683 2887 advocatus
714 2826 929 2891 institueretur
957 2766 1134 2890 advocatus.
1178 2826 1216 2891 de
1234 2823 1357 2889 sebole-

271 2906 350 2970 stieo
373 2905 524 2990 quaedum
547 2908 586 2969 ad
605 2930 675 2991 pag.
697 2906 739 2971 76
761 2920 850 2973 notus
871 2912 1045 2993 praemissa.

358 3004 427 3085 164,
452 3010 501 3073 19.
547 3006 707 3093 Tolossani]
740 3009 888 3086 Τζοτιμοῖν
914 3009 1023 3073 scribit
1043 3008 1228 3073 Theodorus
1246 3010 1356 3073 lector.

270 3084 342 3153 vide
363 3090 463 3151 varias
482 3089 640 3172 lectiones,
662 3102 694 3155 et
714 3092 894 3155 Gretserum
924 3092 956 3154 in
977 3092 1148 3177 appendice
1169 3095 1248 3178 orig.
1271 3094 1333 3157 ΕΡ.

355 3202 425 3283 166,
443 3204 473 3269 7.
515 3205 608 3269 τοῦτο
627 3206 667 3293 τῇ
686 3206 726 3292 σῇ
737 3200 916 3293 plaudenti]
932 3206 1011 3271 lasne
1026 3210 1185 3294 epistolam
1199 3210 1263 3273 aliis
1286 3230 1358 3272 ver-

269 3288 317 3352 bis
335 3299 519 3373 conceptam
536 3290 833 3373 babetNieepborus
856 3290 907 3353 lib.
924 3293 963 3361 14
985 3314 1058 3376 cap.¹
1072 3289 1123 3355 40.
1145 3292 1238 3355 τοῦτο
1258 3292 1298 3379 τῇ
1317 3290 1360 3376 σῇ

268 3369 433 3454 γλυκύτητι
452 3371 605 3452 γνωρίσαι
625 3371 796 3453 βούλομαι,
819 3368 869 3435 ὅτι
890 3370 1071 3479 Φλρβιωνὸς
1092 3376 1165 3463 θείᾳ
1177 3380 1276 3453 κρίσει
1296 3378 1359 3439 τῶν

269 3450 478 3535 ἀνθρωπίνων
505 3454 651 3541 depellis]
679 3451 892 3538 πραγμάτων·
945 3472 1028 3533 nnnc
1058 3458 1145 3521 nien
1167 3456 1354 3543 ἀμφιβολία,

268 3534 325 3601 ντί
343 3539 519 3621 φιλονεικία
538 3540 600 3602 τῶν
620 3536 715 3622 ieonis
734 3539 907 3621 ίκκλησιοίν
924 3541 1108 3627 οἰιοιτοιιιθῇ.

352 3636 439 3705 Ilrid.
463 3641 511 3705 10.
549 3634 713 3719 Ἀνδρίαν]
736 3640 828 3702 istum
851 3640 975 3723 ignorat
994 3642 1145 3727 Euagrius
1170 3642 1221 3703 lib.
1248 3650 1263 3708 1
1286 3664 1355 3723 cap.

271 3722 321 3798 10,
343 3722 429 3783 cuius
450 3722 518 3785 vice
540 3724 701 3785 Danielem
720 3723 878 3786 substituit
891 3724 1064 3787 Curiorum
1080 3728 1269 3807 episcopum,
1291 3728 1357 3786 lre-

268 3824 381 3866 uacum
401 3806 489 3890 Tyri,
509 3813 541 3867 et
561 3806 740 3890 Aquilinum
761 3808 848 3869 bibli.
871 3808 1059 3891 Nicephorus
1081 3808 1133 3871 lib.
1157 3814 1194 3875 10
1216 3830 1283 3891 cap.
1305 3806 1358 3889 47,

267 3886 421 3951 Beronius
441 3909 524 3950 auno
548 3892 583 3955 C.
604 3888 666 3951 440
688 3913 772 3952 num.
794 3890 845 3953 43.
890 3891 928 3953 ad
948 3915 1063 3953 anuum
1084 3913 1184 3974 porro
1205 3892 1356 3971 Theode-

268 3968 307 4029 sii
328 3968 368 4035 41
397 3970 571 4035 chronicon
595 3972 756 4036 Alexandr.
791 3982 822 4035 et
843 3976 1032 4057 Prosperuin
1066 3985 1177 4037 auctor
1207 3984 1356 4058 sequutus

269 4051 539 4138 pseudosynodum
553 4056 739 4139 Ephesinmn
760 4058 851 4136 locat,
873 4080 968 4143 quum
990 4054 1157 4122 attuatii
1192 4068 1357 4140 seponunt.

269 4156 379 4201 verum
399 4158 472 4206 cuns
494 4138 543 4204 isti
570 4140 739 4207 Theodosii
757 4142 890 4229 imperio
919 4149 982 4207 tres
1010 4152 1042 4208 et
1063 4142 1277 4229 quadraginta,
1302 4141 1355 4205 alii
