3050 4900
289 345 364 420 576
665 354 722 420 AD
756 351 1035 420 armorumue

287 539 324 595 ut
345 540 378 594 et
396 527 488 594 Cede.
518 527 554 592 dn
583 531 638 612 τῆς
669 529 708 593 n
735 523 864 605 τάσεως.
891 527 936 605 οὖς
962 531 1039 596 ἑτῶν
1060 531 1082 596 d
1091 575 1100 595 .
1142 553 1236 598 annos
1256 537 1381 600 circiter·

286 629 426 702 qrmttuor
443 626 556 678 mmm.
599 613 685 697 quod
706 619 870 698 sequitur,
889 613 1118 699 συμπαρούσης
1142 619 1197 678 καί
1218 621 1384 702 Ἰουστίτης

285 700 342 780 τῆς
361 692 482 780 μητρὸς
503 695 605 756 critob
622 697 657 758 iv
676 701 713 778 sp
726 698 907 782 Παννονίρι·
930 699 1023 760 aliter
1042 721 1100 783 ego
1122 699 1321 778 distinxerim,
1344 713 1381 763 ut

286 783 386 842 clausa
406 779 541 862 periodo
571 779 602 840 in
631 803 709 842 voce
736 781 836 842 ου’τοῦ
856 791 1015 864 sequatur.
1045 783 1080 846 ἐν
1102 781 1137 844 δὲ
1156 783 1193 867 τῇ
1215 787 1381 872 Παννομίρτ

283 862 376 948 χώρᾳ
395 862 489 924 τοῦτο
509 858 625 940 μαθών
645 863 677 926 Γ
674 861 832 942 pertunde.
888 866 912 926 is
943 865 1027 926 enim
1048 865 1153 929 absens
1173 877 1250 945 erat,
1272 869 1381 950 sicque

285 949 412 1012 absente
433 947 618 1008 acclamatus
640 959 685 1010 est
696 949 868 1029 imperator
886 947 992 1010 iunior
1013 949 1119 1027 irater,
1140 952 1194 1034 qui
1220 973 1290 1012 cum
1311 975 1379 1012 ma-

200 1101 204 1108 ·
285 1039 336 1093 tre
357 1028 481 1109 aderat,
502 1030 647 1114 eiusque,
667 1042 703 1094 ut
724 1031 867 1108 ridetur,
889 1031 1064 1112 industrin3
1086 1041 1121 1092 ut
1142 1043 1174 1094 et
1195 1033 1258 1117 ipsa
1280 1037 1380 1096 filiurn

284 1113 416 1176 baberet
437 1113 681 1196 imperatorem,
706 1113 792 1198 qued
813 1115 856 1175 ita
877 1116 1061 1176 Gratianum
1082 1115 1222 1194 offendit,
1246 1128 1281 1181 ut
1299 1121 1382 1188 solet

285 1199 369 1260 inter
395 1199 509 1260 fratres
536 1216 572 1258 ex
593 1198 665 1278 alio,
686 1207 718 1258 et
739 1198 801 1259 alio
823 1196 919 1260 thoro
943 1207 1051 1278 natos,
1064 1195 1246 1284 'eorumque
1264 1223 1382 1284 paren·

284 1292 330 1346 tes
350 1281 441 1344 facile
464 1282 564 1370 enasci
586 1280 713 1342 invidia.

365 1387 417 1466 08,
441 1393 469 1456 1.
512 1384 747 1470 τλτονοηβέντοις
765 1385 945 1468 βασιλεύειν
974 1382 1037 1449 u’nd
1060 1391 1120 1451 τοῦ
1140 1392 1313 1472 στοιχείου]
1333 1395 1379 1455 sie

282 1494 388 1536 omues
411 1469 505 1536 codd.
527 1493 600 1556 ιμιοτ
619 1471 771 1534 vatmt'niis
790 1471 923 1535 induens
941 1493 982 1534 ex
998 1475 1115 1536 initiati
1136 1479 1266 1538 nominis
1287 1481 1374 1540 tloeta

282 1569 480 1642 miperutnros
499 1556 717 1638 suspicabantr.

365 1654 477 1736 9010.
499 1653 539 1716 ad
559 1649 757 1732 βαλλιζουσι]
781 1653 1001 1716 adduntBarb.
1025 1655 1117 1740 Peyr.
1139 1665 1197 1722 ete.
1222 1653 1278 1720 καὶ
1296 1681 1376 1738 nep.

281 1739 457 1817 ταλίζουσι·
481 1737 585 1800 malim
606 1738 836 1816 κροταλίζουσι,
862 1739 946 1822 quod
968 1747 1000 1800 et
1021 1743 1125 1802 Anast.
1145 1741 1227 1823 legit.
1268 1745 1377 1824 strepi·

279 1839 343 1886 mm
363 1836 466 1906 egum,
486 1823 551 1884 sire
584 1842 731 1882 mannum
752 1820 861 1904 plausu
888 1821 952 1884 sive
971 1824 1180 1906 crepitaculis.
1219 1827 1377 1908 plaudunt

279 1908 432 1982 maanus,
455 1903 567 1988 iuquit.
587 1896 746 1982 κρόταλον.
777 1911 849 1964 sunt
879 1904 933 1988 qui
954 1905 1105 1968 musicum
1136 1909 1377 1972 instrumentum

278 1998 445 2072 exponant,
467 2009 531 2072 quo
545 1985 688 2070 Aegyptii
709 1987 880 2049 utebantur
900 1991 931 2050 in
952 1987 1084 2051 deorum
1096 1992 1284 2055 cerimoniis.
1308 2013 1371 2074 pro

277 2072 465 2152 βειλλεζονσι
485 2071 560 2155 legit
587 2075 691 2132 Anast.
716 2067 906 2149 βαδιζουσι,
923 2073 1083 2156 psallentes
1103 2074 1261 2136 incedunt.-
1285 2075 1375 2160 quod

278 2155 364 2218 forte
385 2153 509 2216 melius:
543 2151 699 2251 pluraque
715 2163 788 2216 sunt
806 2153 982 2236 prophetae
1011 2155 1089 2234 loca,
1112 2159 1224 2240 quibus
1244 2162 1393 2223 crassius-

279 2237 461 2322 iutellectis,
484 2236 518 2297 hi
537 2257 627 2298 suum
645 2239 733 2298 illum
748 2257 902 2318 errorem,
925 2245 961 2298 ut
982 2238 1021 2299 ab
1042 2243 1200 2302 Anastasio
1224 2241 1374 2320 traditur,

277 2321 446 2386 hauserint.
487 2328 560 2403 post
579 2317 812 2383 ἐνθουσιαστοῖν
833 2318 920 2383 addit
949 2320 1042 2383 Cedr.
1065 2325 1123 2384 τοῦ
1146 2321 1202 2386 κατ’
1224 2327 1375 2404 Boram-

278 2409 358 2469 λων·
389 2405 445 2491 qut
472 2417 504 2467 et
522 2404 673 2487 Bogomib'
693 2404 769 2467 dicti
795 2418 881 2483 τινος
899 2405 996 2491 {quod
1018 2407 1102 2471 forte
1124 2429 1235 2471 eorum
1257 2429 1372 2473 nomen

277 2498 354 2554 tune
376 2488 531 2573 vulgatius
553 2496 639 2551 esset.

360 2586 430 2671 100,
459 2587 490 2652 7.
538 2590 605 2663 τοϊς
637 2582 691 2647 riu'
720 2584 819 2649 adseri
850 2584 1104 2671 φροντιζομένοις
1132 2592 1372 2673 λελωβημένας]

276 2674 424 2758 leprosis,
461 2693 587 2757 qrcomm
617 2693 690 2732 cura
720 2670 842 2733 Basilio
863 2672 1057 2733 t'nctmsbebat.
1102 2674 1144 2734 ita
1163 2676 1259 2737 vertit
1282 2676 1372 2757 Trip.

277 2756 448 2839 Gregorius
469 2754 632 2838 theologus
654 2756 757 2815 multis
779 2753 1001 2837 {commendam
1026 2778 1120 2839 quam
1148 2760 1273 2821 Basilius
1297 2780 1373 2841 erga

278 2840 310 2901 id
330 2838 491 2901 hominurn
512 2859 606 2920 genus
628 2836 660 2898 in
677 2858 733 2899 suo
767 2837 820 2899 illo
850 2838 1032 2899 nosocomio
1066 2840 1300 2923 humanitatem,
1333 2862 1372 2904 ao

278 2922 470 3007 diligentiam
493 2921 636 2983 babebat.
659 2942 664 2949 “
686 2922 770 2983 hand
796 2934 898 2984 tamen
925 2930 1034 3005 putem
1055 2924 1089 2985 iis
1113 2926 1261 2987 duntaxat
1283 2924 1374 2987 addi-

276 3015 362 3069 ctum
382 3006 495 3087 locum,
519 3014 551 3067 et
570 3004 672 3066 Basilii
703 3026 850 3087 operam
881 3025 1003 3089 voxque
1023 3006 1238 3091 λελωβημένος
1260 3009 1371 3069 vitium

276 3112 371 3154 omne
391 3089 537 3175 corporis
557 3099 661 3151 sonat:
682 3110 740 3149 nee
751 3090 924 3172 Gregorius
941 3090 1056 3168 ulcera,
1077 3094 1270 3178 morbosque
1291 3094 1370 3155 alios

277 3184 370 3257 tacet,
395 3174 507 3260 quibus
528 3174 654 3234 Basilius
673 3172 811 3235 studium
830 3173 1042 3257 impendebat.

360 3290 430 3375 101,
453 3292 503 3356 12.
544 3290 619 3372 περὶ
641 3282 867 3371 aasumensi]
889 3288 981 3351 Barh.
1002 3290 1095 3373 Peyr.
1118 3298 1176 3353 etc.

360 3400 432 3477 100,
457 3400 488 3466 3.
528 3395 596 3461 ἕνα.

360 3516 483 3615 10349.
524 3518 629 3599 placet
649 3516 742 3601 Peyr.
765 3515 838 3601 cod,
861 3515 1089 3598 interpunctio,
1111 3510 1203 3595 γνοιλς
1224 3515 1256 3577 Γ
1253 3538 1371 3596 ρατιο-

275 3596 331 3676 νός
354 3596 374 3661 d
384 3604 579 3681 Αυγουστος,
600 3600 634 3662 ἐν
654 3600 692 3684 τῇ
705 3598 870 3681 Ποννονιζι
884 3596 1114 3681 κατερχόμενος
1128 3592 1170 3673 ὥς
1190 3596 1270 3681 πρὸς
1289 3596 1370 3683 βοή.

274 3686 377 3747 θετον.
418 3684 469 3745 ubi
486 3686 610 3745 rescivit
621 3684 789 3745 Gratianus
809 3682 968 3765 Augrutus,
989 3697 1131 3767 tanqrmm
1150 3684 1299 3767 suppetias
1320 3686 1370 3746 Iu-

274 3782 357 3831 turus
380 3771 413 3830 t'n
432 3770 625 3829 Pannoniam
644 3769 779 3842 veniens,
795 3774 855 3827 etc.
881 3766 973 3829 Cedr.
988 3768 1164 3829 ambustum
1184 3788 1254 3828 cum
1275 3770 1368 3829 sociis

274 3852 439 3915 Valentem
459 3854 503 3912 ait
523 3852 553 3913 in
576 3873 613 3913 oo
630 3850 799 3932 tuguriolo,
820 3848 930 3927 dyvot'o
951 3848 1014 3911 suiv
1033 3850 1273 3931 κεκρυμμένων·
1295 3874 1367 3913 cum

275 3934 403 4015 Scythae
423 3936 520 4017 ignem
533 3939 744 3996 summittentes
761 3935 913 4010 nescirent,
929 3935 982 4017 qui
993 3932 1057 3997 ittic
1069 3935 1201 3995 laterent.
1232 3942 1264 3996 et
1286 3956 1366 3997 vero

274 4019 372 4083 simile
400 4020 462 4081 alio
489 4021 599 4081 mortis
633 4038 746 4100 genere
767 4016 1007 4099 extinguendos,
1029 4018 1092 4081 sire
1110 4018 1200 4080 etiarn
1225 4018 1365 4101 captivos

275 4102 485 4181 abducendos,
508 4114 545 4165 ut
567 4101 681 4165 detecti
703 4100 743 4162 ab
766 4100 808 4163 eis
827 4101 961 4162 luissent.

359 4205 429 4289 104,
451 4208 498 4271 13.
521 4204 792 4293 pottissimum,
813 4209 919 4293 suppl:
942 4230 977 4271 cx
997 4208 1068 4273 Vat.
1093 4209 1107 4271 1
1130 4208 1196 4273 Pal.
1217 4209 1311 4293 Peyr.
1331 4208 1366 4271 ἐν
