3050 4900
613 425 763 492 NOTAE.
1139 414 1211 492 385

129 593 202 656 lieet
223 613 287 654 non
308 596 508 676 expresserit,
535 617 553 657 a
580 577 940 673 Gottbist'anriliaribua
970 613 1047 678 qnos
1067 593 1213 658 Romanis

130 679 236 738 Avitus
257 679 388 737 conlisus
408 701 425 739 n
448 701 480 740 se
500 680 622 752 abiecit,
648 679 762 741 editam
784 680 843 756 ajat
864 679 1073 762 persuadebit,
1095 681 1148 762 qni
1162 681 1215 740 si-

128 761 216 842 gonii
242 760 282 821 de
302 762 400 844 impp.
421 762 583 824 Occidunt
605 763 775 839 historiam,
796 771 850 824 uut
860 763 1000 824 Victoris
1020 764 1215 824 Tonnnnen-

126 847 165 906 sis
178 843 319 904 chronio
344 847 546 906 tornandisve
567 848 607 908 de
621 849 715 906 rebus
727 845 842 908 Geticis
855 847 1068 908 narrationem
1089 849 1216 906 consul.

130 927 241 991 luerit:
264 927 390 990 Avitum
404 929 521 1012 quippe
533 929 710 990 Placentiae
723 929 897 1010 praesulem
911 939 1054 997 evectum
1074 929 1217 990 referunt

128 1010 189 1087 isti,
211 1018 244 1071 et
265 1011 304 1072 ad
327 1014 503 1074 Ravennam
522 1022 711 1096 superatum,
731 1011 854 1074 vivendi
874 1013 995 1080 venians
1018 1011 1216 1076 aRecimere

131 1113 294 1175 accepisse.

217 1197 287 1276 169,
312 1198 360 1262 10.
408 1195 465 1263 nni
488 1199 558 1280 μετ’
586 1199 695 1281 ὀλίγας
730 1195 865 1286 ἡμέρας]
898 1201 1049 1264 Adrianus
1078 1200 1216 1266 Valesius
1306 1235 1308 1242 ·

131 1305 238 1346 rernm
258 1284 486 1347 Francicarum
511 1285 650 1367 scriptor
671 1287 920 1368 probatissimus,
944 1287 1029 1369 quasi
1050 1284 1218 1367 Theopha-

132 1369 177 1430 nis
198 1365 420 1448 paraphrasten
443 1389 543 1449 agens.
586 1374 669 1430 “non
688 1369 787 1429 multo
804 1378 883 1450 post,
907 1371 1000 1430 hahet
1019 1371 1071 1429 lib.
1084 1361 1115 1439 l,
1138 1389 1218 1449 poe-

131 1473 183 1512 nas
205 1450 341 1512 hbrdrnrs
360 1450 466 1511 Avitus
487 1451 645 1534 pependit,
672 1451 833 1514 destitutus
854 1453 1020 1514 acolabis.
1063 1474 1134 1514 nam
1155 1452 1218 1512 ne.

131 1536 242 1594 miscus
273 1535 420 1614 patricius
450 1533 576 1596 adiutor
605 1536 669 1597 eius
690 1536 828 1617 partium
857 1538 889 1596 in
910 1535 1026 1616 palutio
1046 1536 1146 1596 classis
1167 1530 1218 1608 (ad

133 1620 321 1696 Ravennam)
346 1616 382 1677 15
392 1616 512 1678 kalend.
523 1619 655 1680 Octobr.
674 1620 791 1679 occisus
803 1628 870 1682 cstt
894 1617 957 1700 ipse
973 1619 1095 1702 imperii
1117 1637 1219 1678 mense

134 1697 172 1761 17
194 1701 241 1760 vel
263 1699 301 1762 18
322 1721 338 1758 a
358 1700 513 1764 Ricimere
537 1705 681 1786 magistro
698 1702 830 1762 militnm
853 1703 936 1784 apud
957 1703 1148 1763 Placentiam
1169 1699 1220 1759 vi-

132 1791 199 1845 ctus
221 1790 253 1844 et
273 1794 392 1865 captus,
414 1785 579 1866 imperium
600 1787 759 1869 deponere
782 1781 922 1870 cogitur:
946 1776 1088 1868 novaque
1111 1793 1142 1844 et
1162 1783 1219 1844 ba-

132 1877 238 1927 ctenus
261 1866 399 1928 inaudita
421 1867 565 1931 fortunae
578 1867 822 1931 commutatione
842 1889 876 1929 cx
902 1869 1092 1950 imperatore
1112 1869 1147 1926 lit
1167 1885 1222 1925 sn.

132 1949 294 2031 predictae
317 1950 402 2010 urbis
421 1951 612 2036 episcopus.”
633 1953 748 2014 subdit.
771 1951 962 2033 “Gregorius
985 1952 1016 2012 in
1034 1951 1104 2011 hist.
1129 1947 1220 2010 lint

134 2033 232 2094 tradit
255 2033 380 2094 Avitum
400 2045 577 2098 senatorem
601 2046 633 2098 ct
656 2036 755 2099 civem
775 2039 951 2096 Arvernum
975 2035 1014 2096 ob
1036 2033 1177 2096 libidines
1202 2055 1219 2092 n

132 2116 418 2188 senatndeicctum
438 2117 592 2201 imperio,
615 2121 700 2180 cuius
722 2120 754 2179 in
778 2118 998 2202 possessionem
1019 2139 1148 2178 vacuam
1171 2117 1222 2177 in-

133 2199 303 2276 volaverat,
328 2209 358 2261 et
379 2201 461 2283 apud
490 2203 680 2263 Placentiam
700 2203 882 2284 episcopum
902 2199 1124 2262 constitutum:
1150 2221 1223 2260 cum
1287 2207 1290 2212 '

134 2285 334 2365 comperisset
366 2293 504 2344 senatum
529 2285 630 2346 adhuc
645 2284 869 2366 'indignantem
890 2283 955 2344 rita
976 2286 1074 2365 ipsum
1096 2281 1223 2366 privare

135 2368 225 2444 velle,
238 2366 393 2428 Brivatem
413 2367 516 2428 vicum
530 2371 701 2430 Arvernor.
723 2369 843 2428 tumulo
867 2367 975 2428 loliani
987 2367 1118 2428 Arverni
1136 2386 1221 2426 mar·

135 2449 213 2534 tyris
232 2449 374 2529 nobilem,
397 2472 470 2524 curn
490 2454 593 2514 multis
608 2452 786 2514 muner-ihus
799 2454 871 2535 suga
889 2460 997 2533 petere
1018 2446 1221 2522 contendisse,

138 2542 174 2592 nt
198 2534 257 2595 loci
280 2535 430 2617 religione
451 2535 578 2597 sulutem
597 2557 683 2597 suam
702 2542 859 2615 tueretur,
882 2554 917 2595 ac
938 2535 968 2593 in
984 2532 1096 2593 itinere
1118 2532 1225 2593 deces-

133 2616 217 2693 sisse,
240 2616 437 2702 delatumqne
463 2620 639 2695 Brivatem,
668 2626 700 2679 ct
734 2618 774 2679 ad
803 2618 897 2701 pedes
928 2616 1037 2677 loliani
1066 2616 1220 2697 sepultum

134 2704 225 2762 esse.”
266 2699 374 2763 ultima
395 2700 471 2763 baec
490 2704 588 2765 verba
600 2702 797 2786 Theophanis
815 2698 977 2783 perioches
992 2698 1099 2759 ultima
1123 2698 1222 2759 inter.

133 2783 287 2865 potabunt
307 2785 369 2847 boc
389 2795 494 2867 pacto.
544 2785 599 2847 καὶ
616 2786 738 2865 γέγονεν
768 2784 934 2854 ἐπίσκοπος
952 2780 1003 2856 ἐἰς
1020 2778 1109 2844 πόλιν
1130 2782 1223 2844 sste-

134 2865 273 2929 sem‘ov·
316 2868 372 2929 sot
391 2867 540 2931 ansteus
562 2868 609 2941 εἰς
629 2866 769 2940 Γαλλίας
789 2867 959 2929 ἀπέθανεν.

216 2972 298 3035 Ibid.
325 2970 373 3035 14.
414 2970 607 3054 Μαρκιανὸς
625 2970 644 3035 d
669 2969 821 3053 βασιλεῦς
841 2966 1050 3055 ἐτελεύτησεν]
1071 2981 1143 3055 post
1164 2972 1224 3033 im-

158 3056 217 3135 erii
239 3079 335 3120 annos
355 3078 416 3136 sex,
437 3069 469 3121 ct
489 3070 605 3121 menses
626 3058 770 3133 totidem,
794 3058 838 3117 ait
853 3056 1057 3119 Marcellinus.
1099 3064 1132 3117 at
1152 3078 1223 3117 cum

166 3140 315 3203 heodosio
338 3142 418 3204 lunii
437 3142 547 3205 mensis
568 3140 618 3204 die
641 3139 680 3203 90
702 3138 843 3203 indict.3
865 3138 1021 3215 defuncto,
1044 3139 1127 3201 nulla
1151 3138 1223 3199 data

137 3223 309 3306 interregni
328 3245 440 3301 mora,
464 3225 630 3306 imperium
656 3224 816 3287 Marciano
844 3243 1021 3285 caucasum
1041 3223 1148 3297 fuerit,
1167 3219 1223 3305 qui

137 3305 250 3367 deinde
279 3307 387 3369 indict.
411 3307 449 3369 10
478 3308 581 3390 pridie
602 3308 678 3369 Maii
698 3310 760 3371 kal.
784 3304 882 3369 obiit:
913 3308 995 3369 inter
1022 3304 1145 3385 imperii
1164 3326 1222 3364 au.

136 3389 231 3470 spicia
259 3400 292 3452 et
317 3399 453 3453 mortem
491 3414 588 3454 annos
622 3410 673 3453 ser
716 3402 749 3455 et
778 3409 894 3453 meuses
921 3388 1028 3453 decem
1057 3408 1223 3449 numerare

135 3474 272 3556 potuisse
292 3482 423 3537 constat.

218 3578 298 3642 Ibid.
314 3580 361 3645 18.
403 3572 488 3655 darec
507 3580 542 3644 dv
552 3586 624 3653 ταῖς
636 3582 750 3661 trente]
773 3602 809 3642 es
827 3576 989 3643 Theodori
1009 3576 1133 3641 lectoris
1154 3574 1223 3636 col-

135 3662 279 3725 lectaneis
300 3661 349 3725 ad‘
362 3664 555 3727 'l'heodoreti
576 3661 714 3727 calcem'
738 3664 821 3726 ositis
842 3672 1040 3744 excerptum:
1062 3658 1113 3722 cui
1135 3657 1225 3721 addi·

135 3753 202 3819 tur,
223 3746 341 3851 συνέβη
361 3747 398 3810 δὲ
418 3744 512 3811 adadu
532 3746 671 3822 ἐξελθεῖν
690 3687 736 3821 elli
754 3741 812 3827 τὴν
831 3742 921 3827 λιτὴν
939 3748 973 3807 ἐν
991 3744 1034 3828 spi
1048 3739 1160 3823 κόμπῳ
1179 3738 1223 3825 τῷ

134 3826 319 3915 'domuerat
348 3832 427 3912 μηνὶ
456 3827 512 3902 κς’.
552 3833 673 3913 condgit
699 3842 798 3893 mrem
829 3845 860 3892 ut
883 3830 928 3890 ad
943 3826 1167 3912 simph'cnnclrmr
1189 3826 1223 3883 in

135 3915 491 3997 rampnm'egmderetw·
518 3914 560 3976 26
587 3914 738 3977 Ianuarii.
792 3913 863 3977 uide
891 3920 996 3974 notam
1027 3906 1049 3969 4
1079 3924 1148 3991 pag.
1181 3904 1222 3968 80

135 3998 297 4078 scriptam.

222 4102 292 4181 170,
315 4098 344 4165 4.
402 4102 555 4182 Τιμόθεος
579 4098 597 4165 ὅ
625 4100 794 4187 Λίλοῦρος]
821 4100 924 4186 pravis
951 4100 1011 4161 suis
1035 4094 1224 4159 facinoribus

138 4184 340 4249 Timotheum
351 4188 499 4249 aelurum
520 4189 689 4249 admovisse
710 4208 834 4249 manum
855 4187 1020 4247 confirmat
1038 4180 1225 4243 Theodorus

135 4270 240 4332 lector
260 4272 405 4334 scribens.
450 4269 603 4350 Τιμόθεος
623 4272 679 4335 τοῦ
698 4270 891 4356 merovei
912 4261 1098 4343 αἰσθόμενος
1121 4260 1225 4327 θάνε·

120 4384 125 4394 ’
241 4393 422 4469 Theophanes
445 4396 483 4453 11.
998 4386 1045 4444 '25
