3050 4900
548 376 601 441 EX
629 372 891 443 refloruere
1187 374 1260 443 22!

171 542 340 629 recipiatln
362 542 436 607 lioet
450 543 586 607 infideles
609 546 699 609 amici
715 547 798 611 sities
818 548 993 613 testamenti
1008 570 1084 611 vcro
1096 549 1158 614 mei
1171 558 1264 612 testes

170 652 224 693 vos
247 652 311 691 esse
331 627 415 709 volo,
436 628 559 691 comsit
575 629 646 693 tale.
691 634 791 693 omnis
834 632 864 693 ui
887 654 951 694 non
966 632 1069 695 credit
1087 634 1118 694 in
1138 642 1263 716 patrem

169 724 205 776 et
225 712 323 775 filium
341 720 375 775 et
392 712 538 794 spiritum
553 722 703 789 sanctum,
722 728 818 777 coust
842 715 1016 779 steutialem
1029 728 1061 779 et
1073 716 1209 779 divinam
1230 717 1263 777 iu

169 796 306 859 monade
329 794 518 873 trinitatem,
548 807 691 859 mortum
721 808 767 861 est
789 800 910 875 anima,
939 809 972 862 et
992 812 1122 864 aeterno
1154 800 1264 883 dignus

170 888 219 944 est
239 888 412 941 tormento.
456 880 525 941 talis
548 890 594 949 est
614 890 646 941 et
658 880 801 944 Meumed
820 884 1096 981 pseudopropheta
1112 892 1214 945 vester
1229 891 1263 945 et

169 962 357 1027 Antichristi
374 982 575 1045 praecursor.
601 964 749 1027 discedite
760 987 846 1047 ergo,
866 966 894 1028 si
907 966 984 1027 malai
999 968 1126 1031 creditis
1139 966 1264 1029 testenti

171 1047 261 1109 vohis
283 1045 378 1108 hodie
398 1046 516 1107 e'aalum
540 1054 572 1107 et
591 1054 720 1127 terrem,
740 1049 779 1110 ab
799 1050 879 1111 illius
898 1045 1111 1114 fabulationes
1133 1052 1263 1112 consulo

170 1131 255 1195 enim
276 1130 374 1207 vohis,
396 1150 435 1190 ne
456 1130 637 1192 cruciemini
658 1131 750 1193 simul
772 1152 845 1193 cum
864 1132 947 1198 illo.'’
970 1156 1044 1197 cum
1063 1143 1168 1197 autem
1187 1134 1265 1197 haee

172 1221 204 1277 et
226 1211 274 1274 his
295 1212 385 1296 plura
406 1233 478 1274 cum
501 1213 543 1276 eis
565 1210 683 1277 dedeo
713 1214 916 1278 ratiocinatus
937 1217 1111 1296 dissereret,
1132 1218 1265 1280 audieu-

170 1306 217 1361 tes
239 1297 285 1361 illi
316 1304 446 1378 stupore
474 1318 529 1359 seu
559 1301 681 1361 vesania
710 1297 830 1361 detenti
863 1300 1083 1383 longanimiter
1116 1302 1266 1363 visisunt

173 1382 269 1459 serre,
290 1400 326 1442 ex
346 1380 498 1461 languere
516 1380 600 1443 hune
619 1390 748 1463 praeter
771 1402 892 1444 sensum
914 1404 977 1447 esse
997 1393 1151 1482 putantes.
1192 1406 1264 1447 cum
1393 1388 1397 1396 '

171 1473 277 1527 autem
297 1484 334 1525 ex
355 1462 537 1525 infirmitate
558 1465 772 1544 convaluisset,
787 1466 900 1527 maiori
914 1476 1021 1550 eoepit
1034 1488 1112 1530 voca
1131 1466 1376 1550 demersurus,

173 1546 359 1609 “anathema
379 1546 523 1610 ltlaumed
555 1555 588 1611 et
608 1548 749 1611 lebulose
770 1548 890 1630 scripto
911 1549 996 1627 eins,
1018 1560 1051 1612 et
1071 1550 1190 1611 eunctis
1209 1550 1265 1634 qui

172 1630 307 1695 credunt
328 1630 388 1697 ei.”
436 1640 512 1693 tuno
539 1651 599 1714 pes·
625 1632 761 1715 gladium
789 1632 1087 1697 animadversionem
1104 1654 1266 1715 perpessus

172 1726 295 1799 martyr
319 1723 455 1777 ostensus
477 1723 531 1777 ess.
554 1716 638 1779 hune
664 1714 1138 1779 declamationibus⁴seamouum
1158 1718 1265 1779 houe-

172 1800 257 1863 ruvit
276 1808 398 1861 sanetus
427 1808 518 1881 puter
546 1808 653 1861 noster
680 1801 826 1877 loannes,
852 1800 910 1944 gui
929 1798 1010 1863 haue
1029 1802 1266 1883 cognominatus
1297 1801 1309 1820 ’“

172 1891 219 1947 est
238 1880 453 1979 Chrysorroas
482 1891 617 1965 propter
643 1902 772 1946 auream
798 1892 832 1946 et
866 1882 1000 1965 ulgidam
1018 1885 1115 1946 sancti
1138 1885 1265 1966 spiritus

168 1968 319 2115 gretiam,
341 1986 421 2048 quue
440 1987 471 2027 sn
495 1968 561 2047 ipso
585 1976 649 2027 tam
682 1966 714 2029 in
736 1966 835 2029 verbo
857 1988 951 2049 quam
969 1966 1001 2028 in
1022 1968 1104 2029 vitae
1123 1978 1197 2031 autu
1216 1969 1265 2029 ef·

197 2050 293 2111 uruit.
336 2068 431 2132 quem
459 2047 604 2112 videlieet
627 2050 847 2115 Constantinus
875 2051 988 2133 impius
1010 2049 1185 2133 imperator
1207 2072 1266 2113 an.

174 2152 238 2195 uuo
273 2142 409 2215 propter
440 2131 625 2195 eminentem
652 2132 872 2197 orthodoxiam
895 2134 960 2197 eius
980 2134 1168 2197 anathemati
1188 2134 1269 2213 σιὼ..

178 2216 333 2293 mittebat,
354 2226 386 2280 et
407 2236 467 2299 pro
479 2218 616 2293 Mansur,
639 2216 726 2300 quod
746 2218 923 2280 estavitum
941 2238 1054 2281 nomeu
1074 2216 1140 2280 eins
1160 2217 1265 2301 quod.

178 2320 239 2383 que
259 2300 438 2381 redemptus
461 2300 688 2383 interpretetur
707 2320 797 2373 seusu
819 2300 957 2379 ludaico,
979 2322 1097 2364 novam
1120 2302 1267 2365 ecclesiae

175 2383 355 2468 magistrum
376 2386 545 2447 diamoron
561 2393 682 2446 mutato
705 2384 831 2447 uomiue
850 2384 1018 2447 vocituhnt.

255 2483 377 2548 Eodem
442 2507 524 2570 eque
545 2505 626 2546 anuo
647 2483 760 2546 Vhalid
780 2484 914 2568 Cyprios
935 2485 966 2545 iu
984 2484 1107 2568 Syriam
1126 2491 1265 2547 transtu·

172 2566 220 2644 lit,
242 2506 451 2630 Artahuesdds
486 2577 590 2632 autem
617 2567 756 2630 Nicetam
777 2567 875 2628 lilium
895 2577 1162 2650 monostrategum
1183 2588 1267 2650 pro·

172 2659 295 2715 motum
316 2652 357 2715 ad
380 2653 482 2714 thema
503 2651 616 2716 direxit
639 2651 908 2728 Armenincorum,
929 2671 1029 2733 porro
1053 2649 1266 2734 Nicephorum

171 2750 273 2820 aequa·
307 2735 405 2798 lilium
435 2757 524 2797 sunm
550 2735 716 2798 coronavit
745 2755 806 2818 per
833 2735 1024 2796 dunstanum
1044 2731 1265 2816 patriarcham.

171 2839 277 2882 mense
296 2840 374 2884 vcro
395 2819 479 2882 Mein
501 2807 572 2882 edm
593 2817 802 2882 Artuhnasdus
832 2817 873 2880 ad
894 2827 1001 2902 partes
1020 2817 1141 2881 Ohaieii
1161 2837 1266 2901 egres-

172 2923 223 2965 sus
245 2901 351 2964 fuisset
383 2911 416 2966 et
440 2900 550 2966 milites
583 2903 738 2988 elegisset,
760 2910 861 2966 totam
882 2902 984 2964 Asiam
1004 2903 1097 2984 cepit,
1120 2903 1267 2985 depopu-

172 2986 237 3084 luns
268 3007 348 3048 mm.
405 3007 468 3070 quo
500 2986 719 3049 Constantinus
750 2996 917 3069 comperto
945 2996 1049 3048 motus
1074 2996 1122 3049 est
1153 2994 1267 3082 coutra

174 3069 561 3216 tithethliittl
580 3090 657 3214 ἓξὲξ
670 3067 1267 3230 lttltt⁸÷ttltsst¹¹tts⁰tll·tt

172 3237 348 3320 insequitur
370 3258 466 3320 nsque
487 3237 645 3322 Cyzicum.
687 3248 721 3298 ut
741 3237 792 3298 ille
810 3257 882 3298 oum
901 3235 1047 3320 Cyzicum
1064 3234 1264 3318 pervenisset,

171 3319 360 3384 dromonem
389 3321 538 3403 ingressus
572 3323 603 3382 iu
629 3321 756 3383 ciuitate
786 3320 934 3381 salvatur.
974 3328 1142 3402 praeterea
1162 3339 1266 3380 meuse

172 3404 317 3486 Augusto
338 3403 474 3466 eiusdem
507 3403 688 3468 undecimae
717 3403 894 3465 indictionis
916 3402 1035 3465 Nicetes
1055 3411 1265 3465 monostrate-

196 3509 229 3548 us
249 3487 330 3549 filins
351 3487 557 3565 Artahunsdi,
589 3507 661 3548 cum
682 3487 833 3548 intulisset
861 3487 1066 3550 Constantino
1088 3486 1172 3569 apud
1192 3489 1299 3573 ido-p.
1312 3496 1367 3554 etl

171 3507 298 3632 driuem
319 3578 351 3632 et
363 3572 498 3633 Cisseum
517 3570 641 3648 bellum,
661 3581 750 3653 terga
769 3580 893 3632 vertens
914 3570 1043 3654 aufugit.
1086 3579 1118 3632 et
1140 3569 1265 3652 quidem

171 3655 342 3800 etius
357 3654 742 3800 interuentu
755 3653 1113 3800 elicietur
1129 3662 1266 3796 suu

172 3821 317 3884 terfecits
341 3822 504 3906 utriusque
526 3785 604 3883 v’ero
616 3822 713 3904 partis
734 3841 821 3883 casus
842 3820 925 3883 haud
937 3758 1078 3882 mothona
1097 3757 1195 3878 dietus
1208 3828 1265 3895 est,

173 3905 396 3966 Armeniorum
410 3906 530 3967 seilicet
544 3915 576 3967 et
588 3905 845 3978 Armeniacomm
857 3904 1105 3988 impugnantium
1120 3899 1264 3964 adversus

175 3987 350 4052 Orieutulas
371 3989 670 4074 atqueTlsrneesios,
693 3989 887 4052 Constantini
906 3997 1167 4070 propugnatores.
1209 4006 1265 4048 ce·

174 4079 279 4134 terum
301 4073 446 4156 antiquus
477 4071 573 4134 hostis
597 4070 737 4134 diabolus
765 4081 876 4135 contra
897 4069 1088 4132 Christianos
1108 4069 1265 4153 tempori-

173 4153 230 4216 laus
253 4156 315 4218 istis
338 4157 432 4218 telem
460 4155 604 4220 excitavit
631 4155 788 4219 saevitiam
814 4164 847 4217 et
865 4154 1084 4216 mactationem
1103 4153 1264 4231 alternam,

175 4246 210 4300 ut
230 4239 285 4303 lilii
307 4239 402 4304 etiam
423 4249 534 4306 contra
557 4247 701 4326 parentes
716 4247 748 4304 et
777 4239 890 4302 t'ratras
910 4247 1023 4302 contra
1042 4239 1156 4302 frutus
1175 4257 1267 4298 com·
