3050 4900
283 292 359 371 484
658 308 701 373 lli
728 300 1007 370 Temenum

286 478 377 579 lepio,
400 496 481 621 puae
500 474 681 557 provinciae
702 474 831 537 cuilibet
856 472 1013 555 imposita,
1033 468 1104 534 inde
1125 472 1158 532 in
1176 471 1266 554 glou.
1287 475 1376 557 legio,

285 564 383 639 τάξις,
428 560 500 636 ε’μα.
553 557 665 622 deinde
695 557 846 620 translato
870 555 997 618 nomine
1017 554 1101 636 ipsae
1113 558 1293 639 pmvaheiae
1314 582 1377 641 ap.

285 644 395 742 pellaci
418 654 591 723 coeperunt
614 643 749 719 θέματα.
791 640 865 701 inde
885 638 1055 713 θεματικοά
1073 646 1144 698 sunt
1158 642 1376 723 provinciales.

285 735 446 789 immutate
467 724 576 787 militia
596 726 733 785 Romana
758 723 798 786 ab
818 722 963 785 Heraclio
986 742 1097 782 nomen
1120 722 1302 785 innovatum
1320 747 1377 786 εα-

284 811 410 891 epicor:
439 806 508 870 ε’τιιί
534 804 714 887 νεόχμωσεν
742 798 854 882 ἑτέρας
878 799 896 865 d
919 801 1032 884 χρόνος
1064 800 1223 881 δυνάμεις.
1272 810 1377 891 σφισι

284 894 366 955 alins
387 891 531 974 temporie
550 912 693 952 successus
708 890 881 974 pmmpaiac
901 888 946 948 ait
965 887 1135 949 simocatta
1158 888 1312 955 landuino.

367 992 438 1075 462,
460 994 489 1059 8.
538 995 582 1083 τῷ
614 995 641 1059 d'
663 994 752 1081 αάτῷ
780 989 856 1079 ἔτει]
878 994 989 1057 chron.
1016 993 1159 1057 Alexand.
1180 996 1376 1080 Nicephorns

285 1081 465 1164 patriarcba
495 1078 533 1141 ad
564 1102 678 1141 aunum
699 1076 781 1155 619,
817 1088 850 1139 et
881 1078 1027 1141 Patavina
1057 1079 1138 1139 notia
1169 1080 1200 1141 in
1231 1082 1377 1149 eundem.

284 1186 385 1248 porro
407 1164 461 1247 qui
486 1172 615 1225 notatur
636 1162 687 1225 hic
701 1162 777 1223 Maii
796 1161 860 1225 dier
881 1163 990 1225 tertius
1004 1164 1148 1223 vitiosum
1168 1166 1272 1245 arguit
1291 1166 1377 1229 eiua-

285 1250 356 1311 dem
377 1247 495 1309 Petaeii
519 1246 658 1309 codicem
678 1245 888 1329 Theophanis,
909 1245 1141 1330 quo.quintum
1162 1244 1248 1329 legit.

366 1356 444 1419 ibid.
471 1352 520 1417 10.
572 1356 616 1441 τῷ
643 1354 671 1417 d'
698 1350 875 1439 Αάγοάστερ
902 1349 979 1437 μηνὶ
1006 1344 1066 1429 ιδ’]
1097 1352 1179 1415 diem
1208 1350 1248 1416 13
1274 1354 1377 1439 signet

284 1437 423 1505 chronic.
447 1436 590 1503 Alexand.
615 1458 651 1501 ex
673 1437 821 1501 comitiali
843 1438 957 1499 morbo
982 1435 1133 1499 interiisse
1155 1438 1264 1501 scribit
1284 1440 1377 1501 llice·

284 1524 402 1605 phorns
417 1520 598 1606 patriarcha
622 1520 662 1583 ad
683 1544 798 1583 annum
820 1519 962 1583 eundem.

366 1630 449 1692 Ibid.
480 1628 530 1691 19.
580 1626 657 1711 μηνὶ
676 1620 854 1714 Ὀιταβράρ
879 1623 928 1704 d']
958 1627 1035 1690 haec
1063 1627 1171 1691 eadem
1200 1626 1377 1693 chronicon

284 1712 427 1775 Alexand.
441 1734 521 1797 quae
534 1721 620 1775 extre
636 1710 815 1773 indictionis
835 1710 986 1793 propriae
1007 1712 1118 1775 limites
1141 1711 1289 1775 exhibuit.
1313 1714 1378 1776 Pe.

285 1798 383 1857 invius
413 1796 443 1856 in
465 1796 545 1857 notia
573 1794 613 1857 ad
645 1794 858 1876 Nicephorum
877 1793 955 1857 haec
983 1795 1138 1858 examinat
1169 1794 1243 1859 edit.
1262 1798 1379 1881 Regiae

284 1900 354 1962 pag.
378 1876 430 1940 61.

367 1982 454 2047 laid.
481 1960 531 2050 15.
580 1984 624 2067 τῷ
646 1981 682 2045 δέ
710 1982 894 2070 Δεκεμβρίῳ
918 1980 998 2064 μηνὶ
1023 1978 1084 2065 κε’]
1115 1984 1197 2049 diem
1230 1986 1271 2049 22
1312 2008 1377 2069 po-

283 2066 348 2233 pepp
353 2064 549 2211 ¹⁸1pslpronicon
577 2067 671 2131 idem.
719 2066 875 2149 baptismo
901 2068 993 2130 aimul
1014 2068 1147 2131 tinctum
1167 2070 1266 2131 refert
1283 2072 1377 2134 Nice-

365 2244 514 2327 463,10.
566 2248 745 2330 παρέλαβον
781 2244 812 2311 oi
832 2247 963 2329 Πέρσαι
992 2246 1048 2312 τὸν
1080 2246 1254 2334 Ἰορδάνην]
1283 2251 1380 2316 habet

284 2330 362 2395 haec
376 2332 541 2416 superiore
568 2354 650 2395 anno
673 2334 784 2395 ebron.
808 2332 960 2395 Alexand(
984 2331 1156 2417 dequibus
1177 2336 1380 2400 S.Annstasii

284 2418 397 2480 Persae
419 2424 513 2500 geela,
536 2417 621 2501 apud
645 2418 773 2480 Surium
794 2416 834 2479 92
857 2418 1003 2498 ianuarii,
1020 2416 1169 2481 Leontius
1190 2418 1222 2481 in
1242 2420 1304 2482 rita
1325 2421 1381 2481 lo-

286 2502 371 2562 annis
387 2500 585 2564 Alexandrini
608 2501 748 2584 episcopi
771 2499 908 2561 cladibus
931 2502 993 2564 istie
1022 2505 1247 2582 coaetanei,·et
1266 2504 1380 2568 Antio·

288 2583 362 2646 chne
387 2583 557 2656 monachus
580 2583 686 2646 laurae
708 2585 739 2645 S.
761 2585 860 2646 Sabae
883 2585 914 2645 in
935 2584 1081 2647 homiliis.

368 2691 451 2835 13de
469 2689 518 2754 17.
568 2691 613 2779 τῷ
633 2691 663 2752 δ’
693 2687 782 2775 αὐτῷ
801 2686 867 2753 ε’τει
894 2690 1024 2776 ἐτέχθη]
1045 2695 1239 2778 Nicephorur
1260 2693 1301 2756 ad
1320 2715 1379 2757 an-

286 2795 362 2836 num
453 2816 460 2834 .
746 2787 749 2796 “

370 2873 452 2936 Ιέιίά.
468 2872 518 2937 20.
560 2871 739 2953 παρέλαβον
769 2867 800 2935 oi
832 2873 963 2954 Πέρσαι
990 2871 1047 2956 τὴν
1077 2873 1255 2962 Αἴγυπτον]
1286 2875 1380 2939 Nice-

287 2956 407 3039 phorm
431 2959 470 3020 ad
486 2979 601 3018 annum
611 2953 683 3035 616,
699 2957 873 3019 chronicon
891 2957 1036 3020 Alexand.
1058 2958 1090 3021 iu
1105 2962 1246 3043 priorem
1264 2982 1381 3022 annum

288 3049 435 3102 revocat:
456 3039 709 3124 quarelegendus
719 3041 861 3103 Petavina
884 3041 915 3104 io
925 3043 1137 3127 Nicephorum
1151 3044 1255 3108 locum
1269 3065 1379 3108 emen-

290 3123 378 3204 dans,
400 3124 543 3186 editionia
564 3123 678 3208 Regiae
700 3145 772 3207 pag.
792 3121 844 3184 65.

370 3235 498 3318 ‘idisti⁶
539 3236 751 3322 ἐστράτευσαν
781 3235 813 3304 οἱ
831 3241 963 3321 Πέρσαι
983 3238 1064 3305 κατά
1094 3236 1310 3325 Χαλκηδόνος]
1329 3241 1380 3302 ri.

289 3321 407 3387 dendus
429 3324 637 3406 Nicephorum
662 3333 694 3387 el
715 3323 860 3386 Petavius
883 3325 915 3384 in
936 3347 1017 3404 enm,
1037 3325 1111 3389 edit.
1128 3328 1204 3410 Περ.
1225 3323 1362 3410 pepon·

372 3430 454 3493 Ῑάὶά.
485 3433 532 3493 15.
587 3426 801 3512 ἐστράτευσαν
828 3428 984 3515 uadem}
1005 3455 1041 3495 ex
1058 3431 1231 3516 Nicephori
1250 3431 1382 3496 historia

290 3513 329 3575 ad
350 3534 465 3575 annum
486 3511 558 3576 619.
602 3513 679 3577 hece
700 3513 806 3577 eadem
833 3514 943 3579 chron.
958 3516 1105 3580 Alexand.
1123 3518 1163 3581 ad
1184 3537 1301 3580 annam
1319 3517 1383 3581 He·

291 3595 379 3659 raclii
403 3595 609 3660 undecimum.

373 3705 445 3790 465,
466 3711 497 3774 7.
532 3705 720 3794 Ἡράκλειος
739 3706 817 3791 πρὸς
837 3709 1067 3800 τὸνΧαγάνσν]
1088 3736 1198 3798 pacem
1219 3737 1291 3778 cnm
1301 3716 1384 3778 eb·-

291 3795 376 3858 rihua
404 3797 512 3858 initam
541 3803 697 3858 memoret
725 3796 918 3878 Nicephorus
955 3797 995 3860 ad
1031 3821 1145 3860 annum
1162 3796 1235 3861 626.
1259 3823 1277 3862 a
1302 3821 1384 3881 pen·

290 3877 341 3942 dix
361 3878 400 3940 ed
418 3881 510 3941 Marii
530 3877 706 3940 chronicon
735 3879 884 3941 historice
906 3882 1104 3944 Francorum
1123 3891 1211 3944 tomo
1231 3884 1261 3944 1.
1309 3886 1385 3945 ιοινιι·

290 3983 409 4023 murum
424 3965 542 4046 longum
553 3965 803 4046 interrumpentes,
822 3977 853 4025 et
864 3963 909 4024 σά
927 3967 1047 4027 moceria
1057 3965 1121 4030 ΟΡ.
1140 3967 1381 4050 peraccedentes,

290 4063 358 4104 cum
377 4047 543 4126 praedicto
571 4048 643 4129 imp.
663 4059 765 4108 mutuo
786 4050 820 4108 in
851 4067 940 4109 mum
959 4063 1060 4110 ετοιιιε
1075 4051 1309 4134 conloquentem
1328 4053 1387 4136 qni

153 4191 155 4205 ,
290 4141 441 4212 acceptum
462 4130 504 4193 ab
522 4149 558 4194 eo
574 4130 666 4216 pocla
679 4129 823 4215 pretium,
845 4129 895 4193 ad
914 4145 1028 4217 tempru
1045 4134 1196 4198 medum.
