3050 4900
486 364 538 429 rx
557 354 823 429 'rasorusrsn
976 351 981 361 ’
1134 334 1207 428 sss

118 532 181 595 lilla
202 531 314 617 implut
333 532 397 597 beo
418 542 451 598 et
471 536 669 599 consentanei
689 535 780 598 huius
803 544 916 598 contra
936 534 1084 619 pletalem
1101 543 1210 601 exten.

116 616 220 679 dendo
252 616 514 699 persecutionem.
561 641 621 703 per
651 621 801 681 aestivum
827 641 905 682 vero
934 618 1098 680 solstitium
1117 618 1209 679 huius

116 699 251 761 decimae
273 700 460 777 indictionis,
483 713 557 785 post
579 724 713 786 nequam
733 704 772 765 de
793 703 1023 765 contribulibus
1047 712 1210 783 acceptam

119 784 292 861 victoriam,
315 794 426 847 contra
439 784 672 869 bithynensium
683 788 827 849 Nicaeam
849 786 1002 869 praelium
1024 792 1212 847 construunt

118 866 346 929 Saracenorum
363 869 477 931 cinerei
495 869 569 952 duc,
590 874 684 931 Amer
700 868 818 932 scilicet
841 871 872 931 in
889 869 1013 933 milibus
1035 866 1211 953 quindecim

117 950 334 1033 expeditorum
356 972 562 1034 praecurrens
578 962 610 1017 et
623 953 811 1036 imparatam
834 953 1027 1015 circumdans
1043 953 1212 1028 civitatem,

118 1044 150 1095 ct
169 1033 309 1096 Mauhias
339 1034 526 1119 subsequens
556 1036 589 1097 in
608 1037 672 1099 aliis
702 1038 882 1119 octuaginta
910 1039 1051 1120 quinque
1073 1035 1211 1107 milibus,

119 1139 197 1199 quae
231 1128 304 1199 post
332 1120 462 1181 multam
493 1120 688 1183 obsidionem
721 1128 753 1183 et
792 1121 1017 1202 particularem
1045 1140 1213 1185 murorum

119 1202 310 1263 eversionem
330 1200 410 1263 hanc
424 1202 551 1288 quidem
570 1224 633 1265 non
652 1202 869 1279 obtinuerunt,
890 1204 970 1267 bene
986 1203 1121 1285 acceptis
1140 1224 1214 1263 san-

119 1294 247 1345 ctorum
267 1294 395 1367 patrum
417 1286 564 1367 precibus
585 1286 626 1349 ad
647 1285 739 1349 deum
761 1288 899 1365 directis,
917 1296 950 1349 et
969 1286 1226 1348 sanctificatione

119 1368 252 1435 iaciente
272 1368 456 1431 venerabilia
476 1368 596 1452 templi,
618 1369 671 1431 ubi
694 1370 725 1431 in
749 1369 886 1431 colendis
907 1370 968 1431 suis
983 1367 1215 1431 characteribus

120 1450 299 1531 eriguntur,
328 1461 361 1513 et
384 1472 482 1536 usque
506 1474 589 1515 nunc
611 1454 649 1516 ab
674 1452 721 1515 his
751 1453 805 1539 qui
827 1454 870 1515 eis
891 1453 1002 1515 similes
1021 1462 1094 1515 sunt
1113 1452 1216 1513 hono.

120 1544 242 1595 rantur.
295 1544 461 1618 praeterea
485 1536 713 1599 'Constantinus
747 1534 874 1620 quidam
906 1545 1025 1599 strator
1052 1533 1217 1598 Artabasdi

120 1616 224 1678 videns
237 1618 402 1701 imaginem
424 1618 472 1681 dci
485 1620 643 1702 genitricis
666 1628 809 1700 stantem,
831 1620 1060 1703 apprehensum
1082 1618 1217 1700 lapidem

28 1756 38 1776 ,
121 1698 282 1763 adversum
302 1724 370 1764 eam
401 1703 554 1785 proiecit,
576 1714 608 1766 et
628 1704 799 1783 contrivit,
825 1715 857 1767 et
882 1726 952 1766 cnm
976 1702 1133 1765 cecidisset
1153 1702 1217 1762 cal·

122 1784 226 1863 cavit3
246 1796 279 1846 et
299 1785 385 1859 sidet
403 1786 435 1847 in
458 1788 572 1849 somnis
592 1786 844 1850 adstantem'sibi
866 1785 1035 1865 dominam,
1056 1796 1088 1847 et
1108 1784 1218 1847 dicen-

123 1878 184 1929 tem
205 1870 311 1931 “nosti
332 1890 426 1951 quam
447 1879 568 1933 sontem
584 1870 615 1930 in
635 1891 685 1931 me
699 1892 820 1933 causam
842 1870 937 1933 fueris
956 1878 1119 1955 operatus:
1143 1886 1218 1931 vere

123 1960 235 2013 contra
257 1960 354 2036 caput
375 1963 465 2015 tuum
490 1954 552 2017 hoc
571 1954 702 2015 fecisti.”
743 1965 869 2037 postera
892 1974 969 2016 vero
995 1953 1044 2015 die
1064 1975 1136 2020 cum
1159 1953 1315 2034 Sat-pm

123 2034 229 2095 moeni
249 2035 395 2099 adversus
416 2058 542 2099 murum
557 2037 765 2101 incursionem
779 2039 919 2100 iacerent
938 2046 970 2101 el
984 2047 1130 2121 ageretur
1150 2035 1218 2096 bel-

122 2119 195 2194 lum,
219 2139 349 2181 currens
371 2118 411 2181 ad
427 2142 553 2182 murum
574 2132 609 2182 ut
637 2122 726 2183 fortis
754 2123 841 2184 miles
862 2122 965 2184 infelix
986 2122 1037 2183 ille
1057 2120 1182 2183 elicitur
1201 2142 1220 2179 a

122 2200 227 2284 lapide
246 2202 424 2265 transmisso
446 2224 480 2267 ex
498 2226 661 2287 mangano,
683 2213 716 2266 et
736 2205 910 2266 contritum
929 2214 974 2267 est
992 2212 1088 2287 caput
1107 2204 1170 2266 eius
1186 2210 1218 2263 et

120 2285 232 2363 facies,
245 2284 366 2367 dignans
380 2288 545 2370 impietatis
564 2309 637 2350 suae
650 2288 892 2350 retributionem
902 2288 1101 2370 percipiens3
1124 2308 1221 2367 prae-

121 2368 229 2452 daque
250 2369 344 2429 multa
368 2379 400 2431 et
418 2370 531 2432 exuviis
546 2371 692 2433 Saraceni
713 2372 850 2433 collectis
870 2371 988 2433 reversi
1009 2380 1090 2446 sunt,
1112 2378 1221 2430 osten-

120 2451 218 2514 dente
232 2451 290 2515 deo
305 2454 336 2516 in
353 2453 415 2516 boc
435 2457 530 2518 etiam
544 2456 643 2538 impio
665 2456 719 2530 illi,
735 2455 822 2538 quod
837 2476 899 2517 non
913 2464 1050 2537 propter
1063 2453 1222 2536 pictatem,

122 2547 157 2598 ut
184 2535 236 2598 ille
259 2536 448 2619 diffamabat,
471 2538 509 2600 de
531 2539 760 2600 contribulibus
780 2538 1043 2619 triumphauerit,
1066 2535 1119 2598 sed
1140 2555 1221 2619 pro-

120 2630 194 2702 pter
224 2617 364 2682 divinum
394 2630 427 2684 et
448 2622 602 2685 ineffabile
633 2619 792 2706 quoddam
813 2613 973 2698 iudicium,
993 2619 1162 2684 retundens
1184 2640 1220 2681 uc

121 2723 287 2764 removens
307 2704 483 2767 huiusmodi
503 2707 664 2768 Arabicam
685 2705 906 2768 fortitudinem
927 2727 945 2766 a
963 2713 1145 2766 sanctorum
1166 2725 1221 2786 pa.

122 2795 210 2847 trum
231 2786 358 2850 civitate
392 2789 661 2852 intercessionibus
685 2789 832 2865 illorum,
866 2797 1003 2872 propter
1025 2787 1221 2870 diligentissi-

121 2891 189 2930 mos
211 2869 410 2934 characteres
432 2872 596 2956 ipsorum,
629 2873 684 2956 qui
705 2873 908 2933 honorantur
930 2875 960 2933 in
984 2894 1033 2945 ea,
1056 2871 1088 2932 in
1111 2869 1221 2933 redar-

121 2955 285 3036 gutionem
313 2974 442 3039 quoqne
473 2978 509 3017 ac
530 2955 767 3039 inexpugnabile
798 2964 810 3015 t
834 2955 925 3016 raoni
946 2954 1096 3018 iudicium
1116 2965 1149 3017 et
1171 2954 1222 3035 pis

121 3039 282 3120 agentium
303 3036 530 3102 certitudinem.
574 3062 638 3102 uon
660 3041 742 3102 enim
771 2977 872 3100 scium
893 3039 978 3101 eirca
997 3036 1222 3100 venerabilium

121 3119 297 3181 affectivam
317 3121 485 3205 imaginum
499 3123 718 3186 adorationem
739 3122 868 3184 errabat
882 3121 1004 3204 impius,
1017 3119 1114 3182 sedet
1135 3121 1220 3181 circa

122 3203 357 3266 intercessiones
389 3206 572 3270 castissimae
603 3206 654 3270 dei
681 3205 839 3289 genitricis
869 3206 1071 3288 omniumque
1092 3212 1219 3264 sancta-

122 3309 214 3362 rum,
248 3309 387 3372 quornm
414 3299 447 3351 et
474 3291 621 3376 reliquias
652 3288 895 3365 scelestissimus,
929 3297 966 3350 ut
997 3286 1135 3369 magistri
1156 3288 1220 3348 eins

122 3371 259 3448 Arabes,
282 3371 534 3436 abominabatur.
581 3395 617 3436 ex
648 3373 710 3434 hoc
731 3371 830 3454 igitur
856 3379 1000 3452 tempore
1022 3370 1221 3453 impudenter

121 3453 216 3514 beato
241 3455 400 3518 Germano
432 3457 630 3540 patriarchae
658 3454 1008 3536 Constantinopolitano
1037 3453 1220 3538 derogabat,

123 3557 270 3606 accusans
292 3561 400 3600 ornnes
431 3549 637 3604 antecessores
667 3560 738 3601 suos
758 3539 915 3621 principes
937 3549 969 3601 et
990 3538 1153 3620 pontifices
1175 3545 1221 3598 at-

128 3639 191 3702 que
214 3622 348 3704 populos
364 3620 563 3701 Christianos,
587 3623 672 3707 quasi
687 3623 838 3684 idolatrae
853 3623 972 3683 fuerint
989 3643 1086 3703 super
1107 3621 1223 3682 adora·
1231 3648 1258 3703 p.
1268 3629 1323 3684 626

123 3703 213 3766 tione
246 3715 424 3768 sanctarum
463 3727 499 3768 ac
533 3707 759 3770 venerabilium
793 3707 978 3782 iconarum,
1007 3725 1070 3766 nou
1099 3705 1223 3787 capiens

124 3784 224 3848 idiota
267 3786 450 3852 infidelitate
493 3801 602 3874 captus
650 3789 688 3852 de
732 3787 886 3850 allectuali
928 3787 1116 3852 adoratione
1156 3808 1224 3850 scr·
1339 3833 1346 3844 .

126 3890 265 3932 monem.

208 3969 317 4032 Mundi
339 3993 421 4034 anno
444 3969 536 4051 6219,
558 3971 681 4034 divinae
703 3969 926 4032 incarnationis
947 3992 1028 4031 anno
1043 3969 1119 4047 719,
1141 3991 1224 4032 anno

127 4071 207 4114 vero
231 4054 353 4136 imperii
372 4057 482 4119 Leonis
503 4055 668 4124 undecimo
696 4055 867 4138 Gregorius
887 4075 968 4137 papa
989 4055 1146 4116 Romanus
1166 4055 1224 4116 ba-

125 4133 234 4284 l'seeffi
255 4139 385 4286 oppdum
407 4162 534 4228 quoque
556 4161 638 4203 auno
655 4139 795 4204 blachias
818 4146 910 4221 capto
935 4139 1028 4202 Ateus
1048 4145 1151 4202 castro
1171 4161 1224 4203 ra-
