3050 4900
305 360 374 439 194
457 370 665 438 aunsrtsn
697 370 890 435 ursionis
927 366 1235 435 ucenrsusnca

300 550 381 608 sunt
431 550 464 603 at
493 539 536 603 illi
565 540 685 601 sarcina
719 560 831 603 eornm
864 546 897 601 et
925 537 1002 601 escis
1033 536 1171 619 abreptis
1192 535 1392 615 obsederunt,

301 646 465 709 monsque
486 625 641 690 civitatem
663 633 835 705 ceperunt:
858 621 1037 685 defecerant
1057 620 1141 683 enim
1159 620 1216 684 illis
1236 640 1332 696 mone,
1353 640 1391 683 ao
1488 692 1494 706 ι

302 730 360 790 per
381 706 443 769 hoc
462 708 613 771 recessuri
633 716 732 770 erant.
774 726 874 789 porro
895 706 954 765 riri
977 706 1153 788 Tyaneuses
1174 704 1220 767 his
1242 706 1312 765 aisis
1334 703 1391 767 de-

300 792 416 873 sperati
435 812 506 853 acce
532 801 625 853 erunt
647 792 777 853 verbum
798 788 1006 852 indemnitatis
1026 809 1109 865 suae,
1132 796 1166 851 et
1188 790 1329 849 exierunt
1349 786 1390 851 ad

301 895 365 951 eos,
386 884 419 937 et
437 812 584 937 dereiiota
598 883 643 936 ast
659 874 767 935 civitas
783 875 903 935 deserta
919 892 1016 969 usque
1035 873 1066 933 in
1083 880 1276 953 praesentem
1294 871 1390 933 diem.

213 986 215 991 ·
302 978 409 1021 verum
433 957 475 1019 illi
491 979 553 1020 non
565 967 721 1020 servantes
736 956 868 1019 verbnm
889 956 945 1021 hos
965 976 996 1015 m
1010 958 1150 1018 eremum
1163 956 1266 1019 exules
1286 965 1391 1017 trans·

301 1042 462 1120 miseruut,
483 1051 515 1104 et
528 1040 643 1103 multos
664 1062 704 1117 cx,
723 1040 768 1101 his
787 1061 893 1103 remos
914 1038 1122 1104 retinuerunt.

382 1156 492 1222 Mundi
514 1178 595 1219 anno
610 1154 702 1233 6900,
724 1156 847 1221 divinae
865 1154 1085 1219 incarnationis
1105 1175 1188 1217 auno
1209 1153 1282 1232 700,
1306 1175 1388 1217 anno

300 1260 378 1303 vero
401 1240 524 1323 imperii
549 1240 708 1303 lastiniani
730 1241 841 1323 quinto
864 1238 965 1302 movit
985 1238 1156 1304 exereitum
1176 1236 1256 1303 suas
1278 1246 1391 1300 contin

300 1325 490 1403 hominium,
512 1334 545 1387 et
565 1326 668 1388 multis
691 1323 721 1385 in
745 1322 959 1406 captivitatem
977 1321 1077 1386 ductis
1098 1322 1209 1401 rediit,
1230 1330 1263 1385 et
1285 1325 1391 1406 coepit

300 1408 464 1471 aedificare
486 1409 577 1471 Garis
601 1408 632 1471 in
654 1408 785 1490 regione
798 1408 965 1489 Eupoleosi

383 1528 473 1587 Auno
497 1524 620 1606 imperii
650 1524 808 1586 lastiniani
828 1532 914 1584 sexto
942 1523 1041 1584 movit
1062 1521 1231 1585 exercitum
1251 1520 1389 1591 Uthmau

299 1616 409 1669 eontra
434 1608 592 1686 Ciliciam,
622 1617 655 1669 et
674 1606 772 1667 marita
805 1615 905 1671 castra
928 1606 1025 1668 verbo
1054 1604 1183 1689 accepit.
1224 1602 1391 1686 proditum

193 1713 220 1769 p.
235 1697 402 1753 578autem
424 1701 469 1753 est
491 1692 520 1753 ei
541 1701 574 1753 et
596 1692 783 1753 camachum
805 1712 877 1752 cum
898 1688 1106 1751 adiacentibus
1123 1688 1183 1751 sibi
1204 1687 1293 1749 locis.
1335 1689 1388 1749 in-

298 1785 384 1837 terea
416 1772 597 1835 lastinianus
620 1776 700 1835 stolo
734 1776 865 1857 copioso
896 1782 1017 1835 ennato
1048 1776 1192 1834 Maurum
1220 1770 1391 1853 patricium

297 1858 381 1919 misit
414 1858 603 1919 chersonem
636 1876 697 1920 una
726 1878 800 1919 cum
830 1856 989 1940 Stephano
1018 1858 1154 1940 patricio
1179 1862 1389 1938 cognomento

297 1942 440 2015 Asmicto,
463 1940 617 2002 malornm
647 1942 798 2003 memoria
826 1961 985 2003 succensus
1016 1938 1260 2036 insidiarumque
1275 1958 1390 1999 recor..

298 2024 386 2088 datus
408 2032 519 2088 contra
554 2044 585 2085 se
612 2046 629 2085 a
651 2024 939 2088 chersonitensibus
966 2034 998 2086 et
1030 2021 1389 2106 abospborsanensibus

297 2128 333 2171 ac
356 2105 483 2191 reliquis
503 2104 676 2169 climatibus
691 2111 882 2186 ellcctarnm,
903 2129 1008 2171 omnes
1029 2126 1131 2185 nares,
1153 2106 1321 2169 dromones
1341 2106 1389 2167 ri.

297 2189 419 2267 delicet,
442 2190 552 2253 trieres
573 2199 605 2253 et
622 2190 758 2275 scaphas,
782 2190 931 2255 chimeras
951 2212 988 2251 no
1008 2191 1117 2253 lintres
1133 2210 1233 2273 usque
1251 2186 1292 2249 ad
1312 2184 1389 2250 che·

176 2267 182 2279 ’
297 2271 414 2351 lendin,
435 2294 493 2355 per
523 2274 723 2339 collationem
745 2276 784 2337 ab
809 2295 1002 2359 unoquoquo
1033 2273 1243 2337 habitantium
1264 2270 1389 2348 urbem,

297 2368 476 2419 senatorum
497 2356 614 2423 scilicet
632 2368 663 2421 et
676 2359 956 2443 ergasteriacorum
968 2368 1001 2419 et
1013 2357 1210 2440 plebeiorum
1232 2378 1270 2417 no
1290 2356 1390 2417 omnis

297 2440 400 2518 officii,
422 2440 558 2525 collegit.
601 2444 714 2527 quihus
734 2442 828 2508 missis
849 2440 1012 2525 praecepit
1033 2461 1139 2503 omnes
1160 2440 1333 2502 habitantes
1353 2440 1387 2502 iu

297 2525 402 2586 castris
427 2523 482 2586 illis
506 2523 609 2608 gladio
631 2527 809 2590 interficere
838 2537 871 2592 et
899 2526 1054 2588 neminem
1075 2525 1243 2599 virilicare,
1264 2523 1392 2586 tradens

297 2609 340 2670 eis
361 2617 393 2669 et
419 2607 538 2670 Heliam
564 2610 780 2693 spatharium,
801 2610 855 2694 qui
891 2608 1022 2672 deberet
1047 2609 1194 2690 princeps
1224 2607 1391 2670 Chersonis

298 2692 479 2752 constitui·
505 2693 560 2775 qui
591 2693 780 2756 Chersouem
812 2693 1045 2776 pervenientes,
1078 2695 1199 2754 nemine
1228 2691 1287 2752 sihi
1310 2691 1389 2754 resi.

295 2782 404 2851 stante,
426 2783 525 2837 castra
545 2787 696 2856 ceperunt
711 2785 742 2838 et
762 2797 869 2837 onnnes
883 2775 985 2858 gladio
1001 2777 1236 2852 interfecerunt,
1255 2775 1390 2855 exeeptis

298 2857 474 2934 infantibus,
501 2867 612 2938 utpote
632 2859 771 2940 parvulis
793 2860 838 2921 bis
857 2867 1018 2940 parcentes
1042 2869 1074 2922 et
1085 2859 1144 2922 sibi
1164 2857 1220 2922 hos
1242 2858 1275 2919 in
1288 2859 1389 2920 serui.

297 2941 376 3003 tium
398 2953 594 3003 reservantes.
636 2941 804 3004 Tudnnnm
825 2953 928 3014 autem
943 2943 1119 3027 principem
1134 2939 1311 3014 chersonis,
1333 2939 1390 3023 qui

297 3032 334 3084 ut
354 3043 389 3086 ex
404 3043 537 3105 persona
553 3023 680 3108 chagani
696 3038 775 3101 erat,
794 3027 973 3105 etZoelum,
996 3028 1052 3109 qui
1071 3047 1108 3088 er
1128 3026 1207 3088 linea
1221 3033 1254 3087 et
1274 3043 1390 3105 genere

297 3106 417 3188 primus
431 3107 545 3171 civium
559 3106 742 3188 habebatur,
763 3117 858 3193 atque
879 3108 952 3172 alios
966 3109 1172 3193 quadraginta
1187 3108 1320 3170 illustres
1335 3127 1389 3170 sen

297 3189 451 3271 primores
463 3189 626 3255 Chersonis
641 3214 701 3255 nna
721 3215 792 3254 cum
806 3195 921 3255 familis
936 3193 1075 3276 ipsorum
1097 3193 1217 3256 ainmos
1232 3190 1271 3252 nd
1287 3191 1390 3272 impe·

301 3280 441 3336 retorem
458 3275 618 3338 miserunt
641 3277 715 3338 alios
734 3297 812 3340 raro
834 3288 953 3359 septem
965 3298 1002 3338 er
1021 3276 1214 3358 primoribus
1223 3274 1388 3336 Chersonis

200 3374 294 3448 p,579
303 3357 333 3418 in
359 3356 493 3420 verubus
514 3359 619 3441 ligneis
634 3360 697 3444 igni
711 3362 901 3444 applicantes
923 3363 1114 3432 assaierunt3
1138 3359 1213 3420 alios
1226 3358 1319 3421 etiam
1343 3357 1390 3418 vi·

300 3439 379 3523 giuti
400 3451 472 3524 post
491 3449 614 3526 tergum
637 3443 750 3508 horum
777 3443 913 3506 brachiis
937 3443 1047 3504 vinctis
1067 3441 1106 3504 ad
1126 3442 1195 3504 lora
1216 3441 1300 3504 navis
1321 3441 1390 3504 alli·

302 3532 417 3604 gantas,
436 3535 468 3587 et
490 3524 640 3610 lapidibus
661 3526 741 3590 hano
764 3527 937 3612 implentes,
958 3527 990 3586 in
1015 3525 1209 3610 profundum
1229 3525 1390 3588 miseruut.

302 3607 348 3668 his
371 3617 474 3670 autem
503 3609 684 3673 lastinianus
713 3610 892 3693 compertis,
952 3629 988 3672 ro
1009 3611 1109 3671 salute
1127 3631 1301 3692 puerorum
1320 3629 1392 3668 sae·

301 3689 396 3770 risus,
417 3691 504 3756 iussit
521 3713 572 3755 eos
594 3691 633 3754 nd
653 3715 684 3756 se
705 3695 889 3779 quantocius
909 3631 1064 3756 advenire
1107 3715 1181 3754 cnm
1202 3701 1305 3755 autem
1324 3701 1392 3752 sto-

302 3773 348 3836 lus
369 3795 473 3839 mense
495 3775 649 3839 Octobrio
674 3788 776 3839 motus
808 3787 840 3839 et
862 3778 892 3838 in
913 3778 1022 3862 pelago
1044 3785 1294 3860 praeoccupatus
1312 3783 1391 3838 esset

303 3859 333 3919 in
357 3860 430 3920 astri
453 3868 527 3922 ortu
547 3859 632 3944 quod
651 3861 770 3922 Arture
787 3858 923 3940 dicitur,
947 3882 1028 3943 pene
1049 3869 1134 3923 totus
1155 3861 1312 3922 demersus
1334 3868 1391 3920 est.

302 3963 375 4004 sane
399 3951 559 4005 numerata
584 3954 654 4006 saint
681 3965 793 4005 eornm
822 3943 877 4043 gui
899 3943 1060 4028 naufragio
1086 3944 1210 4027 periere
1233 3942 1319 4004 milia
1340 3961 1392 4003 se-

301 4025 466 4107 ptuaginta
487 4027 560 4089 tria.
604 4033 732 4089 atvero
761 4029 944 4090 lustsnianus
967 4025 1012 4088 his
1045 4028 1156 4110 agnitis
1177 4049 1241 4088 non
1263 4035 1308 4088 est
1329 4026 1392 4087 tri-

303 4117 411 4184 status,
434 4109 509 4194 quin
527 4109 632 4195 potius
654 4109 767 4196 gaudio·
790 4110 936 4195 repletus.
959 4119 990 4172 et
1009 4109 1188 4173 huiusmodi
1209 4108 1311 4172 adlsuo
1334 4129 1393 4169 ve·
1430 4150 1435 4159 ·

301 4189 404 4254 suniae
425 4193 557 4275 deditus,
579 4193 715 4260 clamore
737 4216 849 4282 magno
863 4195 1007 4260 minitans
1027 4195 1143 4260 iterum
1163 4193 1258 4257 alium
1277 4189 1392 4255 stolum
