<?xml version="1.0" encoding="UTF-8"?>
<!DOCTYPE html PUBLIC "-//W3C//DTD XHTML 1.0 Transitional//EN"
    "http://www.w3.org/TR/xhtml1/DTD/xhtml1-transitional.dtd">
<html xmlns="http://www.w3.org/1999/xhtml" xml:lang="en" lang="en">
 <head>
  <title>
</title>
<meta http-equiv="Content-Type" content="text/html;charset=utf-8" />
  <meta name='ocr-system' content='tesseract 3.04.00' />
  <meta name='ocr-capabilities' content='ocr_page ocr_carea ocr_par ocr_line ocrx_word'/>
</head>
<body>
  <div class='ocr_page' id='page_1' title='image "./corpusscriptoru34theogoog_0572.png"; bbox 0 0 3050 4900; ppageno 0'>
   <div class='ocr_carea' id='block_1_1' title="bbox 614 398 1219 471">
    <p class='ocr_par' dir='ltr' id='par_1_1' title="bbox 614 398 1219 471">
     <span class='ocr_line' id='line_1_1' title="bbox 614 398 1219 471; baseline 0.002 -2"><span class='ocrx_word' id='word_1_1' title='bbox 614 402 762 471; x_wconf 76' lang='lat' dir='ltr'><strong>NOTAE.</strong></span> <span class='ocrx_word' id='word_1_2' title='bbox 1147 398 1219 470; x_wconf 83' lang='grc'><strong>563</strong></span> 
     </span>
    </p>
   </div>
   <div class='ocr_carea' id='block_1_2' title="bbox 217 576 1218 669">
    <p class='ocr_par' dir='ltr' id='par_1_2' title="bbox 217 576 1218 669">
     <span class='ocr_line' id='line_1_2' title="bbox 217 576 1218 669; baseline 0.003 -27"><span class='ocrx_word' id='word_1_3' title='bbox 217 577 288 647; x_wconf 80' lang='grc'><strong>756.</strong></span> <span class='ocrx_word' id='word_1_4' title='bbox 309 576 341 642; x_wconf 91' lang='grc'><strong>6.</strong></span> <span class='ocrx_word' id='word_1_5' title='bbox 386 577 542 657; x_wconf 77' lang='grc' dir='ltr'><strong><em>καπνικά]</em></strong></span> <span class='ocrx_word' id='word_1_6' title='bbox 570 582 714 647; x_wconf 76' lang='lat' dir='ltr'><strong>tributum</strong></span> <span class='ocrx_word' id='word_1_7' title='bbox 730 582 921 663; x_wconf 57' lang='lat' dir='ltr'><strong>stanneum,</strong></span> <span class='ocrx_word' id='word_1_8' title='bbox 941 583 1033 669; x_wconf 77' lang='lat' dir='ltr'><strong>quote</strong></span> <span class='ocrx_word' id='word_1_9' title='bbox 1052 582 1093 645; x_wconf 91' lang='lat' dir='ltr'><strong>ob</strong></span> <span class='ocrx_word' id='word_1_10' title='bbox 1112 584 1218 668; x_wconf 84' lang='lat' dir='ltr'><strong>singu.</strong></span> 
     </span>
    </p>
   </div>
   <div class='ocr_carea' id='block_1_3' title="bbox 42 664 1185 752">
    <p class='ocr_par' dir='ltr' id='par_1_3' title="bbox 42 664 1185 752">
     <span class='ocr_line' id='line_1_3' title="bbox 42 664 1185 752; baseline 0.004 -29"><span class='ocrx_word' id='word_1_11' title='bbox 42 724 46 738; x_wconf 73' lang='grc'><strong>,</strong></span> <span class='ocrx_word' id='word_1_12' title='bbox 133 664 179 725; x_wconf 84' lang='lat' dir='ltr'><strong>tos</strong></span> <span class='ocrx_word' id='word_1_13' title='bbox 202 685 343 749; x_wconf 86' lang='lat' dir='ltr'><strong>quosque</strong></span> <span class='ocrx_word' id='word_1_14' title='bbox 363 666 500 727; x_wconf 80' lang='lat' dir='ltr'><strong>cuminos</strong></span> <span class='ocrx_word' id='word_1_15' title='bbox 522 666 663 749; x_wconf 80' lang='lat' dir='ltr'>exigitur.</span> <span class='ocrx_word' id='word_1_16' title='bbox 706 669 846 751; x_wconf 79' lang='lat' dir='ltr'><strong>exempla</strong></span> <span class='ocrx_word' id='word_1_17' title='bbox 865 670 1001 752; x_wconf 77' lang='lat' dir='ltr'><strong>suggerit</strong></span> <span class='ocrx_word' id='word_1_18' title='bbox 1022 671 1185 730; x_wconf 81' lang='lat' dir='ltr'><strong>Menrsius.</strong></span> 
     </span>
    </p>
   </div>
   <div class='ocr_carea' id='block_1_4' title="bbox 92 768 1218 1023">
    <p class='ocr_par' dir='ltr' id='par_1_4' title="bbox 92 768 1218 1023">
     <span class='ocr_line' id='line_1_4' title="bbox 213 768 1218 854; baseline 0.002 -19"><span class='ocrx_word' id='word_1_19' title='bbox 213 772 295 837; x_wconf 74' lang='lat' dir='ltr'><strong>Ibid.</strong></span> <span class='ocrx_word' id='word_1_20' title='bbox 306 772 336 837; x_wconf 92' lang='grc'><strong>7.</strong></span> <span class='ocrx_word' id='word_1_21' title='bbox 378 768 565 853; x_wconf 79' lang='grc' dir='ltr'><strong><em>κτημάτων]</em></strong></span> <span class='ocrx_word' id='word_1_22' title='bbox 598 774 702 836; x_wconf 80' lang='lat' dir='ltr'><strong>variae</strong></span> <span class='ocrx_word' id='word_1_23' title='bbox 721 774 869 837; x_wconf 88' lang='lat' dir='ltr'><strong>lectiones</strong></span> <span class='ocrx_word' id='word_1_24' title='bbox 898 770 1096 854; x_wconf 76' lang='grc' dir='ltr'><em>κτισμάτων·</em></span> <span class='ocrx_word' id='word_1_25' title='bbox 1140 777 1218 839; x_wconf 86' lang='lat' dir='ltr'><strong>udeo</strong></span> 
     </span>
     <span class='ocr_line' id='line_1_5' title="bbox 92 855 1218 945; baseline 0.007 -30"><span class='ocrx_word' id='word_1_26' title='bbox 92 870 96 883; x_wconf 85' lang='grc'><em>·</em></span> <span class='ocrx_word' id='word_1_27' title='bbox 132 866 252 919; x_wconf 92' lang='lat' dir='ltr'><strong>utnon</strong></span> <span class='ocrx_word' id='word_1_28' title='bbox 274 855 477 939; x_wconf 76' lang='lat' dir='ltr'><strong>praediorum</strong></span> <span class='ocrx_word' id='word_1_29' title='bbox 495 856 601 937; x_wconf 88' lang='lat' dir='ltr'><strong>modo,</strong></span> <span class='ocrx_word' id='word_1_30' title='bbox 622 856 674 920; x_wconf 88' lang='lat' dir='ltr'><strong>sed</strong></span> <span class='ocrx_word' id='word_1_31' title='bbox 694 864 726 921; x_wconf 86' lang='lat' dir='ltr'><strong>et</strong></span> <span class='ocrx_word' id='word_1_32' title='bbox 744 858 957 923; x_wconf 75' lang='lat' dir='ltr'><strong>aedificiorum</strong></span> <span class='ocrx_word' id='word_1_33' title='bbox 979 861 1110 923; x_wconf 78' lang='lat' dir='ltr'><strong>meliora</strong></span> <span class='ocrx_word' id='word_1_34' title='bbox 1129 883 1147 923; x_wconf 80' lang='lat' dir='ltr'>a</span> <span class='ocrx_word' id='word_1_35' title='bbox 1167 869 1218 945; x_wconf 78' lang='lat' dir='ltr'><strong>ty.</strong></span> 
     </span>
     <span class='ocr_line' id='line_1_6' title="bbox 133 942 559 1023; baseline 0.005 -24"><span class='ocrx_word' id='word_1_36' title='bbox 133 962 232 1001; x_wconf 78' lang='lat' dir='ltr'><strong>ranno</strong></span> <span class='ocrx_word' id='word_1_37' title='bbox 255 942 372 1003; x_wconf 87' lang='lat' dir='ltr'><strong>fuerint</strong></span> <span class='ocrx_word' id='word_1_38' title='bbox 394 952 559 1023; x_wconf 80' lang='lat' dir='ltr'><strong>occupate.</strong></span> 
     </span>
    </p>
   </div>
   <div class='ocr_carea' id='block_1_5' title="bbox 212 1055 978 1140">
    <p class='ocr_par' dir='ltr' id='par_1_5' title="bbox 212 1055 978 1140">
     <span class='ocr_line' id='line_1_7' title="bbox 212 1055 978 1140; baseline -0.003 -19"><span class='ocrx_word' id='word_1_39' title='bbox 212 1058 294 1121; x_wconf 84' lang='lat' dir='ltr'><strong>lbid.</strong></span> <span class='ocrx_word' id='word_1_40' title='bbox 321 1056 351 1119; x_wconf 89' lang='lat'><strong>8.</strong></span> <span class='ocrx_word' id='word_1_41' title='bbox 393 1055 638 1140; x_wconf 76' lang='lat' dir='ltr'><strong>uovpnrmpst&#39;nv]</strong></span> <span class='ocrx_word' id='word_1_42' title='bbox 666 1078 730 1118; x_wconf 92' lang='lat' dir='ltr'><strong>non</strong></span> <span class='ocrx_word' id='word_1_43' title='bbox 753 1056 837 1119; x_wconf 82' lang='lat' dir='ltr'><strong>atiud</strong></span> <span class='ocrx_word' id='word_1_44' title='bbox 857 1080 874 1119; x_wconf 82' lang='lat' dir='ltr'><strong>u</strong></span> <span class='ocrx_word' id='word_1_45' title='bbox 895 1059 978 1120; x_wconf 87' lang='lat' dir='ltr'><strong>tisco.</strong></span> 
     </span>
    </p>
   </div>
   <div class='ocr_carea' id='block_1_6' title="bbox 129 1159 1221 1427">
    <p class='ocr_par' dir='ltr' id='par_1_6' title="bbox 129 1159 1221 1427">
     <span class='ocr_line' id='line_1_8' title="bbox 213 1159 1221 1249; baseline 0 -25"><span class='ocrx_word' id='word_1_46' title='bbox 213 1163 296 1230; x_wconf 81' lang='lat' dir='ltr'><strong>Ibid.</strong></span> <span class='ocrx_word' id='word_1_47' title='bbox 321 1164 368 1225; x_wconf 89' lang='grc'><strong>18.</strong></span> <span class='ocrx_word' id='word_1_48' title='bbox 410 1159 469 1241; x_wconf 73' lang='grc' dir='ltr'><strong>ἔξω</strong></span> <span class='ocrx_word' id='word_1_49' title='bbox 489 1165 546 1245; x_wconf 83' lang='grc' dir='ltr'><strong>τῆς</strong></span> <span class='ocrx_word' id='word_1_50' title='bbox 572 1161 711 1241; x_wconf 74' lang='grc' dir='ltr'><em>Ἀβύδου</em></span> <span class='ocrx_word' id='word_1_51' title='bbox 732 1165 867 1241; x_wconf 71' lang='grc' dir='ltr'><strong><em>σώματα</em></strong></span> <span class='ocrx_word' id='word_1_52' title='bbox 887 1163 1046 1249; x_wconf 69' lang='lat' dir='ltr'><strong>osseus]</strong></span> <span class='ocrx_word' id='word_1_53' title='bbox 1069 1165 1112 1226; x_wconf 89' lang='lat' dir='ltr'><strong>ob</strong></span> <span class='ocrx_word' id='word_1_54' title='bbox 1135 1184 1221 1248; x_wconf 89' lang='lat' dir='ltr'><strong>quo-</strong></span> 
     </span>
     <span class='ocr_line' id='line_1_9' title="bbox 130 1245 1219 1312; baseline 0 -3"><span class='ocrx_word' id='word_1_55' title='bbox 130 1245 259 1309; x_wconf 85' lang='lat' dir='ltr'><strong>tidinnns</strong></span> <span class='ocrx_word' id='word_1_56' title='bbox 282 1250 312 1307; x_wconf 92' lang='lat' dir='ltr'><strong>in</strong></span> <span class='ocrx_word' id='word_1_57' title='bbox 334 1250 563 1312; x_wconf 76' lang='lat' dir='ltr'><strong>Saracenorum</strong></span> <span class='ocrx_word' id='word_1_58' title='bbox 596 1256 693 1309; x_wconf 81' lang='lat' dir='ltr'><strong>terres</strong></span> <span class='ocrx_word' id='word_1_59' title='bbox 714 1250 909 1311; x_wconf 77' lang='lat' dir='ltr'><strong>excursiones</strong></span> <span class='ocrx_word' id='word_1_60' title='bbox 932 1250 1057 1310; x_wconf 83' lang='lat' dir='ltr'><strong>fucitior</strong></span> <span class='ocrx_word' id='word_1_61' title='bbox 1080 1249 1140 1311; x_wconf 85' lang='lat' dir='ltr'><strong>fuit</strong></span> <span class='ocrx_word' id='word_1_62' title='bbox 1161 1250 1219 1310; x_wconf 80' lang='lat' dir='ltr'><strong>illis</strong></span> 
     </span>
     <span class='ocr_line' id='line_1_10' title="bbox 129 1327 1083 1427; baseline 0 -36"><span class='ocrx_word' id='word_1_63' title='bbox 129 1331 162 1391; x_wconf 93' lang='lat' dir='ltr'><strong>in</strong></span> <span class='ocrx_word' id='word_1_64' title='bbox 187 1332 327 1414; x_wconf 78' lang='lat' dir='ltr'><strong>partibus</strong></span> <span class='ocrx_word' id='word_1_65' title='bbox 348 1353 511 1394; x_wconf 82' lang='lat' dir='ltr'><strong>serrorum</strong></span> <span class='ocrx_word' id='word_1_66' title='bbox 534 1341 675 1415; x_wconf 83' lang='lat' dir='ltr'><strong>captura.</strong></span> <span class='ocrx_word' id='word_1_67' title='bbox 727 1332 750 1392; x_wconf 89' lang='lat' dir='ltr'><strong>ii</strong></span> <span class='ocrx_word' id='word_1_68' title='bbox 772 1330 904 1411; x_wconf 79' lang='grc' dir='ltr'><strong><em>σώματα</em></strong></span> <span class='ocrx_word' id='word_1_69' title='bbox 925 1327 1083 1427; x_wconf 33' lang='grc' dir='ltr'><strong><em>οἶκετικάκ</em></strong></span> 
     </span>
    </p>
   </div>
   <div class='ocr_carea' id='block_1_7' title="bbox 110 1433 1220 1935">
    <p class='ocr_par' dir='ltr' id='par_1_7' title="bbox 110 1433 1220 1935">
     <span class='ocr_line' id='line_1_11' title="bbox 212 1433 1218 1522; baseline -0.006 -22"><span class='ocrx_word' id='word_1_70' title='bbox 212 1437 285 1517; x_wconf 79' lang='grc'><strong>757,</strong></span> <span class='ocrx_word' id='word_1_71' title='bbox 306 1437 336 1500; x_wconf 90' lang='grc'><strong>3.</strong></span> <span class='ocrx_word' id='word_1_72' title='bbox 391 1438 549 1521; x_wconf 73' lang='grc' dir='ltr'><strong>μηδέποτε</strong></span> <span class='ocrx_word' id='word_1_73' title='bbox 578 1438 752 1521; x_wconf 75' lang='grc' dir='ltr'><strong>γηπονικῶς</strong></span> <span class='ocrx_word' id='word_1_74' title='bbox 782 1433 949 1518; x_wconf 69' lang='grc' dir='ltr'><strong><em>ζήσαντας]</em></strong></span> <span class='ocrx_word' id='word_1_75' title='bbox 977 1439 1017 1500; x_wconf 93' lang='lat' dir='ltr'><strong>ob</strong></span> <span class='ocrx_word' id='word_1_76' title='bbox 1038 1438 1112 1501; x_wconf 84' lang='lat' dir='ltr'><strong>betti</strong></span> <span class='ocrx_word' id='word_1_77' title='bbox 1134 1458 1218 1522; x_wconf 91' lang='lat' dir='ltr'><strong>quo.</strong></span> 
     </span>
     <span class='ocr_line' id='line_1_12' title="bbox 129 1521 1219 1607; baseline -0.002 -24"><span class='ocrx_word' id='word_1_78' title='bbox 129 1522 207 1584; x_wconf 87' lang='lat' dir='ltr'><strong>tidie</strong></span> <span class='ocrx_word' id='word_1_79' title='bbox 226 1523 407 1605; x_wconf 83' lang='lat' dir='ltr'><strong>ingruentis,</strong></span> <span class='ocrx_word' id='word_1_80' title='bbox 428 1533 461 1584; x_wconf 87' lang='lat' dir='ltr'><strong>et</strong></span> <span class='ocrx_word' id='word_1_81' title='bbox 479 1522 650 1607; x_wconf 80' lang='lat' dir='ltr'><strong>praedendi</strong></span> <span class='ocrx_word' id='word_1_82' title='bbox 680 1521 945 1584; x_wconf 85' lang='lat' dir='ltr'><strong>consuetudinem.</strong></span> <span class='ocrx_word' id='word_1_83' title='bbox 988 1522 1064 1605; x_wconf 89' lang='lat' dir='ltr'><strong>quid</strong></span> <span class='ocrx_word' id='word_1_84' title='bbox 1084 1546 1101 1583; x_wconf 90' lang='lat' dir='ltr'><strong>u</strong></span> <span class='ocrx_word' id='word_1_85' title='bbox 1121 1542 1219 1603; x_wconf 82' lang='lat' dir='ltr'><strong>pree-</strong></span> 
     </span>
     <span class='ocr_line' id='line_1_13' title="bbox 110 1605 1219 1689; baseline -0.001 -21"><span class='ocrx_word' id='word_1_86' title='bbox 110 1606 212 1668; x_wconf 88' lang='lat' dir='ltr'><strong>·done</strong></span> <span class='ocrx_word' id='word_1_87' title='bbox 234 1605 352 1687; x_wconf 82' lang='lat' dir='ltr'><strong>praedo</strong></span> <span class='ocrx_word' id='word_1_88' title='bbox 379 1606 461 1667; x_wconf 88' lang='lat' dir='ltr'><strong>lucri</strong></span> <span class='ocrx_word' id='word_1_89' title='bbox 486 1607 649 1689; x_wconf 80' lang='lat' dir='ltr'><strong>reportet?</strong></span> <span class='ocrx_word' id='word_1_90' title='bbox 701 1605 804 1667; x_wconf 83' lang='lat' dir='ltr'><strong>uiebnt</strong></span> <span class='ocrx_word' id='word_1_91' title='bbox 833 1626 935 1687; x_wconf 81' lang='lat' dir='ltr'><strong>nuper</strong></span> <span class='ocrx_word' id='word_1_92' title='bbox 963 1608 1139 1666; x_wconf 81' lang='lat' dir='ltr'><strong>nominatus</strong></span> <span class='ocrx_word' id='word_1_93' title='bbox 1167 1605 1219 1667; x_wconf 89' lang='lat' dir='ltr'><strong>itle</strong></span> 
     </span>
     <span class='ocr_line' id='line_1_14' title="bbox 128 1686 1218 1773; baseline -0.005 -22"><span class='ocrx_word' id='word_1_94' title='bbox 128 1699 242 1773; x_wconf 83' lang='lat' dir='ltr'><strong>pyrutn</strong></span> <span class='ocrx_word' id='word_1_95' title='bbox 255 1690 355 1752; x_wconf 81' lang='lat' dir='ltr'><strong>Vasco</strong></span> <span class='ocrx_word' id='word_1_96' title='bbox 377 1690 513 1751; x_wconf 87' lang='lat' dir='ltr'><strong>nomine.</strong></span> <span class='ocrx_word' id='word_1_97' title='bbox 557 1690 596 1753; x_wconf 92' lang='lat' dir='ltr'><strong>de</strong></span> <span class='ocrx_word' id='word_1_98' title='bbox 618 1690 731 1773; x_wconf 88' lang='lat' dir='ltr'><strong>iniquis</strong></span> <span class='ocrx_word' id='word_1_99' title='bbox 745 1689 808 1749; x_wconf 88' lang='lat' dir='ltr'><strong>istis</strong></span> <span class='ocrx_word' id='word_1_100' title='bbox 827 1686 954 1771; x_wconf 81' lang='lat' dir='ltr'><strong>legibus,</strong></span> <span class='ocrx_word' id='word_1_101' title='bbox 975 1700 1009 1751; x_wconf 92' lang='lat' dir='ltr'><strong>et</strong></span> <span class='ocrx_word' id='word_1_102' title='bbox 1028 1710 1137 1751; x_wconf 83' lang='lat' dir='ltr'><strong>earum</strong></span> <span class='ocrx_word' id='word_1_103' title='bbox 1161 1690 1218 1749; x_wconf 86' lang='lat' dir='ltr'><strong>ub.</strong></span> 
     </span>
     <span class='ocr_line' id='line_1_15' title="bbox 126 1772 1220 1918; baseline 0.001 -85"><span class='ocrx_word' id='word_1_104' title='bbox 126 1773 299 1918; x_wconf 73' lang='lat' dir='ltr'><strong>rogatione¹</strong></span> <span class='ocrx_word' id='word_1_105' title='bbox 323 1772 486 1857; x_wconf 78' lang='lat' dir='ltr'><strong>legendum</strong></span> <span class='ocrx_word' id='word_1_106' title='bbox 511 1772 558 1835; x_wconf 88' lang='lat' dir='ltr'><strong>ins</strong></span> <span class='ocrx_word' id='word_1_107' title='bbox 581 1775 1076 1853; x_wconf 81' lang='lat' dir='ltr'><strong>G1·neco·romunum,Zonurns,</strong></span> <span class='ocrx_word' id='word_1_108' title='bbox 1098 1772 1220 1835; x_wconf 87' lang='lat' dir='ltr'><strong>Cedre-</strong></span> 
     </span>
     <span class='ocr_line' id='line_1_16' title="bbox 129 1856 334 1935; baseline 0.02 -18"><span class='ocrx_word' id='word_1_109' title='bbox 129 1878 196 1935; x_wconf 85' lang='lat' dir='ltr'><strong>uus,</strong></span> <span class='ocrx_word' id='word_1_110' title='bbox 218 1866 250 1919; x_wconf 88' lang='lat' dir='ltr'><strong>et</strong></span> <span class='ocrx_word' id='word_1_111' title='bbox 272 1856 334 1921; x_wconf 81' lang='lat' dir='ltr'><strong>eii.</strong></span> 
     </span>
    </p>
   </div>
   <div class='ocr_carea' id='block_1_8' title="bbox 126 1962 1218 2132">
    <p class='ocr_par' dir='ltr' id='par_1_8' title="bbox 126 1962 1218 2132">
     <span class='ocr_line' id='line_1_17' title="bbox 208 1962 1217 2045; baseline 0 -20"><span class='ocrx_word' id='word_1_112' title='bbox 208 1962 286 2040; x_wconf 85' lang='lat'><strong>759,</strong></span> <span class='ocrx_word' id='word_1_113' title='bbox 306 1962 336 2027; x_wconf 89' lang='lat'><strong>8.</strong></span> <span class='ocrx_word' id='word_1_114' title='bbox 374 1962 594 2045; x_wconf 74' lang='grc' dir='ltr'><strong>Ἆθιγγάνων]</strong></span> <span class='ocrx_word' id='word_1_115' title='bbox 622 1964 660 2025; x_wconf 92' lang='lat' dir='ltr'><strong>de</strong></span> <span class='ocrx_word' id='word_1_116' title='bbox 679 1962 866 2045; x_wconf 82' lang='lat' dir='ltr'><strong>Atbiugnnis&#39;</strong></span> <span class='ocrx_word' id='word_1_117' title='bbox 888 1963 1038 2025; x_wconf 80' lang='lat' dir='ltr'><strong>nonnulle</strong></span> <span class='ocrx_word' id='word_1_118' title='bbox 1066 1962 1217 2025; x_wconf 84' lang='lat' dir='ltr'><strong>Belsumo.</strong></span> 
     </span>
     <span class='ocr_line' id='line_1_18' title="bbox 126 2046 1218 2132; baseline -0.001 -24"><span class='ocrx_word' id='word_1_119' title='bbox 126 2067 237 2109; x_wconf 88' lang='lat' dir='ltr'><strong>eorum</strong></span> <span class='ocrx_word' id='word_1_120' title='bbox 257 2048 408 2132; x_wconf 76' lang='lat' dir='ltr'><strong>reliquiae</strong></span> <span class='ocrx_word' id='word_1_121' title='bbox 442 2071 477 2109; x_wconf 85' lang='lat' dir='ltr'><strong>ac</strong></span> <span class='ocrx_word' id='word_1_122' title='bbox 497 2068 685 2111; x_wconf 86' lang='lat' dir='ltr'><strong>successores</strong></span> <span class='ocrx_word' id='word_1_123' title='bbox 712 2046 792 2109; x_wconf 81' lang='lat' dir='ltr'><strong>{tulis</strong></span> <span class='ocrx_word' id='word_1_124' title='bbox 815 2048 971 2129; x_wconf 66' lang='lat' dir='ltr'><strong>stingari,</strong></span> <span class='ocrx_word' id='word_1_125' title='bbox 996 2047 1086 2109; x_wconf 87' lang='lat' dir='ltr'><strong>nobis</strong></span> <span class='ocrx_word' id='word_1_126' title='bbox 1107 2046 1218 2108; x_wconf 87' lang='lat' dir='ltr'><strong>Boemi</strong></span> 
     </span>
    </p>
   </div>
   <div class='ocr_carea' id='block_1_9' title="bbox 16 2129 1219 2215">
    <p class='ocr_par' dir='ltr' id='par_1_9' title="bbox 16 2129 1219 2215">
     <span class='ocr_line' id='line_1_19' title="bbox 16 2129 1219 2215; baseline 0 -24"><span class='ocrx_word' id='word_1_127' title='bbox 16 2190 21 2207; x_wconf 79' lang='grc'><strong>,</strong></span> <span class='ocrx_word' id='word_1_128' title='bbox 124 2132 173 2193; x_wconf 82' lang='lat' dir='ltr'><strong>vet</strong></span> <span class='ocrx_word' id='word_1_129' title='bbox 186 2131 339 2215; x_wconf 81' lang='lat' dir='ltr'><strong>Aegyptii,</strong></span> <span class='ocrx_word' id='word_1_130' title='bbox 365 2132 451 2215; x_wconf 82' lang='lat' dir='ltr'><strong>quud</strong></span> <span class='ocrx_word' id='word_1_131' title='bbox 468 2154 503 2193; x_wconf 86' lang='lat' dir='ltr'><strong>ex</strong></span> <span class='ocrx_word' id='word_1_132' title='bbox 514 2132 644 2193; x_wconf 82' lang='lat' dir='ltr'><strong>Oriente</strong></span> <span class='ocrx_word' id='word_1_133' title='bbox 658 2131 794 2213; x_wconf 81' lang='lat' dir='ltr'><strong>profecti</strong></span> <span class='ocrx_word' id='word_1_134' title='bbox 816 2130 847 2190; x_wconf 89' lang='lat' dir='ltr'><strong>in</strong></span> <span class='ocrx_word' id='word_1_135' title='bbox 869 2129 934 2191; x_wconf 83' lang='lat' dir='ltr'><strong>illes</strong></span> <span class='ocrx_word' id='word_1_136' title='bbox 954 2140 1069 2212; x_wconf 81' lang='lat' dir='ltr'><strong>partes,</strong></span> <span class='ocrx_word' id='word_1_137' title='bbox 1092 2138 1125 2191; x_wconf 91' lang='lat' dir='ltr'><strong>et</strong></span> <span class='ocrx_word' id='word_1_138' title='bbox 1145 2131 1219 2191; x_wconf 90' lang='lat' dir='ltr'><strong>inde</strong></span> 
     </span>
    </p>
   </div>
   <div class='ocr_carea' id='block_1_10' title="bbox 126 2214 1219 2381">
    <p class='ocr_par' dir='ltr' id='par_1_10' title="bbox 126 2214 1219 2381">
     <span class='ocr_line' id='line_1_20' title="bbox 127 2214 1219 2297; baseline 0.001 -23"><span class='ocrx_word' id='word_1_139' title='bbox 127 2235 232 2275; x_wconf 82' lang='lat' dir='ltr'><strong>versus</strong></span> <span class='ocrx_word' id='word_1_140' title='bbox 254 2236 309 2276; x_wconf 89' lang='lat' dir='ltr'><strong>nos</strong></span> <span class='ocrx_word' id='word_1_141' title='bbox 330 2216 537 2297; x_wconf 83' lang='lat' dir='ltr'><strong>penetrnrint.</strong></span> <span class='ocrx_word' id='word_1_142' title='bbox 592 2214 631 2275; x_wconf 91' lang='lat' dir='ltr'><strong>de</strong></span> <span class='ocrx_word' id='word_1_143' title='bbox 659 2214 823 2275; x_wconf 90' lang='lat' dir='ltr'><strong>bominum</strong></span> <span class='ocrx_word' id='word_1_144' title='bbox 843 2214 975 2275; x_wconf 87' lang='lat' dir='ltr'><strong>istorum</strong></span> <span class='ocrx_word' id='word_1_145' title='bbox 994 2215 1081 2276; x_wconf 81' lang='lat' dir='ltr'><strong>foece</strong></span> <span class='ocrx_word' id='word_1_146' title='bbox 1102 2222 1219 2275; x_wconf 77' lang='lat' dir='ltr'><strong>tractet</strong></span> 
     </span>
     <span class='ocr_line' id='line_1_21' title="bbox 126 2296 1105 2381; baseline 0 -23"><span class='ocrx_word' id='word_1_147' title='bbox 126 2298 251 2361; x_wconf 77' lang='lat' dir='ltr'><strong>abunde</strong></span> <span class='ocrx_word' id='word_1_148' title='bbox 271 2298 381 2360; x_wconf 85' lang='lat' dir='ltr'><strong>Delrio</strong></span> <span class='ocrx_word' id='word_1_149' title='bbox 405 2300 458 2359; x_wconf 89' lang='lat' dir='ltr'><strong>tib.</strong></span> <span class='ocrx_word' id='word_1_150' title='bbox 479 2299 501 2358; x_wconf 99' lang='lat'><strong>4</strong></span> <span class='ocrx_word' id='word_1_151' title='bbox 524 2298 648 2381; x_wconf 83' lang='lat' dir='ltr'><strong>disquis.</strong></span> <span class='ocrx_word' id='word_1_152' title='bbox 672 2298 781 2379; x_wconf 80' lang='lat' dir='ltr'><strong>Magio.</strong></span> <span class='ocrx_word' id='word_1_153' title='bbox 804 2317 871 2378; x_wconf 82' lang='lat' dir='ltr'><strong>cop.</strong></span> <span class='ocrx_word' id='word_1_154' title='bbox 893 2296 915 2355; x_wconf 99' lang='lat'><strong>4</strong></span> <span class='ocrx_word' id='word_1_155' title='bbox 935 2307 1053 2380; x_wconf 79' lang='lat' dir='ltr'><strong>quaest.</strong></span> <span class='ocrx_word' id='word_1_156' title='bbox 1075 2298 1105 2358; x_wconf 85' lang='grc'><strong>6.</strong></span> 
     </span>
    </p>
   </div>
   <div class='ocr_carea' id='block_1_11' title="bbox 126 2400 1217 2942">
    <p class='ocr_par' dir='ltr' id='par_1_11' title="bbox 126 2400 1217 2816">
     <span class='ocr_line' id='line_1_22' title="bbox 210 2400 1215 2489; baseline -0.004 -20"><span class='ocrx_word' id='word_1_157' title='bbox 210 2404 292 2469; x_wconf 74' lang='lat' dir='ltr'><strong>idid.</strong></span> <span class='ocrx_word' id='word_1_158' title='bbox 318 2404 366 2474; x_wconf 82' lang='lat'><strong>19.</strong></span> <span class='ocrx_word' id='word_1_159' title='bbox 417 2400 622 2489; x_wconf 56' lang='grc' dir='ltr'><strong>Ἐξακιονιξι]</strong></span> <span class='ocrx_word' id='word_1_160' title='bbox 656 2402 881 2480; x_wconf 85' lang='lat' dir='ltr'><strong>Exocionium,</strong></span> <span class='ocrx_word' id='word_1_161' title='bbox 914 2402 954 2465; x_wconf 94' lang='lat' dir='ltr'><strong>de</strong></span> <span class='ocrx_word' id='word_1_162' title='bbox 983 2425 1046 2487; x_wconf 91' lang='lat' dir='ltr'><strong>quo</strong></span> <span class='ocrx_word' id='word_1_163' title='bbox 1067 2425 1162 2487; x_wconf 79' lang='lat' dir='ltr'><strong>supra</strong></span> <span class='ocrx_word' id='word_1_164' title='bbox 1183 2402 1215 2465; x_wconf 90' lang='lat' dir='ltr'><strong>in</strong></span> 
     </span>
     <span class='ocr_line' id='line_1_23' title="bbox 126 2486 1217 2636; baseline -0.007 -86"><span class='ocrx_word' id='word_1_165' title='bbox 126 2489 211 2636; x_wconf 52' lang='lat' dir='ltr'><strong>parisiis}</strong></span> <span class='ocrx_word' id='word_1_166' title='bbox 246 2489 284 2550; x_wconf 86' lang='lat' dir='ltr'><strong>nd</strong></span> <span class='ocrx_word' id='word_1_167' title='bbox 304 2510 378 2573; x_wconf 79' lang='lat' dir='ltr'><strong>pag.</strong></span> <span class='ocrx_word' id='word_1_168' title='bbox 404 2489 473 2554; x_wconf 88' lang='grc'><strong>150.</strong></span> <span class='ocrx_word' id='word_1_169' title='bbox 522 2488 678 2550; x_wconf 79' lang='lat' dir='ltr'><strong>haeretice</strong></span> <span class='ocrx_word' id='word_1_170' title='bbox 705 2487 756 2548; x_wconf 91' lang='lat' dir='ltr'><strong>lue</strong></span> <span class='ocrx_word' id='word_1_171' title='bbox 789 2487 956 2548; x_wconf 79' lang='lat' dir='ltr'><strong>infaustum</strong></span> <span class='ocrx_word' id='word_1_172' title='bbox 971 2507 1095 2568; x_wconf 84' lang='lat' dir='ltr'><strong>semper</strong></span> <span class='ocrx_word' id='word_1_173' title='bbox 1117 2497 1150 2549; x_wconf 92' lang='lat' dir='ltr'><strong>et</strong></span> <span class='ocrx_word' id='word_1_174' title='bbox 1169 2486 1217 2546; x_wconf 90' lang='lat' dir='ltr'><strong>iu.</strong></span> 
     </span>
     <span class='ocr_line' id='line_1_24' title="bbox 163 2623 1213 2774; baseline -0.002 -42"><span class='ocrx_word' id='word_1_175' title='bbox 163 2752 173 2774; x_wconf 37' lang='lat'><strong>⁹</strong></span> <span class='ocrx_word' id='word_1_176' title='bbox 203 2623 283 2770; x_wconf 67' lang='grc'><strong>760,</strong></span> <span class='ocrx_word' id='word_1_177' title='bbox 309 2669 360 2735; x_wconf 90' lang='grc'><strong>13.</strong></span> <span class='ocrx_word' id='word_1_178' title='bbox 402 2666 442 2734; x_wconf 78' lang='lat' dir='ltr'><strong>soi</strong></span> <span class='ocrx_word' id='word_1_179' title='bbox 468 2665 577 2752; x_wconf 77' lang='lat' dir='ltr'><strong>oded]</strong></span> <span class='ocrx_word' id='word_1_180' title='bbox 600 2669 774 2734; x_wconf 80' lang='lat' dir='ltr'><strong>correctius</strong></span> <span class='ocrx_word' id='word_1_181' title='bbox 799 2667 831 2732; x_wconf 89' lang='lat' dir='ltr'><strong>iu</strong></span> <span class='ocrx_word' id='word_1_182' title='bbox 852 2667 946 2730; x_wconf 78' lang='lat' dir='ltr'><strong>variis</strong></span> <span class='ocrx_word' id='word_1_183' title='bbox 965 2667 1151 2731; x_wconf 85' lang='lat' dir='ltr'><strong>lectionibus</strong></span> <span class='ocrx_word' id='word_1_184' title='bbox 1172 2659 1213 2730; x_wconf 80' lang='lat' dir='ltr'><strong>eci</strong></span> 
     </span>
     <span class='ocr_line' id='line_1_25' title="bbox 128 2767 1164 2816; baseline -0.005 0"><span class='ocrx_word' id='word_1_185' title='bbox 128 2777 246 2816; x_wconf 69' lang='lat' dir='ltr'><strong>nuens.</strong></span> <span class='ocrx_word' id='word_1_186' title='bbox 1160 2767 1164 2790; x_wconf 84' lang='lat'>¹</span> 
     </span>
    </p>

    <p class='ocr_par' dir='ltr' id='par_1_12' title="bbox 205 2833 1215 2942">
     <span class='ocr_line' id='line_1_26' title="bbox 205 2833 1215 2942; baseline -0.003 -16"><span class='ocrx_word' id='word_1_187' title='bbox 205 2859 279 2940; x_wconf 82' lang='lat'><strong>761,</strong></span> <span class='ocrx_word' id='word_1_188' title='bbox 301 2861 333 2924; x_wconf 89' lang='grc'><strong>3.</strong></span> <span class='ocrx_word' id='word_1_189' title='bbox 375 2857 514 2925; x_wconf 73' lang='grc' dir='ltr'><strong><em>τάλαντα</em></strong></span> <span class='ocrx_word' id='word_1_190' title='bbox 542 2861 577 2924; x_wconf 79' lang='lat' dir='ltr'><strong>dd</strong></span> <span class='ocrx_word' id='word_1_191' title='bbox 609 2833 730 2942; x_wconf 25' lang='lat' dir='ltr'><strong>siv&#39;ty&#39;]</strong></span> <span class='ocrx_word' id='word_1_192' title='bbox 765 2833 971 2924; x_wconf 54' lang='lat' dir='ltr'><strong>introeunda</strong></span> <span class='ocrx_word' id='word_1_193' title='bbox 990 2860 1163 2923; x_wconf 74' lang='lat' dir='ltr'><strong>Anastasius</strong></span> <span class='ocrx_word' id='word_1_194' title='bbox 1182 2871 1215 2923; x_wconf 93' lang='lat' dir='ltr'><strong>et</strong></span> 
     </span>
    </p>
   </div>
   <div class='ocr_carea' id='block_1_12' title="bbox 122 2944 1213 3111">
    <p class='ocr_par' dir='ltr' id='par_1_13' title="bbox 122 2944 1213 3111">
     <span class='ocr_line' id='line_1_27' title="bbox 123 2944 1213 3028; baseline 0 -22"><span class='ocrx_word' id='word_1_195' title='bbox 123 2946 257 3008; x_wconf 76' lang='lat' dir='ltr'><strong>miscella</strong></span> <span class='ocrx_word' id='word_1_196' title='bbox 284 2945 462 3021; x_wconf 76' lang='lat' dir='ltr'><strong>sexdecim,</strong></span> <span class='ocrx_word' id='word_1_197' title='bbox 491 2947 610 3007; x_wconf 87' lang='lat' dir='ltr'><strong>cunctis</strong></span> <span class='ocrx_word' id='word_1_198' title='bbox 647 2944 872 3028; x_wconf 76' lang='lat' dir='ltr'><strong>exemplaribus</strong></span> <span class='ocrx_word' id='word_1_199' title='bbox 902 2944 1030 3007; x_wconf 78' lang='lat' dir='ltr'><strong>Graecis</strong></span> <span class='ocrx_word' id='word_1_200' title='bbox 1061 2945 1213 3006; x_wconf 84' lang='lat' dir='ltr'><strong>tredecim</strong></span> 
     </span>
     <span class='ocr_line' id='line_1_28' title="bbox 122 3029 574 3111; baseline 0 -21"><span class='ocrx_word' id='word_1_201' title='bbox 122 3030 329 3111; x_wconf 86' lang='lat' dir='ltr'><strong>prodentibus</strong></span> <span class='ocrx_word' id='word_1_202' title='bbox 350 3029 574 3111; x_wconf 84' lang='lat' dir='ltr'><strong>exscripserint.</strong></span> 
     </span>
    </p>
   </div>
   <div class='ocr_carea' id='block_1_13' title="bbox 123 3131 1212 3302">
    <p class='ocr_par' dir='ltr' id='par_1_14' title="bbox 123 3131 1212 3302">
     <span class='ocr_line' id='line_1_29' title="bbox 205 3131 1212 3221; baseline -0.004 -21"><span class='ocrx_word' id='word_1_203' title='bbox 205 3135 276 3214; x_wconf 69' lang='lat'><strong>762,</strong></span> <span class='ocrx_word' id='word_1_204' title='bbox 299 3135 327 3198; x_wconf 74' lang='lat'><strong>2.</strong></span> <span class='ocrx_word' id='word_1_205' title='bbox 368 3131 499 3216; x_wconf 74' lang='grc' dir='ltr'><strong><em>ἀκήκοα]</em></strong></span> <span class='ocrx_word' id='word_1_206' title='bbox 535 3135 574 3197; x_wconf 88' lang='lat' dir='ltr'><strong>de</strong></span> <span class='ocrx_word' id='word_1_207' title='bbox 603 3157 635 3197; x_wconf 89' lang='lat' dir='ltr'><strong>se</strong></span> <span class='ocrx_word' id='word_1_208' title='bbox 665 3135 809 3221; x_wconf 90' lang='lat' dir='ltr'><strong>loquitur</strong></span> <span class='ocrx_word' id='word_1_209' title='bbox 839 3144 974 3198; x_wconf 74' lang='lat' dir='ltr'><strong>auctore</strong></span> <span class='ocrx_word' id='word_1_210' title='bbox 1004 3133 1087 3196; x_wconf 89' lang='lat' dir='ltr'><strong>unde</strong></span> <span class='ocrx_word' id='word_1_211' title='bbox 1107 3135 1212 3196; x_wconf 72' lang='lat' dir='ltr'><strong>verine</strong></span> 
     </span>
     <span class='ocr_line' id='line_1_30' title="bbox 123 3213 740 3302; baseline -0.005 -20"><span class='ocrx_word' id='word_1_212' title='bbox 123 3221 270 3284; x_wconf 80' lang='lat' dir='ltr'><strong>lectiones</strong></span> <span class='ocrx_word' id='word_1_213' title='bbox 292 3219 412 3283; x_wconf 81' lang='lat' dir='ltr'><strong>addunt</strong></span> <span class='ocrx_word' id='word_1_214' title='bbox 431 3215 449 3281; x_wconf 87' lang='lat' dir='ltr'><strong>o‘</strong></span> <span class='ocrx_word' id='word_1_215' title='bbox 472 3213 740 3302; x_wconf 71' lang='grc' dir='ltr'><strong>συγγραφόμενος.</strong></span> 
     </span>
    </p>
   </div>
   <div class='ocr_carea' id='block_1_14' title="bbox 205 3325 1083 3409">
    <p class='ocr_par' dir='ltr' id='par_1_15' title="bbox 205 3325 1083 3409">
     <span class='ocr_line' id='line_1_31' title="bbox 205 3325 1083 3409; baseline -0.005 -19"><span class='ocrx_word' id='word_1_216' title='bbox 205 3329 288 3391; x_wconf 67' lang='lat' dir='ltr'><strong>lois.</strong></span> <span class='ocrx_word' id='word_1_217' title='bbox 300 3325 330 3390; x_wconf 92' lang='grc'><strong>7.</strong></span> <span class='ocrx_word' id='word_1_218' title='bbox 372 3325 407 3389; x_wconf 71' lang='grc' dir='ltr'><strong>ἓν</strong></span> <span class='ocrx_word' id='word_1_219' title='bbox 419 3326 635 3409; x_wconf 57' lang='lat' dir='ltr'><strong>Manassae]</strong></span> <span class='ocrx_word' id='word_1_220' title='bbox 657 3327 731 3390; x_wconf 80' lang='lat' dir='ltr'><strong>stibi</strong></span> <span class='ocrx_word' id='word_1_221' title='bbox 750 3326 963 3408; x_wconf 76' lang='grc' dir='ltr'><strong><em>Μαρκέλλους</em></strong></span> <span class='ocrx_word' id='word_1_222' title='bbox 981 3333 1083 3387; x_wconf 78' lang='lat' dir='ltr'><strong>vocnt.</strong></span> 
     </span>
    </p>
   </div>
   <div class='ocr_carea' id='block_1_15' title="bbox 118 3420 1268 4226">
    <p class='ocr_par' dir='ltr' id='par_1_16' title="bbox 120 3420 1210 3607">
     <span class='ocr_line' id='line_1_32' title="bbox 204 3420 1210 3510; baseline -0.006 -20"><span class='ocrx_word' id='word_1_223' title='bbox 204 3423 275 3505; x_wconf 78' lang='grc'><strong>764,</strong></span> <span class='ocrx_word' id='word_1_224' title='bbox 301 3427 351 3490; x_wconf 86' lang='grc'><strong>15.</strong></span> <span class='ocrx_word' id='word_1_225' title='bbox 392 3426 430 3510; x_wconf 79' lang='grc' dir='ltr'><strong>τῇ</strong></span> <span class='ocrx_word' id='word_1_226' title='bbox 447 3422 489 3487; x_wconf 81' lang='grc' dir='ltr'><strong>κε’</strong></span> <span class='ocrx_word' id='word_1_227' title='bbox 511 3427 570 3487; x_wconf 76' lang='grc' dir='ltr'><strong>τοῦ</strong></span> <span class='ocrx_word' id='word_1_228' title='bbox 587 3425 731 3510; x_wconf 72' lang='grc' dir='ltr'><strong><em>Ἰουλίου]</em></strong></span> <span class='ocrx_word' id='word_1_229' title='bbox 753 3426 869 3488; x_wconf 75' lang='lat' dir='ltr'><strong>caeteri</strong></span> <span class='ocrx_word' id='word_1_230' title='bbox 890 3425 1011 3487; x_wconf 82' lang='lat' dir='ltr'><strong>codices</strong></span> <span class='ocrx_word' id='word_1_231' title='bbox 1034 3445 1092 3485; x_wconf 85' lang='lat' dir='ltr'><strong>mss</strong></span> <span class='ocrx_word' id='word_1_232' title='bbox 1109 3420 1149 3509; x_wconf 77' lang='grc' dir='ltr'><strong>τῇ</strong></span> <span class='ocrx_word' id='word_1_233' title='bbox 1164 3421 1210 3496; x_wconf 82' lang='grc' dir='ltr'><strong>κς’</strong></span> 
     </span>
     <span class='ocr_line' id='line_1_33' title="bbox 120 3508 1076 3607; baseline -0.004 -33"><span class='ocrx_word' id='word_1_234' title='bbox 120 3509 178 3574; x_wconf 81' lang='grc' dir='ltr'><strong>τοῦ</strong></span> <span class='ocrx_word' id='word_1_235' title='bbox 191 3509 331 3574; x_wconf 75' lang='grc' dir='ltr'><strong>Ἰουλίου.</strong></span> <span class='ocrx_word' id='word_1_236' title='bbox 374 3509 567 3572; x_wconf 78' lang='lat' dir='ltr'><strong>Anastasius:</strong></span> <span class='ocrx_word' id='word_1_237' title='bbox 589 3513 714 3596; x_wconf 82' lang='lat' dir='ltr'><strong>septimo</strong></span> <span class='ocrx_word' id='word_1_238' title='bbox 734 3508 876 3570; x_wconf 77' lang='lat' dir='ltr'><strong>kalendas</strong></span> <span class='ocrx_word' id='word_1_239' title='bbox 890 3511 1044 3607; x_wconf 16' lang='lat' dir='ltr'><strong>&#39;Augustei</strong></span> <span class='ocrx_word' id='word_1_240' title='bbox 1070 3589 1076 3601; x_wconf 40' lang='grc' dir='ltr'><strong><em>Ι</em></strong></span> 
     </span>
    </p>

    <p class='ocr_par' dir='ltr' id='par_1_17' title="bbox 118 3613 1268 4226">
     <span class='ocr_line' id='line_1_34' title="bbox 203 3613 1208 3705; baseline -0.003 -25"><span class='ocrx_word' id='word_1_241' title='bbox 203 3617 277 3700; x_wconf 80' lang='grc'><strong>766,</strong></span> <span class='ocrx_word' id='word_1_242' title='bbox 290 3617 324 3699; x_wconf 75' lang='grc' dir='ltr'><strong>6.Ι</strong></span> <span class='ocrx_word' id='word_1_243' title='bbox 360 3619 403 3705; x_wconf 75' lang='grc' dir='ltr'><strong>τῷ</strong></span> <span class='ocrx_word' id='word_1_244' title='bbox 424 3619 479 3700; x_wconf 75' lang='grc' dir='ltr'><strong>τῆς</strong></span> <span class='ocrx_word' id='word_1_245' title='bbox 498 3613 617 3690; x_wconf 75' lang='grc' dir='ltr'><strong><em>σοόδας</em></strong></span> <span class='ocrx_word' id='word_1_246' title='bbox 636 3617 735 3696; x_wconf 79' lang='grc' dir='ltr'><strong><em>πυρί]</em></strong></span> <span class='ocrx_word' id='word_1_247' title='bbox 755 3620 823 3700; x_wconf 48' lang='lat' dir='ltr'><strong>igne</strong></span> <span class='ocrx_word' id='word_1_248' title='bbox 849 3618 941 3698; x_wconf 81' lang='lat' dir='ltr'><strong>calli,</strong></span> <span class='ocrx_word' id='word_1_249' title='bbox 963 3617 1103 3700; x_wconf 88' lang='lat' dir='ltr'><strong>reposuit</strong></span> <span class='ocrx_word' id='word_1_250' title='bbox 1123 3619 1208 3678; x_wconf 77' lang='lat' dir='ltr'><strong>Ann-</strong></span> 
     </span>
     <span class='ocr_line' id='line_1_35' title="bbox 120 3694 1208 3784; baseline -0.002 -22"><span class='ocrx_word' id='word_1_251' title='bbox 120 3702 237 3765; x_wconf 83' lang='lat' dir='ltr'><strong>stusins.</strong></span> <span class='ocrx_word' id='word_1_252' title='bbox 279 3725 350 3766; x_wconf 81' lang='lat' dir='ltr'><strong>sane</strong></span> <span class='ocrx_word' id='word_1_253' title='bbox 371 3705 508 3778; x_wconf 70' lang='grc' dir='ltr'><strong><em>ξυλίνοις</em></strong></span> <span class='ocrx_word' id='word_1_254' title='bbox 530 3703 586 3763; x_wconf 85' lang='lat' dir='ltr'><strong>iltis</strong></span> <span class='ocrx_word' id='word_1_255' title='bbox 607 3694 805 3782; x_wconf 77' lang='grc' dir='ltr'><strong>ὀχυρώμασι,</strong></span> <span class='ocrx_word' id='word_1_256' title='bbox 827 3700 941 3784; x_wconf 85' lang='lat' dir='ltr'><strong>quibus</strong></span> <span class='ocrx_word' id='word_1_257' title='bbox 962 3699 1130 3784; x_wconf 78' lang='lat' dir='ltr'><strong>Nicephori</strong></span> <span class='ocrx_word' id='word_1_258' title='bbox 1151 3721 1208 3760; x_wconf 84' lang='lat' dir='ltr'><strong>cn-</strong></span> 
     </span>
     <span class='ocr_line' id='line_1_36' title="bbox 119 3783 1206 3870; baseline -0.002 -24"><span class='ocrx_word' id='word_1_259' title='bbox 119 3797 182 3848; x_wconf 83' lang='lat' dir='ltr'><strong>strn</strong></span> <span class='ocrx_word' id='word_1_260' title='bbox 205 3788 465 3870; x_wconf 86' lang='lat' dir='ltr'><strong>circumsepivisse</strong></span> <span class='ocrx_word' id='word_1_261' title='bbox 496 3789 650 3849; x_wconf 86' lang='lat' dir='ltr'><strong>Crumnus</strong></span> <span class='ocrx_word' id='word_1_262' title='bbox 684 3785 866 3868; x_wconf 89' lang='lat' dir='ltr'><strong>nuperrime</strong></span> <span class='ocrx_word' id='word_1_263' title='bbox 894 3784 1009 3845; x_wconf 76' lang='lat' dir='ltr'><strong>relatus</strong></span> <span class='ocrx_word' id='word_1_264' title='bbox 1036 3791 1092 3859; x_wconf 80' lang='lat' dir='ltr'><strong>est,</strong></span> <span class='ocrx_word' id='word_1_265' title='bbox 1112 3783 1206 3864; x_wconf 83' lang='lat' dir='ltr'><strong>ipsius</strong></span> 
     </span>
     <span class='ocr_line' id='line_1_37' title="bbox 120 3866 1205 3968; baseline -0.004 -38"><span class='ocrx_word' id='word_1_266' title='bbox 120 3870 203 3968; x_wconf 74' lang='lat' dir='ltr'><strong>iussu</strong></span> <span class='ocrx_word' id='word_1_267' title='bbox 226 3872 327 3954; x_wconf 83' lang='lat' dir='ltr'><strong>ignem</strong></span> <span class='ocrx_word' id='word_1_268' title='bbox 351 3871 564 3954; x_wconf 88' lang='lat' dir='ltr'><strong>suppositum,</strong></span> <span class='ocrx_word' id='word_1_269' title='bbox 593 3881 625 3932; x_wconf 86' lang='lat' dir='ltr'><strong>et</strong></span> <span class='ocrx_word' id='word_1_270' title='bbox 646 3866 796 3932; x_wconf 80' lang='lat' dir='ltr'><strong>credendi</strong></span> <span class='ocrx_word' id='word_1_271' title='bbox 827 3868 909 3929; x_wconf 81' lang='lat' dir='ltr'><strong>vium</strong></span> <span class='ocrx_word' id='word_1_272' title='bbox 928 3867 1128 3930; x_wconf 85' lang='lat' dir='ltr'><strong>interdictum</strong></span> <span class='ocrx_word' id='word_1_273' title='bbox 1151 3887 1205 3926; x_wconf 90' lang='lat' dir='ltr'><strong>su-</strong></span> 
     </span>
     <span class='ocr_line' id='line_1_38' title="bbox 119 3974 1225 4143; baseline -0.009 -20"><span class='ocrx_word' id='word_1_274' title='bbox 119 3974 274 4138; x_wconf 50' lang='grc' dir='ltr'><strong>ΙΡΜ769,</strong></span> <span class='ocrx_word' id='word_1_275' title='bbox 295 4059 325 4122; x_wconf 89' lang='grc'><strong>3.</strong></span> <span class='ocrx_word' id='word_1_276' title='bbox 366 4057 508 4143; x_wconf 70' lang='grc' dir='ltr'><strong><em>ἑστέφθη</em></strong></span> <span class='ocrx_word' id='word_1_277' title='bbox 538 4056 727 4140; x_wconf 77' lang='lat' dir='ltr'><strong>Hpoxons&#39;n]</strong></span> <span class='ocrx_word' id='word_1_278' title='bbox 762 4057 932 4141; x_wconf 84' lang='lat' dir='ltr'><strong>Nicephori</strong></span> <span class='ocrx_word' id='word_1_279' title='bbox 953 4055 1025 4135; x_wconf 73' lang='lat' dir='ltr'><strong>ntia,</strong></span> <span class='ocrx_word' id='word_1_280' title='bbox 1046 4077 1127 4120; x_wconf 85' lang='lat' dir='ltr'><strong>enno</strong></span> <span class='ocrx_word' id='word_1_281' title='bbox 1149 4077 1225 4118; x_wconf 82' lang='lat' dir='ltr'><strong>su..</strong></span> 
     </span>
     <span class='ocr_line' id='line_1_39' title="bbox 118 4142 1268 4226; baseline -0.003 -20"><span class='ocrx_word' id='word_1_282' title='bbox 118 4145 247 4225; x_wconf 89' lang='lat' dir='ltr'><strong>periore</strong></span> <span class='ocrx_word' id='word_1_283' title='bbox 268 4151 451 4206; x_wconf 80' lang='lat' dir='ltr'><strong>memoratu.</strong></span> <span class='ocrx_word' id='word_1_284' title='bbox 474 4142 544 4205; x_wconf 88' lang='lat' dir='ltr'><strong>vide</strong></span> <span class='ocrx_word' id='word_1_285' title='bbox 566 4153 673 4204; x_wconf 82' lang='lat' dir='ltr'><strong>notam</strong></span> <span class='ocrx_word' id='word_1_286' title='bbox 693 4150 884 4226; x_wconf 84' lang='lat' dir='ltr'><strong>sequentem.</strong></span> <span class='ocrx_word' id='word_1_287' title='bbox 1233 4171 1239 4184; x_wconf 92' lang='lat'><strong>·</strong></span> <span class='ocrx_word' id='word_1_288' title='bbox 1260 4146 1268 4176; x_wconf 86' lang='lat'><em>&#39;</em></span> 
     </span>
    </p>
   </div>
   <div class='ocr_carea' id='block_1_16' title="bbox 202 4243 1201 4334">
    <p class='ocr_par' dir='ltr' id='par_1_18' title="bbox 202 4243 1201 4334">
     <span class='ocr_line' id='line_1_40' title="bbox 202 4243 1201 4334; baseline -0.002 -22"><span class='ocrx_word' id='word_1_289' title='bbox 202 4251 274 4332; x_wconf 88' lang='grc'><strong>770,</strong></span> <span class='ocrx_word' id='word_1_290' title='bbox 297 4246 326 4312; x_wconf 90' lang='lat'><strong>4.</strong></span> <span class='ocrx_word' id='word_1_291' title='bbox 377 4247 559 4330; x_wconf 67' lang='lat' dir='ltr'><strong>dirimentes</strong></span> <span class='ocrx_word' id='word_1_292' title='bbox 588 4249 623 4312; x_wconf 70' lang='lat' dir='ltr'><strong>di</strong></span> <span class='ocrx_word' id='word_1_293' title='bbox 643 4244 698 4314; x_wconf 72' lang='lat' dir='ltr'><strong>eui</strong></span> <span class='ocrx_word' id='word_1_294' title='bbox 727 4243 806 4334; x_wconf 77' lang='grc' dir='ltr'><strong>πρὸς</strong></span> <span class='ocrx_word' id='word_1_295' title='bbox 822 4244 879 4312; x_wconf 79' lang='lat' dir='ltr'><strong>eds</strong></span> <span class='ocrx_word' id='word_1_296' title='bbox 894 4245 1096 4332; x_wconf 71' lang='grc' dir='ltr'><strong>Κάρονλλον]</strong></span> <span class='ocrx_word' id='word_1_297' title='bbox 1117 4248 1201 4331; x_wconf 72' lang='lat' dir='ltr'><strong>legs-</strong></span> 
     </span>
    </p>
   </div>
   <div class='ocr_carea' id='block_1_17' title="bbox 0 0 1530 4900">
    <p class='ocr_par' dir='ltr' id='par_1_19' title="bbox 0 0 1530 4900">
     <span class='ocr_line' id='line_1_41' title="bbox 0 0 1530 4900; baseline 0 5"><span class='ocrx_word' id='word_1_298' title='bbox 0 0 1530 4900; x_wconf 95' lang='lat' dir='ltr'><strong> </strong></span> 
     </span>
    </p>
   </div>
  </div>
 </body>
</html>
