3050 4900
601 1111 809 1180 INCIPIT
845 1109 1161 1178 PRAEFATIO

393 1229 1334 1423 'ANASTAsll

348 1555 677 1621 BIBLIOTHECAIIII
699 1555 875 1620 SUMMAE
896 1554 947 1620 AC
965 1555 1249 1618 APOSTOLICAE
1267 1556 1394 1620 SEDIS.

489 1737 536 1789 tu
561 1735 722 1792 rosunum
747 1735 928 1790 leCONEM
950 1735 1047 1791 URBIS
1070 1735 1247 1792 uotiuum.
1326 1736 1329 1747 '

774 1911 966 1929 m

337 2057 606 2166 Ecclesiasticam,
627 2087 789 2149 Carissimo
811 2089 911 2149 irater
932 2098 964 2150 et
983 2087 1075 2170 digne
1095 2087 1209 2148 Christi
1229 2088 1338 2150 Levita
1360 2091 1412 2150 Io.

325 2193 430 2247 annes,
452 2179 583 2232 auctore
612 2169 672 2233 deo
701 2173 876 2253 scripturus
895 2171 1077 2246 historiam,
1102 2170 1193 2254 exigis
1214 2195 1232 2230 a
1252 2193 1302 2232 me
1317 2194 1413 2254 qnae.

327 2255 398 2316 dam
418 2253 448 2314 in
470 2255 615 2314 Latinum
634 2254 747 2338 stylum
768 2277 803 2316 en
819 2256 945 2316 Graecis
962 2255 1167 2316 voluminibus
1187 2256 1412 2332 transferenda,

227 2369 231 2378 ·
326 2359 391 2419 quo
415 2341 533 2418 etipsa
557 2358 685 2480 ‹puoque
706 2338 871 2435 proposito
893 2339 1006 2399 inseras
1029 2338 1118 2418 operi
1142 2345 1174 2398 et
1194 2337 1318 2400 intexas.
1366 2339 1413 2401 bis

325 2421 407 2483 errius
430 2419 547 2485 duabus
583 2422 678 2503 ingurs
708 2441 890 2503 praecipue,
914 2421 1044 2505 quaein
1074 2422 1201 2482 ecclesia
1228 2430 1311 2504 gesta
1332 2431 1414 2500 suut,

326 2516 525 2565 enarrantur.
575 2504 642 2587 Ego
679 2526 753 2566 vero
775 2506 938 2587 propriam
958 2505 1109 2567 inscitiam
1129 2514 1160 2567 et
1185 2506 1334 2567 sermonis
1357 2528 1415 2567 an-

326 2588 458 2669 gustiam
479 2609 542 2649 non
566 2586 727 2671 ignorans,
751 2587 813 2649 hoc
833 2610 925 2671 ogere
952 2596 1039 2649 tauto
1062 2598 1204 2670 tempore
1223 2592 1335 2650 merito
1362 2612 1415 2650 re.

328 2673 449 2747 cusani,
472 2694 567 2753 supra
587 2694 636 2731 me
657 2672 802 2733 videiicet
816 2694 880 2733 esse
898 2681 962 2732 tam
984 2671 1118 2732 arduum
1130 2694 1281 2733 conamen
1302 2672 1416 2754 procui

328 2754 426 2815 dubio
449 2762 542 2820 ratus.
583 2754 637 2814 sed
673 2756 822 2835 quoniam
851 2755 917 2836 ipse
938 2764 970 2817 te
989 2758 1187 2837 propositum
1208 2777 1286 2837 opus
1307 2756 1416 2818 melius

328 2844 544 2899 exsecuturum
567 2838 635 2897 sore
666 2858 840 2914 asseveras,
857 2838 884 2898 si
905 2860 942 2899 ea
964 2860 1045 2922 quae
1069 2839 1099 2898 in
1119 2840 1235 2901 Latinis
1254 2839 1416 2901 codicibus

329 2920 461 2981 inveniri
483 2942 545 2981 uon
567 2930 715 3001 possunt,
745 2921 831 3001 priua
858 2942 895 2982 ex
916 2925 1112 2983 Graecorum
1137 2924 1225 2984 sonte
1245 2922 1417 2983 haurienda

329 3002 491 3085 percipias,
514 3003 623 3064 faciam
639 3002 697 3065 deo
719 3003 859 3085 propitio
873 3006 958 3087 quod
973 3005 1123 3082 hortaris,
1145 3007 1326 3086 praesertim
1343 3026 1417 3067 cnm

330 3086 378 3146 dei
400 3086 440 3146 sit
460 3086 545 3169 quod
568 3086 718 3170 agendum
746 3088 971 3169 proponimus,
992 3099 1025 3149 et
1055 3088 1157 3149 multis
1185 3090 1298 3171 procui
1319 3090 1417 3151 dubio

328 3192 418 3231 eausa
439 3171 599 3252 profectus
620 3178 714 3253 atque
733 3170 846 3231 salutis.
889 3193 946 3233 nee
967 3172 1050 3233 euim
1070 3172 1128 3234 tibi
1149 3182 1213 3234 tam
1239 3194 1315 3235 caro
1335 3182 1419 3233 tum.

328 3275 390 3397 pue
409 3253 541 3335 sapienti
566 3254 733 3399 tpricquam
756 3276 870 3335 negare
891 3266 1025 3338 potero,
1048 3258 1100 3339 qui
1117 3256 1259 3337 profecto
1281 3256 1418 3338 apostoli

352 3347 519 3399 ocumeuto
539 3339 580 3397 im
605 3345 673 3397 utus
691 3338 879 3420 sapientibus
900 3352 932 3400 et
952 3339 1163 3419 insipientibus
1184 3339 1311 3401 debitor
1336 3361 1418 3404 sum.

328 3441 440 3479 verum
461 3421 533 3502 quia
556 3420 724 3503 praecipue
745 3424 949 3483 necessarium
969 3422 1112 3483 arbitror
1131 3444 1167 3483 ea
1186 3445 1266 3505 quae
1280 3423 1417 3485 a'l'heo.

329 3500 417 3563 dosio
442 3504 587 3586 priucipe
608 3506 732 3566 iuniore
762 3503 793 3565 in
818 3506 951 3567 ecclesia
972 3516 1057 3588 gesta
1084 3514 1157 3567 suut
1176 3499 1355 3582 enarr-aurii,
1376 3506 1419 3567 ad

329 3584 417 3647 euius
438 3586 583 3649 videlicet
604 3598 747 3670 tempora
770 3588 982 3651 Theodoritus
1000 3590 1144 3652 Socrates
1164 3599 1195 3652 et
1216 3591 1418 3671 sozomenus,

329 3668 497 3731 Eusebium
516 3670 669 3754 Pamphili
697 3672 931 3753 subsequentes,
962 3673 1058 3735 libros
1079 3673 1297 3735 ecclesiasticae
1318 3672 1419 3734 bisto-

330 3750 395 3813 rine
417 3762 599 3828 texuerunt,
624 3757 898 3838 operaepretium
925 3755 997 3816 duri
1031 3778 1066 3817 er
1090 3758 1218 3839 Georgii
1239 3757 1419 3818 summatim

329 3835 481 3916 quaedam
505 3846 537 3899 et
555 3838 751 3920 Theophanis
784 3838 1037 3923 chronographia
1065 3842 1166 3921 ptura,
1186 3840 1239 3901 sed
1260 3840 1419 3901 succincte

328 3918 484 4001 carpenda
497 3924 540 3998 *),
586 3943 698 3982 uorum
720 3924 811 4004 prior
832 3944 928 4006 usque
948 3922 1236 4000 adDiocIetianum,
1257 3924 1420 4005 posterior

327 4021 405 4062 vero
433 4022 465 4063 us
490 4024 528 4065 ue
551 3944 590 4066 ab
610 4006 745 4067 Leonem
775 4005 829 4090 qui
854 4015 923 4087 post
943 4005 1123 4067 Michaelem
1148 4006 1333 4088 imperarit,
1357 4028 1418 4086 pa.

328 4091 410 4146 trem
431 4024 546 4150 sciiicet
568 4088 678 4172 ignatii
707 4088 762 4172 qui
794 4089 896 4153 adhuc
922 4098 1061 4175 superest
1083 4088 1216 4152 habenas
1236 4091 1417 4153 Constanti-

400 4258 425 4328 'J
444 4258 594 4329 carpendi?
