3050 4900
519 336 572 401 ex
600 334 861 401 rneoruanr„
1161 308 1232 383 185

226 510 316 565 Anno
338 504 463 586 imperii
485 506 642 569 luetlulani
660 504 798 571 secundo
811 506 925 569 Paulus
944 503 1079 569 hahetur
1096 504 1234 582 antistes,
1241 524 1268 579 p·
1275 508 1327 565 hot

144 586 206 672 qui*
224 598 342 669 septem
366 588 452 652 ansuis
484 590 600 653 throno
624 589 970 672 Constantinopolitano
990 590 1163 673 praecede
1184 590 1235 649 l‘a-

144 684 266 766 cteque·
278 680 323 734 est
350 674 453 770 sama·
465 672 494 733 in
517 674 624 771 Syria,
645 696 707 757 qua
738 674 778 770 de
796 695 832 737 re
850 674 942 735 multi
959 674 1145 737 Romaniam
1161 681 1235 769 suat

142 758 1236 922 lttll'n,‘lttllltlltlllt'teltllttdltlt’ftl

141 924 254 985 struxit
273 930 376 983 autern
409 932 441 985 et
467 945 577 1007 pacem
606 944 678 985 cum
699 923 761 985 Vol
783 925 887 987 aribus
917 926 1025 1002 fixam,
1045 923 1235 1006 perturbans

143 1014 234 1087 typos
256 1007 311 1089 qui
332 1013 462 1086 epatre
492 1007 627 1089 proprio
657 945 878 1075 ordinabiliter
896 1006 971 1069 faeti
992 1016 1073 1085 sunt,
1095 1017 1129 1069 et
1149 1007 1236 1068 iubet

142 1088 275 1151 haurire
297 1090 328 1149 iu
349 1090 502 1151 Thracem
532 1099 691 1173 equestres
717 1091 852 1170 militias,
872 1093 979 1154 rolens
998 1100 1064 1153 mm
1084 1091 1235 1174 Volgares

143 1195 236 1256 quam
257 1172 425 1235 sclavinias
447 1173 603 1255 praedari.

227 1282 316 1341 Anao
339 1280 462 1364 imperii
472 1280 521 1341 sui
534 1280 628 1343 tertio
645 1280 743 1342 movit
762 1280 937 1344 'exercitum
953 1281 1137 1344 lastinianus
1157 1302 1237 1343 eon.

141 1364 388 1425 traSclaviuiam
409 1372 441 1427 et
454 1364 643 1447 vulgariam,
667 1374 699 1426 et
712 1363 863 1449 Volgares
883 1365 1010 1449 quidem
1033 1365 1072 1427 ad
1093 1385 1236 1449 praesens

141 1448 201 1507 sihi
223 1455 424 1511 occurrentes
445 1447 577 1529 impulit.
620 1468 769 1531 exurgens
799 1458 901 1511 autern
923 1470 1020 1535 usque
1038 1448 1238 1511 Thessaloni-

143 1552 198 1593 cen
221 1531 363 1613 copiosas
382 1530 596 1595 multitudines
607 1532 824 1595 sclavinorum
846 1534 962 1615 partim
982 1532 1063 1596 hello
1084 1534 1236 1614 percepit,

143 1614 258 1697 partim
283 1636 354 1675 cum
378 1614 470 1677 adse
491 1614 687 1679 confluerent
707 1616 739 1677 in
753 1618 892 1700 partibus
904 1617 1066 1701 Obsequii,
1086 1638 1157 1677 cum
1178 1636 1238 1696 per

143 1698 287 1781 Abydum
310 1698 546 1775 transfretasset,
569 1700 742 1761 coustituit.
795 1700 869 1761 dum
891 1708 994 1762 autem
1013 1707 1238 1775 reverteretur,

144 1780 310 1865 inlitinere
341 1782 542 1865 praepeditus
575 1806 592 1844 a
624 1781 812 1865 Vulgaribus
841 1783 873 1845 iu
894 1793 965 1846 arto
985 1785 1145 1845 clausurae
1166 1804 1238 1843 cum
1296 1845 1300 1852 ,

143 1863 238 1925 caede
272 1864 398 1947 proprii
420 1866 539 2009 populi
570 1874 602 1927 et
636 1867 854 1928 vulneratione
888 1873 987 1929 multa
1015 1867 1065 1929 vix
1098 1888 1239 1928 remeare

143 1946 328 2031 praevaluit
380 1968 489 2011 eoem
520 1970 601 2011 anno
626 1958 659 2011 et
685 1949 894 2013 Adelatzuher
919 1950 1082 2027 Moschum
1108 1952 1239 2011 fratrem

143 2052 234 2091 suum
254 2030 352 2093 mittit
371 2039 482 2093 contra
504 2034 638 2110 Muctar‚
659 2040 691 2095 et
722 2034 801 2095 inito
825 2037 1021 2115 Martecom
1045 2055 1084 2097 eo
1103 2033 1240 2095 vertitur

144 2115 278 2188 Muclus,
299 2114 432 2198 elingit
461 2114 493 2175 in
513 2114 652 2199 Syriam;
685 2138 779 2201 quem
810 2139 1043 2201 praeoccupans
1075 2117 1341 2199 interfecitpess

145 2219 246 2279 porro
272 2196 448 2260 Ahimelecb
470 2199 584 2261 militat
600 2208 716 2272 contra
724 2201 899 2282 Musahum,
921 2212 954 2265 et
973 2202 1091 2265 victum
1113 2200 1240 2281 occidit,

147 2292 179 2345 et
200 2280 381 2366 subiugavit
399 2282 558 2345 Persidem
583 2292 691 2345 totam.

228 2390 339 2452 Mundi
361 2410 442 2452 anuo
456 2388 548 2468 6181,
576 2392 698 2468 divinae
719 2392 940 2454 incarnationis
960 2412 1042 2454 euno
1063 2388 1136 2470 681,
1156 2351 1239 2453 anno

147 2493 224 2536 sero
248 2475 371 2556 imperii
387 2475 544 2537 Iustiniani
568 2483 683 2560 quarto
706 2476 790 2538 misit
809 2476 985 2538 Abimolecb
1006 2485 1118 2537 contra
1137 2475 1241 2536 Zube-

147 2557 199 2618 bir
217 2557 334 2642 chagan
355 2559 387 2618 in
411 2559 528 2640 Macca,
552 2568 584 2622 et
605 2559 806 2622 occiditeum
827 2557 942 2622 ibidem
963 2559 1093 2642 chagan,
1114 2566 1147 2619 et
1163 2558 1239 2620 suh.

147 2641 214 2703 dita
227 2643 355 2724 regione
367 2642 485 2724 chagan
499 2642 682 2706 adversante
693 2643 752 2704 sihi
768 2643 986 2706 concremavit
1007 2641 1135 2704 domum
1163 2641 1240 2702 idoli

147 2726 213 2788 eins
236 2746 297 2785 uua
318 2747 390 2787 cum
414 2725 498 2788 idolo
513 2727 656 2790 culturae
677 2727 826 2810 ipsorum.
869 2749 962 2811 quam
983 2727 1025 2789 ob
1047 2747 1169 2788 oausam
1188 2725 1241 2786 ille

148 2806 266 2890 chagan
290 2817 472 2893 praetorem
500 2810 633 2872 Persidis
651 2809 824 2892 promovit,
856 2821 889 2874 et
909 2811 1037 2874 subacta
1056 2809 1241 2872 estAhime-

148 2889 219 2952 lech
241 2900 305 2951 tam
324 2891 458 2955 Persidis
480 2895 568 2976 regio
585 2905 618 2956 et
631 2894 873 2976 Mesopotamiae
892 2917 989 2979 quam
1005 2893 1151 2958 Armenia
1171 2913 1241 2954 ma-

77 3045 82 3054 ,
145 2997 206 3058 grau
228 2974 380 3054 Aethrihi,
402 2985 434 3040 et
452 2997 512 3057 per
533 2977 565 3039 id
587 2977 731 3040 intestina
751 2999 863 3040 eorum
876 2979 959 3042 bella
980 2979 1176 3064 quieverunt.

230 3083 320 3144 Anno
343 3081 468 3166 imperii
489 3084 647 3146 Iustiniani
669 3085 780 3170 quinto
800 3087 894 3148 finem
914 3085 1023 3164 hahuit
1042 3095 1074 3148 et
1094 3083 1241 3145 liberatus

147 3173 194 3228 est
217 3167 256 3226 ab
287 3167 373 3228 omni
403 3167 485 3229 hello
513 3169 652 3231 Arabum
679 3168 888 3254 principatus,
910 3178 942 3233 et
958 3189 1037 3252 pace
1056 3167 1175 3251 potitus
1196 3175 1242 3230 est

147 3249 336 3328 Ahimelecb,
358 3253 475 3314 cunetis
495 3253 552 3314 sihi
574 3253 718 3316 subactis.

233 3359 322 3419 Anno
346 3359 470 3442 imperii
491 3359 538 3420 sui
561 3357 581 3421 6
602 3359 785 3424 lastinianus
801 3381 921 3443 pacem,
944 3378 1038 3442 qoam
1059 3357 1098 3422 ab
1119 3357 1244 3422 Ahime·

148 3439 219 3502 lech
241 3439 361 3520 hahuit,
385 3465 421 3505 ex
443 3443 576 3506 amentia
610 3443 755 3505 dissolvit.
798 3443 913 3505 etenim
935 3441 1127 3527 Cypriorum
1145 3441 1243 3504 insula

146 3523 304 3608 populum
325 3526 586 3590 irrationabiliter
605 3528 706 3589 voluit
716 3526 946 3610 transmigrare,
968 3536 1000 3588 et
1019 3525 1247 3604 characterem,

147 3607 205 3691 qui
224 3609 331 3670 missus
366 3611 406 3673 ab
426 3608 606 3674 Abimelech
632 3612 746 3688 fuerat,
769 3632 841 3673 eam
861 3609 988 3670 noviter
1009 3611 1089 3672 visus
1111 3618 1189 3674 eset
1211 3619 1245 3672 et

147 3713 310 3775 nonquam
332 3701 421 3754 anoea
434 3695 540 3771 sactus,
566 3715 629 3756 non
650 3695 783 3756 admisit.
823 3691 991 3756 multitudo
1013 3715 1089 3778 ergo
1105 3693 1243 3778 Cyprio-

149 3797 221 3836 rum
245 3775 319 3837 dum
336 3787 527 3840 transmeare
546 3779 712 3856 niteretur,
733 3777 890 3840 submersa
912 3785 966 3854 est,
992 3785 1025 3839 et
1043 3799 1080 3842 ex
1092 3777 1243 3877 languore
1251 3802 1279 3856 p.
1292 3787 1344 3842 559

148 3859 284 3941 peribat,
307 3860 422 3944 reliqui
443 3883 520 3924 vero
541 3861 572 3923 in
589 3863 730 3946 Cyprum
751 3861 866 3925 reversi
885 3870 966 3928 sunt.
1009 3869 1042 3924 et
1061 3861 1174 3922 auditis
1191 3859 1243 3922 ¹bis

149 3941 327 4006 Ahimelech
347 3945 483 4006 satanice
504 3945 661 4008 simulatus
691 3946 823 4028 rogabat
845 3965 884 4006 ne
904 3969 963 4028 pax
983 3945 1169 4021 solveretur,
1189 3944 1244 4006 sed

149 4027 321 4108 susciperet
341 4037 499 4090 monetam
518 4050 619 4105 suam,
640 4049 713 4090 com
735 4030 851 4091 Arabes
880 4049 944 4090 non
966 4027 1158 4110 susciperent
1176 4029 1244 4089 lto.

131 4131 316 4172 ‚manorum
347 4111 529 4174 incisionem
550 4113 582 4173 iu
612 4112 672 4172 suis
695 4113 834 4172 nummis.
875 4131 984 4172 uerum
1003 4111 1077 4173 dato
1100 4111 1245 4194 pondere

152 4192 222 4252 auri
255 4195 300 4256 ait
327 4195 478 4257 “uallum
496 4194 641 4260 Romanis
669 4195 816 4259 &mnam
843 4193 1024 4275 efficietur,”
1043 4215 1081 4258 ex
1099 4215 1138 4259 eo
1158 4194 1244 4279 quod
