3050 4900
590 416 742 488 NOTAE.
1139 415 1213 487 369

215 587 285 666 13⁰,
300 585 350 652 19.
391 580 588 668 ἕτολειὶτησον
601 579 762 668 Ὀνόριος]
786 587 1004 670 Asclepiodoto
1026 597 1058 650 et
1071 589 1215 653 Mariano

126 689 206 732 coss.
228 669 371 730 scribunt
390 669 533 731 Socrates
554 668 634 732 tila?
657 693 692 732 ca
718 669 796 734 .93.
839 673 952 734 ldatius
976 680 1007 734 et
1026 673 1163 755 Prosper
1183 676 1216 736 in

126 753 294 815 chronicis.
342 753 518 814 consulatus
550 761 655 815 antem
685 693 739 816 ille
768 776 851 817 anno
879 755 1050 818 Theodosii
1071 761 1107 824 15
1131 757 1215 838 apud

128 839 212 919 istos,
233 846 270 898 ut
291 835 375 918 apud
396 845 557 917 auctorem
579 834 779 907 descrihitur.
829 839 949 924 reliqua
973 860 1009 900 ex
1028 837 1138 902 eodem
1156 841 1217 902 So-

128 929 218 984 crate
238 928 395 1002 excerpta.

214 1030 329 1102 131,1.
371 1024 482 1088 ἑνοῦν
499 1023 671 1103 βασιλικῶν
690 1019 897 1109 ὖπογρᾶφων]
917 1023 1137 1112 πρωτοστάτην
1157 1027 1220 1092 τῶν

128 1109 304 1188 βασιλικοῐν
324 1103 535 1190 domnulus
549 1107 659 1171 scribit
671 1111 815 1172 Socrates
830 1133 932 1195 nuper
946 1115 1068 1176 citatus.
1105 1115 1220 1198 primi·

128 1194 244 1254 oenum
279 1194 466 1254 notationem
494 1203 589 1256 vocat
619 1193 744 1276 imperii
771 1195 893 1256 notitia.
947 1196 986 1258 dc
1014 1195 1076 1257 hoc
1105 1199 1220 1258 Ioanne

129 1275 379 1360 olympiodorus
400 1272 485 1356 apud
503 1275 661 1338 Photium.

213 1381 300 1447 reid.
319 1384 367 1449 19.
409 1377 611 1458 ἐβαοιὶεοσον
624 1376 681 1466 ἔτη
700 1378 760 1461 λα’]
782 1383 855 1446 vat.
870 1403 915 1446 ms
933 1377 986 1466 ἔτη
1004 1380 1050 1466 ld
1071 1394 1219 1450 recenset.
1335 1430 1340 1448 .

135 1464 341 1529 consulendae
363 1465 403 1526 ad
426 1465 510 1526 hunc
534 1467 637 1527 locum
659 1467 765 1528 variae
787 1467 944 1529 lectiones.

217 1563 326 1641 132&
368 1559 539 1638 Θεοδόσιος
560 1560 614 1626 διὰ
635 1562 799 1642 ‘utrumq
822 1568 966 1629 Socrates
989 1565 1158 1652 1ἰ1).7οορ.
1170 1565 1221 1646 94,

132 1650 281 1732 Prospcri
304 1649 414 1710 chron.

216 1745 342 1811 Ibidis.
383 1746 571 1829 Μορονθιῖς
584 1747 621 1810 dd
642 1741 822 1825 ἕπίσνοιιος]
845 1747 905 1810 ulia
926 1747 965 1810 de
978 1749 1123 1810 Maratha
1141 1772 1222 1834 pro.

134 1834 197 1896 lert
217 1831 437 1894 Socrates‘lih.
460 1830 479 1893 7
501 1853 569 1913 cap.
590 1830 621 1909 8,
665 1853 724 1892 uae
742 1832 851 1913 primis
871 1831 1041 1894 Theodosii
1061 1834 1146 1894 annis
1187 1855 1224 1895 e..

134 1927 180 1978 sta
200 1915 395 1992 subindicat,
423 1921 460 2004 ¹ct
488 1936 523 1976 ex
555 1935 592 1976 eo
623 1853 755 1975 aHrmat
779 1915 931 1976 Beronius
953 1915 992 1977 ud
1015 1937 1130 1977 annum
1150 1855 1223 1978 llll.

135 1998 283 2061 historica
306 1998 422 2079 igitur,
451 2019 513 2058 non
535 1997 683 2058 chronica
707 2000 847 2061 narratio
869 2009 924 2077 est,
957 2019 1014 2060 ceu
1038 2019 1117 2082 quae
1139 1999 1227 2062 lade·-

134 2084 230 2166 gerde
247 2091 375 2142 mortuo
399 2081 450 2142 hic
468 2082 676 2142 interseritur.

220 2181 302 2245 lhid.
326 2183 374 2247 19.
412 2175 608 2262 ’ldscylpdov
629 2172 791 2256 θανόντος]
813 2181 956 2243 Socrates
978 2180 1062 2243 lib.7
1084 2202 1174 2263 capp.
1187 2184 1226 2248 18

135 2273 171 2327 et
188 2262 240 2340 99,
257 2265 409 2348 Euagrius
431 2264 484 2325 lib.
509 2266 525 2329 1
548 2284 618 2344 cap.
645 2266 706 2343 19,
735 2264 910 2348 Procopius
931 2264 970 2325 de
992 2264 1073 2325 bello
1097 2265 1243 2326 Persico

137 2348 196 2407 suh
219 2346 347 2408 initium.
378 2355 411 2406 at
437 2345 462 2406 si
493 2345 660 2407 Vararauis
690 2367 786 2407 annus
807 2347 859 2408 hic
882 2345 1060 2409 undecimus
1090 2356 1145 2425 cst,
1170 2345 1226 2430 qul

136 2425 199 2493 οὖν
218 2429 257 2514 τῇ
273 2425 420 2515 βασιλείῳ
439 2425 493 2491 τὸν
513 2427 568 2507 τῆς
584 2428 748 2509 ιιῗσεβειάς
768 2428 928 2504 διεδέξατο
946 2423 1084 2509 διωγμόν
1090 2452 1102 2506 ,·

224 2541 292 2617 133,
315 2540 365 2604 10.
406 2536 470 2599 τῶν
493 2527 652 2613 λειψάνων
662 2530 843 2615 Ζαχαρίου]
863 2537 1052 2597 Sonomenus
1071 2534 1110 2595 nd
1131 2534 1227 2596 totins

134 2621 285 2683 historiae
304 2623 430 2681 calcem.
472 2618 645 2681 chronicon
670 2618 912 2681 Alexandrinum
938 2620 978 2681 ad
1000 2639 1114 2703 annum
1134 2618 1227 2704 prin-

137 2706 214 2787 cipis
235 2704 326 2767 huitu
345 2705 510 2787 septimum
529 2701 761 2765 translationem
783 2704 890 2764 refert.

219 2812 304 2875 lbet.
323 2811 372 2878 14.
416 2804 471 2873 καὶ
489 2804 657 2893 Στεφάνου
673 2809 731 2870 τοῦ
751 2804 1030 2891 προπομοῖρτορος]
1053 2810 1171 2873 delatae
1194 2811 1226 2873 in

136 2893 273 2955 Africam
296 2894 447 2977 Stephani
475 2893 719 2977 protomartyris
746 2892 897 2976 reliquiae
931 2892 970 2953 ab
992 2892 1106 2955 Orosio
1128 2896 1227 2957 sancti

136 2978 298 3063 Augustini
318 2978 515 3061 presbytero,
537 2984 703 3059 postquam
724 2976 764 3037 ad
785 2976 1009 3059 Hieronymum
1031 2978 1069 3039 uls
1091 2998 1128 3039 eo
1150 2978 1225 3039 mis-

136 3080 186 3122 sus
206 3062 243 3122 in
260 3062 398 3123 Africam
419 3062 586 3137 remeavit,
607 3069 770 3140 praesente
799 3060 967 3120 Theodosii
990 3060 1120 3121 iunioris
1141 3081 1225 3121 anno

139 3146 179 3210 19
200 3143 412 3207 inventionem
444 3164 551 3204 earum
572 3162 635 3202 nou
659 3144 821 3225 contigisse
843 3141 1013 3203 declarant.
1033 3142 1120 3224 prius
1142 3144 1225 3205 enim

137 3228 283 3290 inventae
303 3250 396 3311 quam
419 3226 555 3288 delatae:
579 3226 750 3323 atqivente
767 3224 1069 3321 adhucHieronymo
1092 3226 1122 3285 in
1140 3226 1225 3287 atri.

135 3308 1115 3489 5:“tttttl'h‘tt‘s‘ttttltttltltgltllsstttttmt
1129 3308 1224 3453 tlt}

135 3475 239 3538 collini
268 3477 417 3550 chronico
449 3473 488 3536 ad
518 3494 632 3535 annum
651 3474 820 3535 Theodosii
841 3473 871 3551 9,
892 3474 1098 3556 Hieronymus
1118 3486 1223 3537 autem

135 3560 219 3621 obiit
238 3559 374 3621 eiusdem
391 3558 559 3621 Theodosii
570 3561 621 3635 12,
643 3567 741 3639 prout
764 3556 913 3638 Prosperi
936 3556 1108 3619 chronicon
1130 3568 1222 3619 testa·

136 3652 206 3707 tur:
228 3644 283 3727 qui
304 3663 380 3725 ergo
398 3642 466 3705 fieri
486 3642 602 3724 potuit,
627 3649 662 3700 ut
683 3638 820 3702 eiusdem
842 3642 916 3722 imp.
943 3662 1024 3701 anno
1048 3642 1086 3707 19
1110 3662 1223 3725 repor-

133 3735 186 3787 tae
206 3726 326 3789 fuerint
348 3725 520 3809 reliquiae?
561 3722 641 3785 adde
662 3726 809 3785 loannem
831 3722 1119 3806 Hierosolymorum
1139 3724 1221 3785 anti.

134 3808 239 3871 uitem
269 3808 416 3893 reliquias
435 3806 565 3871 Luciani
589 3807 712 3869 monitu
732 3806 888 3881 effodisse,
920 3828 1012 3889 quem
1033 3819 1105 3870 aute
1126 3828 1221 3870 annos

134 3913 250 3955 nouem
270 3893 435 3955 immemor
462 3889 611 3952 historiae
635 3888 848 3971 temporisque
873 3887 1076 3972 Tbeophanes
1106 3890 1221 3951 cuivis

135 3974 292 4037 excessisse
313 3976 345 4036 in
369 3975 521 4037 chronico
541 3972 692 4034 laterculo
716 3974 833 4055 posuit.

220 4083 351 4164 134,13.
393 4071 567 4162 οἷγαθόιηιι
587 4079 688 4177 πολλῇ
707 4072 889 4156 κινούμενος
905 4072 1083 4153 Θεοδόσιος]
1104 4080 1221 4145 bellum

131 4166 294 4229 Persicum
316 4188 398 4228 anuo
420 4164 591 4227 Theodosii
603 4166 642 4230 13
663 4171 747 4224 auxta
775 4164 949 4223 chronicon
972 4162 1219 4241 Alexandrinum,

132 4251 182 4311 vel
207 4256 245 4318 15
267 4250 351 4312 iuxta
372 4248 586 4311 Marcellinum
612 4249 759 4310 comitem
788 4247 984 4311 restinctum:
1006 4267 1071 4331 qao
1094 4258 1219 4312 trecen.

223 4372 401 4447 Theophanes
419 4373 459 4429 11.
986 4365 1022 4422 sl
