3050 4900
586 381 735 446 Nonne,
1125 381 1194 448 321

195 554 254 631 27,
280 553 310 618 Ῑ.
362 555 503 618 Petnvins
533 557 614 616 notis
647 558 685 619 ad
719 559 894 620 orationem
927 560 1036 622 Iuliani
1057 561 1199 644 primurn.

117 639 309 715 Constantius,
332 640 444 722 inquit,
469 640 616 700 Helenam
638 643 790 722 coniugem
804 646 907 724 primo
924 646 1033 721 habut't,
1054 659 1201 730 nutusque

113 747 153 784 en
169 744 209 784 eu
224 725 438 783 Corutnntinns.
474 737 554 804 post,
576 725 735 807 repudiata
758 715 898 804 Hennass
920 727 1109 788 Theodoram
1125 731 1200 790 Ma-

114 809 248 867 uimiaui
268 807 408 866 Herczdii
434 808 611 888 privignum
638 807 747 883 duxit,
769 829 810 868 eu·
831 831 892 892 qrtu
911 812 977 871 nati
1000 811 1199 887 constantim,

116 889 375 966 Hannibalemne
392 888 577 949 Constantio.
620 889 786 950 Constantii
815 888 907 953 lihesi
924 893 1097 972 duosuere,
1122 895 1200 954 Gat-

113 974 155 1032 lns
173 985 202 1032 et
225 973 385 1033 tatiane:
406 971 593 1032 Hannibalii
610 993 682 1032 vem
705 971 895 1040 Dalmatius.
947 975 1122 1038 Comtuntiu
1144 977 1200 1036 Li-

113 1057 191 1116 tinio
215 1057 325 1138 nupsit.
376 1053 562 1116 Constantini
579 1074 622 1115 cx
643 1055 820 1116 nonomine
868 1059 948 1118 timu
977 1047 1200 1142 coniiigefiliue

113 1139 213 1200 eutitu
240 1139 372 1220 Crespru.
390 1159 433 1198 esc
444 1137 557 1197 Fatuta
579 1135 799 1214 Comtantinus,
865 1143 1035 1222 attentioni
1042 1143 1199 1220 Constans,
1295 1145 1324 1206 ¹.

115 1221 288 1282 Comtantiu
306 1241 386 1304 quae
400 1219 521 1282 Licinio
539 1219 646 1302 nupsit,
671 1224 762 1302 (quae
783 1221 878 1282 verba
891 1231 1042 1306 quattuor
1062 1247 1080 1286 u
1102 1235 1199 1310 typo.

115 1305 233 1388 grapho
253 1325 421 1386 perperam
441 1301 555 1381 additu)
575 1317 605 1363 et
624 1301 745 1371 Helena
766 1303 883 1365 Iuliani
904 1328 992 1371 uxor.
1142 1317 1153 1360 t

189 1427 272 1488 thid.
312 1428 503 1508 Pomponius
515 1428 627 1488 Laetus
648 1437 801 1509 quuttnor
823 1436 944 1492 tautum
964 1439 1102 1492 recenset
1115 1431 1199 1492 Con·

114 1510 336 1656 hlilhiillih'
365 1510 619 1588 Consteutinum,
650 1509 895 1615 hunballienum,
917 1513 1140 1593 Constantium,
1162 1535 1199 1578 ao

194 1700 277 1761 Ibid.
319 1701 470 1783 Etropius
490 1697 576 1761 tino
597 1699 781 1775 Constantio
803 1699 917 1762 liberos
935 1703 1047 1764 tribuit
1070 1714 1197 1787 septem,

113 1783 265 1868 soliusque
288 1783 483 1845 Constantini
514 1804 627 1845 nomen
646 1784 781 1864 profert.
834 1786 1031 1864 Constantius,
1055 1788 1107 1865 ait,
1124 1789 1197 1872 pri-

110 1865 753 2026 gpnngmsstrpnuliffldpfflamcepit,
781 1887 823 1928 ex
842 1889 902 1952 qno
917 1883 1027 1952 postea
1046 1891 1105 1932 sen
1123 1871 1198 1932 tite-

192 2057 275 2118 Ibit.
319 2057 379 2118 Alii
401 2057 593 2119 Dalmatium
612 2057 762 2118 Dalmatii
787 2055 917 2118 iunioris
939 2069 1112 2142 parentem,
1134 2081 1198 2122 non

113 2139 304 2201 Constantini
327 2143 474 2217 fratrem,
504 2162 612 2202 verum
635 2162 671 2204 er
692 2141 792 2202 fratre
814 2141 994 2202 Constantio
1015 2143 1104 2204 simul
1126 2163 1199 2204 cum

111 2224 204 2284 Gallo
226 2231 257 2282 et
277 2225 395 2284 iuliano
419 2225 579 2285 desertore
600 2231 746 2306 nepotem
768 2223 896 2303 faciunt,
919 2225 1029 2308 quihus
1050 2223 1198 2288 Anastasii

109 2305 207 2366 lectio
228 2307 316 2366 fovet.
359 2308 410 2367 ulii
432 2306 756 2368 Anaballiunumcum
779 2307 868 2368 Gallo
889 2307 1094 2384 contundunt,
1119 2328 1196 2391 quos
1309 2311 1314 2324 ”

107 2396 256 2471 separant
277 2389 338 2463 alii,
364 2398 397 2451 et
417 2389 554 2452 diversos
575 2387 701 2451 faciunt.
722 2387 799 2451 huec
821 2391 959 2451 retulisse
984 2411 1099 2472 operae
1119 2411 1196 2473 pre-

108 2474 189 2534 tium
200 2472 340 2617 Bleffiorli)
358 2476 496 2536 facturus
522 2472 662 2534 sufficiat.
712 2471 895 2535 recolendus
923 2472 1049 2556 quoqne
1083 2482 1197 2537 auctor

107 2576 179 2639 pag.
278 2598 290 2621 .
344 2600 354 2617 .

191 2679 273 2741 thid.
288 2678 318 2741 9.
362 2675 521 2763 Κρίσπον]
544 2682 637 2763 ciuem
657 2678 883 2741 historicorum
899 2680 1007 2763 vulgus
1029 2700 1063 2739 ex
1085 2678 1195 2761 pellice

107 2762 285 2825 Minerviae
307 2773 412 2824 nutum
435 2764 595 2840 existimet,
616 2762 792 2845 inculpatae
808 2764 1000 2824 Constantini
1022 2764 1103 2825 vitoe
1125 2784 1196 2823 cum

107 2846 235 2907 Graecis
257 2846 485 2908 recentioribus
507 2855 617 2908 unctor
639 2846 854 2925 consulturus,
874 2868 910 2907 ex
927 2844 1065 2931 legitimo
1085 2846 1196 2908 eoniu-

107 2930 164 3013 gio
183 2939 358 3013 susceptum
378 2930 479 3013 ponit.
741 2922 753 2947 ³

193 3053 244 3132 28,
269 3054 295 3115 1.
335 3049 418 3133 iouis
432 3048 704 3125 Kusoruuriuoco‘
725 3033 870 3132 iouente]
891 3074 971 3115 anno
993 3052 1113 3115 decimo
1135 3074 1196 3113 no.

108 3159 153 3198 no
163 3137 318 3199 Licinium
336 3138 539 3219 profligatum
552 3138 692 3199 funditus
712 3138 761 3199 vel
778 3138 945 3197 extinctum
960 3138 1073 3197 merito
1088 3134 1196 3196 Theo.

107 3219 226 3301 phanes
248 3222 362 3296 usserit,
383 3230 454 3282 ante
475 3220 668 3282 Constantini
689 3219 831 3283 videlicet
851 3229 985 3281 mortem
1007 3220 1092 3278 nnnis
1113 3219 1195 3279 inte-

107 3303 359 3385 gristredecimz
382 3304 423 3365 ita
445 3302 616 3364 chronicon
648 3303 899 3367 Alexandrinum.
951 3305 1033 3363 fovet
1053 3301 1195 3362 Aurelius

109 3384 226 3447 Victor
246 3386 306 3448 suis
335 3387 470 3460 calculis,
492 3406 581 3463 antio,
601 3387 752 3469 iuquiens,
778 3388 904 3467 imperii
923 3387 1071 3467 trigesimo
1088 3402 1196 3445 recun-

106 3468 226 3553 doque,
256 3469 291 3546 (is
319 3480 365 3531 est
385 3469 468 3553 apud
488 3478 649 3531 auctorem
676 3469 802 3552 imperii
827 3468 1020 3531 Constantini
1041 3472 1197 3543 numerus)

108 3556 290 3612 cuns'totnm
309 3554 409 3614 orbem
431 3551 572 3636 (sublatis
603 3553 746 3614 omnibus
769 3554 920 3635 tyrannis)
944 3552 1034 3613 antus
1053 3549 1196 3610 tredecim

106 3636 258 3715 tenuisut',
278 3640 408 3697 encmsn.
450 3636 532 3697 houd
553 3635 624 3697 satis
647 3644 765 3698 attenta
775 3635 912 3698 Victoris
931 3632 1197 3696 auctoritosPon.

107 3727 217 3780 tecum
236 3716 363 3803 reliquit
375 3728 533 3781 errantem
553 3718 593 3781 ad
614 3729 680 3783 not.
701 3719 826 3783 calcem.

196 3838 246 3918 99,
267 3842 295 3904 ἲ.
321 3827 388 3903 ’διὸ
410 3842 467 3905 καί
485 3838 633 3921 noosnuoi]
658 3842 765 3905 eadem
781 3840 890 3904 chron.
912 3837 1053 3903 Alexand.
1076 3836 1114 3898 ad
1135 3857 1197 3919 pu.

105 3922 258 3986 steriores
284 3947 380 3988 annos
401 3927 574 3988 remittitur
603 3925 753 4009 perioche
782 3926 858 3989 haec
884 3924 924 3987 ab
952 3923 1141 4005 Hieronymo
1164 3920 1198 3981 in

106 4006 263 4072 chronico
287 4008 326 4069 ed
348 4010 542 4071 Constantini
564 4031 679 4071 annum
699 4009 751 4071 22.

194 4131 278 4194 thid.
290 4132 320 4193 5.
363 4110 532 4216 Mupiiroc
543 4129 667 4216 ἐσφάγη
678 4124 886 4215 τυραννήσας]
910 4128 948 4192 ad
962 4126 1126 4212 imperium
1146 4114 1208 4190 ni·'

105 4216 229 4279 mirum
254 4238 272 4278 u
293 4217 413 4279 Licinio
433 4219 490 4279 sub
509 4225 677 4281 extremam
701 4216 820 4279 cladem
842 4228 859 4277 u
881 4214 1000 4277 Licinio
1021 4218 1197 4295 ooopertus.

215 4338 394 4414 saeptum
409 4340 447 4395 n.
789 4383 794 4391 .
972 4336 1007 4392 n
