3050 4900
304 345 374 425 rot
451 355 660 422 tuleram
685 351 889 420 msroan
915 343 1224 422 secessissem

298 535 493 612 procurator
513 527 551 589 ab
568 525 706 590 exercitu
717 526 885 589 destinatus
897 525 1134 588 contradicebat
1147 523 1281 608 imperio
1302 530 1388 589 tuo.’'

298 619 344 673 ast
367 612 540 692 imperator
573 612 616 673 ait
644 612 752 672 “cuius
784 619 830 672 cst
859 609 1056 693 qualitatisP
1105 610 1160 694 qui
1182 610 1227 670 ait
1247 611 1389 670 “iuseois

295 695 490 770 temerarius,
512 693 611 756 sedet
634 694 791 756 timidus.''
833 702 908 754 tuuc
922 693 1092 756 Mauricius
1112 695 1157 754 “si
1177 692 1304 754 timidus
1325 693 1388 755 est'’

295 779 398 863 inquit
420 779 585 859 “prolecto
608 789 639 840 ct
660 777 845 839 homicida.”
889 783 922 840 et
949 779 1108 841 referebat
1131 775 1310 860 Philippico
1330 797 1384 836 so·

293 862 369 922 mnii
392 863 619 924 revelationem.
642 883 744 944 porro
777 868 870 922 uoctc
895 857 947 922 ille
968 863 1031 926 vin
1059 871 1106 923 est
1128 860 1214 922 stella
1238 859 1385 939 incaelo,

293 960 373 1027 quae
387 944 504 1006 dicitur
524 953 667 1007 cometes.
691 947 721 1004 ln
742 945 913 1005 crastinum
929 953 1032 1010 autem
1044 945 1192 1028 pervenit
1208 944 1384 1026 magistria-

292 1047 360 1104 nus,
384 1030 438 1111 qui
462 1029 565 1090 missus
597 1030 699 1090 fuerat
722 1029 760 1088 ad
788 1039 912 1088 sanctos
939 1026 1058 1090 heremi
1078 1035 1203 1112 patres,
1226 1028 1326 1090 tereos
1345 1027 1386 1090 ab

294 1111 329 1170 iis
361 1131 543 1194 responsum
570 1112 758 1172 huiusmodi.
816 1111 911 1172 “dens
943 1121 1073 1194 recepte
1102 1110 1297 1194 poenitentia
1329 1119 1385 1172 toa

199 1195 420 1281 pmsalvauit
441 1196 573 1256 animant
596 1204 693 1273 tuam,
714 1205 746 1256 et
767 1202 800 1256 te
814 1214 885 1254 cum
898 1196 1010 1256 saumis
1030 1215 1100 1257 cam
1120 1203 1189 1258 tota
1210 1193 1307 1256 domo
1328 1204 1383 1257 tus

292 1281 470 1355 constituet,
496 1281 536 1339 im
562 1281 630 1340 erio
652 1295 727 1340 vero
748 1295 820 1338 cum
849 1278 1016 1360 ignominia
1044 1287 1077 1342 et
1098 1277 1277 1340 discrimine
1298 1278 1384 1340 dect

292 1361 374 1423 des.”
417 1363 523 1424 laisan
548 1363 595 1422 itis
610 1363 780 1424 Mauricius
803 1361 990 1445 glorificavit
1015 1363 1175 1446 magnifice
1196 1361 1297 1425 deum.
1324 1361 1383 1445 igi·

289 1450 344 1506 tur
366 1448 505 1507 autumni
526 1455 671 1529 tempore
701 1445 884 1521 accedente,
910 1465 982 1506 cam
1011 1446 1179 1510 Mauricius
1208 1447 1383 1528 imperator

288 1529 418 1590 iussisset
437 1529 533 1591 Petro
555 1540 592 1592 ut
613 1531 643 1590 in
666 1529 885 1590 sclavinorum
910 1530 1039 1612 regione
1063 1529 1198 1610 populus
1219 1529 1382 1606 hiemaret,

288 1613 473 1673 restiterunt
494 1615 638 1688 Romani,
664 1613 724 1674 hoc
746 1614 850 1672 facere
873 1631 935 1673 uon
958 1614 1193 1688 consentientes,
1215 1622 1279 1673 tam
1300 1633 1380 1694 pro.

286 1703 359 1776 pter
383 1715 537 1778 equorum
556 1696 805 1757 humiliationem
825 1715 919 1778 quam
971 1706 1084 1777 ropter
1107 1695 1195 1778 qaod
1217 1696 1378 1777 copiosam

286 1779 557 1841 circumducerent
578 1780 736 1861 praedem,
758 1799 817 1840 nec
839 1794 903 1838 non
926 1716 969 1839 ob
983 1779 1196 1840 multitudines
1219 1779 1379 1840 burburc-

286 1883 366 1938 rum,
392 1883 471 1944 quae
492 1882 551 1944 per
572 1864 732 1945 regionem
752 1862 881 1923 diffusae
902 1862 1173 1946 dignoscebantur,
1192 1871 1224 1924 et
1243 1861 1378 1925 seditio.

286 1962 356 2005 nem
381 1946 522 2006 meditati
542 1955 623 2011 sunt.
664 1954 800 2027 praetor
820 1955 925 2006 antem
947 1946 1122 2046 indignatus
1143 1955 1252 2007 contra
1273 1965 1379 2027 popu·

285 2027 348 2088 lum
372 2029 401 2088 in
425 2029 686 2091 dementationem
707 2049 759 2090 eos
785 2029 920 2089 immisit
961 2027 1104 2090 incaduut
1123 2030 1231 2112 itaque
1251 2029 1379 2110 pluviae

284 2111 491 2175 creberrimae
522 2134 556 2172 su
601 2111 801 2195 rpopulum,
831 2122 864 2174 et
881 2111 980 2208 frigas
1001 2113 1146 2174 multum.
1189 2113 1301 2173 Petrus
1319 2133 1377 2174 au-

284 2201 348 2255 tem
367 2195 477 2278 viginti
497 2195 560 2258 mili
587 2217 619 2256 us
640 2195 753 2278 procul
775 2195 814 2256 ab
834 2203 974 2257 exercitu
992 2196 1185 2257 morabatur.
1208 2196 1377 2256 Mauricius

283 2287 388 2338 autem
411 2281 507 2342 Petro
539 2301 597 2364 per
626 2279 745 2341 litteras
771 2279 918 2340 molestas
946 2287 1015 2341 erat
1033 2287 1069 2339 ut
1091 2282 1203 2341 lstrum
1226 2281 1377 2340 transiret

282 2369 315 2422 ct
335 2359 478 2424 hiemales
499 2385 579 2424 escas
599 2363 710 2446 populi
735 2361 1005 2424 deSclavinoram
1017 2371 1155 2424 sumeret
1176 2363 1314 2444 regione,
1336 2385 1377 2424 ne

281 2443 425 2508 alimenta
447 2447 572 2531 publica
595 2456 762 2531 cogeretur
784 2445 931 2509 Romanis
954 2446 1117 2529 praebere.
1158 2455 1291 2530 praetor
1314 2468 1374 2507 aa·

281 2538 344 2590 tem
366 2534 515 2594 accersito
537 2532 706 2592 Gunduhio
739 2531 785 2593 uit
815 2532 925 2591 “nimis
952 2531 1029 2591 mitt
1048 2529 1154 2612 grevia
1176 2530 1374 2612 imperatoris

280 2620 447 2697 praecepta
477 2616 507 2677 in
539 2616 638 2677 aliene
667 2623 752 2677 terra
786 2612 925 2675 hiemare
945 2615 1102 2674 Romanos
1124 2612 1283 2675 iubenda:
1303 2634 1376 2675 uem

281 2698 323 2757 illi
339 2720 400 2759 non
415 2698 567 2761 obaudire
587 2718 711 2759 saevum
732 2705 786 2773 est,
807 2708 840 2759 ct
860 2716 966 2757 rursus
982 2694 1135 2759 obaudire
1154 2698 1371 2763 saevissimum

182 2782 399 2862 pereundum
421 2781 538 2842 bonum
559 2782 645 2864 parit
658 2780 801 2856 avaritia,
822 2788 926 2841 mater
946 2788 1050 2841 autem
1063 2781 1203 2841 omnium
1216 2782 1374 2841 malorum

279 2864 427 2939 consistit,
452 2884 515 2947 qua
547 2864 723 2946 imperator
741 2864 889 2947 languens
917 2860 1033 2925 horum
1054 2864 1260 2925 maximorum
1280 2884 1373 2925 causa

279 2946 435 3007 malorum
455 2947 601 3007 Rotnanis
625 2945 788 3011 efficitur.”
830 2946 984 3009 accersitis
1008 2967 1136 3032 quoque
1159 2947 1269 3031 populi
1290 2948 1372 3008 tmi-

278 3027 388 3104 ercbis‚
410 3029 607 3113 imperatoris
629 3030 670 3093 eis
702 3028 908 3092 intentionem
932 3031 1069 3113 apernit.
1107 3031 1244 3113 populus
1265 3040 1370 3093 samm

276 3110 338 3173 boc
359 3112 467 3176 audito
487 3113 652 3175 seditiones
664 3114 915 3195 concitaverunt,
935 3123 967 3176 et
986 3114 1118 3197 insignes
1132 3112 1259 3199 quidam
1279 3114 1371 3196 prin·

276 3194 359 3279 cipes
380 3218 415 3259 ex
436 3194 478 3259 eis
499 3198 647 3281 fugientes
681 3197 718 3258 ud
738 3207 921 3279 praetorem
942 3206 1109 3261 venerunt.
1163 3218 1266 3279 porro
1286 3196 1370 3259 mul-

276 3278 424 3341 titudinea
459 3281 489 3341 in
523 3304 619 3343 unum
653 3290 861 3365 congregatae
889 3282 1072 3363 provehunt
1094 3280 1261 3343 marchum
1279 3280 1369 3342 Pbo-

275 3382 343 3423 cem
364 3364 600 3445 centurionem,
624 3374 656 3427 et
685 3384 781 3445 super
801 3364 934 3446 clipeum
966 3366 1048 3426 bunc
1076 3364 1241 3426 matutam
1266 3364 1369 3426 laudi-

273 3446 331 3507 bus
354 3446 520 3508 exarcbum
542 3448 803 3509 acclamaverunt.
858 3446 904 3508 his
933 3448 1045 3510 Petrus
1074 3446 1187 3510 auditis
1209 3448 1240 3507 iu
1263 3447 1368 3529 fugam

273 3552 378 3591 versus
400 3540 453 3607 est,
474 3540 505 3592 et
527 3529 629 3593 omnia
646 3530 832 3613 imperatori
852 3532 1011 3593 manifesta
1024 3532 1110 3593 lecit.
1125 3542 1171 3592 ast
1191 3530 1367 3612 imperator

273 3612 319 3673 bis
348 3612 520 3675 difficilibus
545 3616 656 3677 auditis
684 3616 787 3675 celere
814 3614 1028 3677 multitudines
1059 3636 1096 3675 ea
1127 3616 1279 3676 tentabat.
1318 3636 1367 3677 se-

274 3696 375 3758 cunda
399 3694 474 3758 iero
496 3695 546 3760 die
579 3708 611 3759 et
630 3696 738 3759 ludum
759 3698 929 3760 celebravit
998 3708 1148 3777 uestrem,
1168 3696 1366 3759 iucormnodo

273 3778 458 3843 infelicitatis
491 3780 657 3843 occultans.
712 3782 822 3863 vulgus
845 3780 949 3843 autem
1006 3783 1182 3843 rutinorum
1202 3782 1364 3860 clamabat,
1408 3848 1416 3859 ,

271 3860 531 3927 “Constantinus'’
559 3864 590 3926 in
615 3866 701 3926 niens
729 3870 785 3927 “et
803 3865 1032 3942 Domentiolus,
1056 3866 1183 3927 domine
1200 3866 1363 3926 Romano-

269 3966 348 4009 rum.
360 3954 561 4033 terAuguste,
582 3886 666 4031 plebi
689 3959 761 4010 tuae
777 3948 932 4010 molestias
952 3949 1109 4033 ingerunt,
1129 3957 1166 4009 ut
1178 3968 1286 4009 cruces
1299 3949 1364 4010 dis.

152 4100 155 4107 ι
268 4038 369 4110 ponat
392 4033 423 4091 in
445 4054 480 4094 ea
507 4052 587 4117 quae
607 4032 754 4094 habemus
776 4040 915 4115 peccata.
938 4028 1023 4107 deus,
1047 4032 1102 4115 qui
1123 4032 1230 4093 omnia
1249 4031 1363 4093 condi.

269 4112 326 4188 dit,
349 4114 491 4177 subiiciat
511 4116 570 4177 tibi
584 4134 707 4177 omnem
722 4116 882 4177 inimicum
903 4124 937 4177 ct
954 4114 1075 4177 bostem
1095 4124 1158 4177 tam
1181 4114 1360 4177 intestinum

270 4216 363 4280 quam
385 4204 545 4261 externum
566 4199 630 4261 siue
658 4200 813 4285 sanguiue.
871 4209 905 4262 at
926 4216 1002 4261 sero
1026 4200 1199 4283 imperator
1216 4198 1360 4283 plebibus
