3050 4900
507 403 561 468 EX
592 401 812 470 eructato,
1158 396 1208 470 35

202 570 307 634 blandi
324 593 406 632 anno
430 567 522 652 5744,
543 573 667 637 divinae
690 573 912 636 incarnationis
934 593 1017 636 anno
1038 567 1110 650 244,
1132 570 1311 644 ori-nott
1333 575 1369 631 20

130 677 208 738 ganea
228 656 375 740 gloriatus
408 658 681 720 circumventionis
706 681 779 718 suae
800 659 904 718 verbis
925 667 958 720 ct
977 657 1142 740 gentilibus
1161 659 1211 718 fa..

129 739 198 800 bulis
219 749 334 802 tantam
362 741 463 802 amisit
483 761 653 819 coronam,
681 764 744 803 non
771 752 907 823 propter
927 744 1067 822 inopiam
1089 742 1212 804 divinae

128 823 270 898 bonitatis,
291 825 343 885 sed
364 833 499 905 propter
517 827 686 905 superbum
702 836 735 888 et
747 825 896 885 suasionis
911 826 1064 908 propriae
1076 846 1209 887 seusam.
1220 829 1311 899 poss

129 929 225 968 aarum
241 908 295 968 ista
309 909 444 968 Eusebio
458 907 646 970 Caesariensi
669 930 733 969 non
757 909 801 969 ita
820 929 882 970 esse
902 910 1062 988 videntur,
1083 912 1138 992 qui
1161 910 1213 968 ni..

127 992 230 1050 mirum
249 993 401 1051 maiorem
421 993 565 1053 omnihus
593 995 703 1054 sanctis
736 1001 832 1076 atque
860 993 1012 1074 magistris
1035 1015 1107 1054 eum
1127 993 1215 1057 exhi-

128 1073 194 1134 bere
214 1075 367 1148 festinatas,
391 1077 421 1136 in
441 1084 526 1136 sexto
552 1077 775 1138 ecclesiasticae
799 1075 948 1137 historiae
966 1098 1040 1138 snae
1060 1097 1214 1157 sermone,

129 1157 220 1218 lavans
238 1157 278 1236 ci,
298 1159 402 1219 multis
421 1157 506 1219 hunc
528 1161 672 1222 laudibus
695 1159 814 1237 extulit,
839 1160 974 1222 tresclens
995 1181 1076 1243 quae
1095 1159 1217 1221 diceret

127 1241 168 1302 val
190 1241 359 1324 dequibus
382 1242 561 1304 affirmaret.
605 1243 694 1304 nimis
717 1245 799 1304 enim
820 1263 997 1325 paucorum
1018 1251 1216 1305 sacratorum

127 1333 155 1384 et
174 1323 418 1386 beatissimorum
440 1335 588 1408 patrum,
617 1327 671 1409 qui
692 1347 751 1407 por
781 1325 863 1386 idam
884 1336 1005 1408 tempus
1027 1327 1215 1405 effulserant,

126 1429 247 1484 memor,
267 1411 300 1470 id
321 1419 366 1470 est
383 1411 548 1472 Clementis
565 1409 776 1484 Alexandrini,
797 1411 962 1494 Hippolyti
991 1411 1161 1473 sacerdotis
1183 1419 1218 1472 et

127 1493 280 1575 martyris,
303 1493 441 1553 Africani
471 1494 613 1555 historici
645 1505 677 1556 ct
708 1493 810 1573 magni
832 1495 973 1576 Dionysii
1003 1494 1217 1574 Alexandrini,

126 1595 234 1637 necnon
255 1585 289 1638 et
310 1577 456 1656 aliorum,
477 1577 577 1637 solum
592 1578 682 1638 huius
695 1599 774 1638 vana
793 1579 952 1639 sentientis
969 1578 1114 1658 Origenis
1134 1599 1218 1659 pro·

125 1669 245 1738 rectum,
265 1681 362 1743 quem
384 1683 400 1720 a
424 1682 523 1743 puero
552 1662 732 1722 subsecutus
754 1668 818 1735 est,
841 1661 1016 1742 praeconiis
1041 1661 1143 1737 effert,
1163 1682 1215 1720 us.

123 1761 238 1826 queque
269 1745 312 1806 ad
334 1743 480 1828 martyrii
502 1743 993 1824 palmamvcnturussuhcubnit.
1035 1743 1217 1828 etquidem

124 1845 206 1907 snper
228 1827 371 1888 Fabiano
393 1828 599 1889 saeratissimo
621 1837 761 1911 martyre
783 1849 821 1888 ac
834 1829 977 1889 Romano
1001 1827 1141 1890 antistite
1162 1849 1217 1888 seu

122 1907 229 1993 Babylo
249 1910 449 1973 Antiocheno
480 1920 512 1974 et
532 1913 707 1974 Alexandro
729 1912 1017 1995 Hierosolymitano
1048 1911 1217 1994 perpaucis

123 1995 212 2054 verbis
233 1995 398 2056 historiam
419 1995 533 2056 uiuit:
556 2005 588 2056 at
610 1997 666 2058 ubi
688 1995 848 2058 advirum
867 1995 915 2056 sui
935 2016 1038 2057 sensns
1058 1996 1216 2077 pervenit,

122 2075 148 2135 id
168 2085 211 2138 est
231 2077 272 2138 ad
297 2079 475 2160 Origenem,
496 2078 639 2160 pluribus
659 2080 744 2140 hunc
776 2075 920 2142 laudibus
947 2088 980 2140 et
1000 2081 1087 2140 miris
1109 2079 1216 2140 decla.

120 2159 303 2222 mationibus
325 2163 445 2223 extulit.
488 2183 598 2224 verum
631 2163 773 2246 quamvis
794 2163 945 2224 Eusebius
972 2163 1115 2244 plurimis
1137 2164 1308 2239 Ori-psas
1329 2165 1363 2221 10

119 2243 194 2323 genis
214 2245 304 2328 impii
324 2245 498 2326 praeconiis
520 2267 589 2307 usus
610 2247 728 2322 luerit,
752 2247 819 2306 siue
838 2247 995 2329 martyrio
1019 2256 1123 2309 nmen
1141 2269 1214 2330 pas-

121 2328 229 2390 siouetn
247 2331 315 2390 eius
348 2329 479 2412 reliquit
510 2339 542 2392 ct
563 2350 688 2390 cursum
718 2330 1010 2392 inconsummatum.
1052 2331 1107 2412 qui
1130 2331 1215 2393 euim

120 2413 358 2491 perseveraverit
377 2433 475 2497 usque
495 2413 527 2473 in
544 2415 656 2489 fiocm,
678 2413 723 2474 ait
751 2411 906 2490 dominus,
932 2415 1032 2475 salvas
1056 2414 1127 2494 erit,
1150 2435 1216 2476 non
1259 2484 1263 2491 ¹

120 2496 166 2575 qui
186 2499 311 2579 patitur
339 2505 371 2558 ct
402 2496 542 2557 lassescit
585 2497 682 2557 insert
711 2506 815 2557 autom
835 2497 984 2557 Eusebius
1007 2506 1040 2557 et
1060 2495 1101 2557 de
1119 2498 1216 2559 beato

121 2579 263 2664 Dionysio
289 2579 438 2663 episcopo
461 2580 669 2642 Alexandrino
692 2580 925 2655 testimoninm,
957 2580 1089 2661 Origcni
1113 2590 1147 2641 et
1165 2601 1216 2641 so.

119 2663 167 2721 ciis
188 2666 251 2725 eins
274 2665 410 2747 gratiam
432 2673 601 2748 praestans,
624 2663 770 2746 quatinus
790 2683 854 2723 non
870 2668 1023 2743 appareat
1043 2663 1127 2723 solus
1136 2663 1215 2724 Ori.

119 2766 199 2825 genes
223 2751 254 2810 in
278 2748 432 2832 martyrio
453 2748 606 2825 defecisse,
628 2746 681 2809 sed
704 2746 824 2808 habere
838 2746 983 2808 videatur
997 2754 1030 2808 et
1046 2746 1123 2808 alios
1141 2768 1216 2809 suae

117 2828 292 2893 delectionis
312 2832 491 2915 participes.

191 2940 365 3003 Praeterea
385 2960 447 3023 pcr
465 2938 543 3001 hanc
566 2950 711 3021 tempora
723 2940 861 2999 Noratus
873 2936 1089 2999 Romanorum
1108 2938 1244 3018 ecclep.
1255 2948 1311 3006 696

115 3020 168 3082 siae
189 3024 368 3107 presbyter,
391 3024 605 3105 episcopatum
622 3022 748 3107 indigno
764 3020 939 3083 desiderans
955 3031 988 3083 ct
1002 3041 1131 3103 compos
1146 3024 1209 3084 mi.

116 3106 189 3167 ninia
211 3108 323 3185 lactus,
344 3130 382 3170 eo
403 3106 488 3191 quod
503 3128 598 3189 super
620 3107 686 3167 aliis
706 3106 915 3189 pravitatibus
937 3105 1114 3165 ctmaxime
1134 3128 1210 3167 ava.

115 3187 198 3253 ritiac
219 3191 356 3252 tumoris
384 3210 421 3251 ac
443 3192 558 3253 amoris
580 3192 696 3273 privati
726 3189 807 3251 vitiis
829 3188 1038 3270 deprehensus
1060 3188 1210 3266 extiterit,

114 3290 171 3333 scae
191 3275 230 3335 ab
253 3274 382 3337 ecclesia
404 3276 570 3357 separauit,
592 3274 648 3332 arab
670 3274 803 3334 obtentu
818 3273 904 3356 quasi
925 3292 1037 3332 corum
1052 3272 1210 3354 quinceii

113 3359 253 3439 tempore
288 3359 319 3419 in
352 3359 571 3441 persecutione
600 3358 837 3417 immolaverant
855 3364 886 3417 ot
905 3376 965 3436 per
982 3356 1210 3437 poenitentiam

113 3436 140 3497 in
160 3442 414 3503 communionem
433 3444 470 3503 ab
492 3441 618 3504 ccclesia
639 3452 710 3503 stant
725 3439 860 3521 recepti;
880 3447 1055 3522 auctorque
1075 3460 1113 3501 ae
1134 3438 1209 3501 hae-

111 3524 278 3587 resiarches
299 3546 410 3587 eorum
431 3526 485 3609 qui
507 3548 538 3586 sc
560 3524 692 3585 mundos
715 3544 774 3604 par
785 3522 963 3606 superbiam
984 3522 1209 3604 nuncupabant

110 3626 271 3689 apparens,
294 3632 448 3672 unacum
470 3610 541 3691 ipsis
565 3608 669 3691 pulsus
691 3606 790 3669 est'de
803 3605 947 3688 paradiso
968 3604 1114 3673 ecclesiae
1134 3626 1208 3667 sen.
1267 3604 1272 3615 “

111 3693 202 3754 tenda
218 3702 349 3775 patrum
370 3703 550 3756 sanctorum
565 3692 783 3776 ‹yuridraginta
807 3690 862 3775 qm
875 3690 1024 3775 synodice
1047 3688 1206 3750 convene.

108 3785 180 3837 runt
199 3776 231 3839 in
256 3778 336 3839 urhe
358 3780 469 3857 Roma,
490 3800 551 3838 una
572 3798 643 3837 curn
663 3776 805 3857 pluribus
825 3774 1015 3859 preshyteris
1038 3778 1071 3833 et
1093 3770 1204 3834 diaco.

110 3857 205 3937 nibus,
230 3861 287 3943 qui
309 3862 426 3925 scilicet
454 3860 598 3923 elidicato
623 3881 662 3921 co
695 3880 850 3919 unacum
873 3856 1046 3919 inhumanis
1069 3876 1202 3917 consen-

108 3944 201 4005 taneis
220 3946 373 4007 fratribus
385 3992 394 4023 ,
429 3947 483 4029 qui
506 3944 582 4027 lapsi
604 3944 737 4019 fuerant,
759 3964 818 4024 per
840 3942 1067 4024 poenitentiam
1088 3938 1200 4023 suscipi
1210 3971 1238 4026 p,
1248 3955 1301 4013 697

109 4022 324 4090 decreverunt.
365 4049 466 4111 porro
489 4038 578 4089 tanto
600 4028 735 4090 concilio
752 4028 914 4087 Cornelius
927 4027 1084 4085 Romanae
1103 4046 1201 4107 prae.

110 4106 162 4171 luit
182 4114 311 4193 praesul
331 4114 489 4187 ecclesiam
515 4112 674 4196 quietiam
689 4110 797 4172 scribit
818 4108 998 4171 adFahium
1019 4109 1201 4190 episcopum

111 4194 339 4258 hntioebenum
366 4208 431 4259 tarn
461 4218 542 4280 quae
562 4195 682 4281 synodo
703 4194 872 4279 placuere,
895 4214 988 4275 quarn
1008 4194 1142 4275 proprie
1162 4190 1201 4251 de

35 4346 36 4351 η
110 4278 244 4364 malignis
267 4280 379 4344 Novati
401 4280 585 4363 actionibus,
605 4280 710 4345 dicens
731 4280 807 4341 “scis
828 4286 932 4340 autern
956 4277 1043 4361 quod
1065 4276 1104 4338 ab
1125 4275 1200 4336 otim
