3050 4900
505 379 560 440 Ex
587 377 844 441 Tusuritana
1162 366 1211 440 69

139 542 213 606 unde
231 549 262 606 et
279 544 311 606 in
334 543 448 608 chartls
470 565 534 608 non
553 546 638 609 lectis
659 547 881 610 subscribebat
924 545 1034 610 eodem
1057 568 1137 609 anno
1150 549 1214 609 Ge-

139 627 266 691 serichus
284 629 454 692 Vandalica
481 631 681 692 multitudine
702 633 824 713 opimus
844 629 979 709 effectus,
1003 640 1086 692 etse
1109 653 1215 714 regem

139 731 240 774 vocaus
263 723 368 776 terrae
387 733 426 774 ac
442 714 537 776 maris
561 715 793 798 insularumque
811 716 992 794 multarum,
1002 714 1215 776 Theodosium

138 796 341 858 contristabat.
384 819 458 858 sane
480 816 542 858 non
563 799 662 859 multo
676 806 748 879 post
768 798 948 880 resipiscens
958 798 1162 874 Theodosius,
1184 808 1251 878 etp.
1266 803 1353 860 tttd

138 897 351 961 recognoscens
382 901 413 946 se
433 904 450 940 a
473 879 657 966 Chrysapbii
685 882 827 942 versutiis
849 880 1218 965 luissedeceptum,t1i.

137 963 268 1023 stebatar
297 983 392 1048 supet·
422 963 580 1046 impietate
610 987 647 1025 uc
677 965 825 1026 iniustitia
877 987 935 1026 uae
957 966 1037 1027 factu
1061 968 1164 1026 luerat
1183 965 1217 1026 in

138 1044 309 1107 Flavianum
331 1056 364 1108 et
387 1045 523 1132 reliquus
545 1047 716 1130 episcopos.
770 1056 803 1109 et
823 987 996 1132 indignatus
1019 1047 1219 1110 vehementer

137 1129 232 1208 primo
266 1129 391 1216 quidem
420 1131 539 1192 exulem
570 1132 645 1192 feeit
671 1131 703 1190 in
730 1129 861 1193 insulam
892 1132 1047 1216 quandam
1085 1130 1219 1214 Chrysa·

137 1209 246 1294 phium,
270 1213 301 1272 in
315 1213 485 1275 Eudociam
508 1234 585 1276 vero
604 1213 694 1276 valde
716 1224 954 1293 commovetur,
974 1215 1056 1276 hanc
1077 1216 1219 1276 omnium

136 1295 283 1356 malorum
317 1317 439 1358 causam
472 1299 642 1379 appellans,
667 1297 787 1381 quippe
815 1319 895 1381 quae
914 1307 948 1360 et
965 1298 1161 1360 Pulcherium
1182 1317 1220 1359 ex

137 1379 339 1461 imperialibus
360 1383 497 1442 insecuta
515 1381 556 1443 sit
575 1379 682 1457 simul,
710 1391 742 1442 et
761 1381 979 1464 improperans
1002 1382 1030 1444 ci
1052 1405 1133 1465 quae
1153 1403 1221 1462 ges·

135 1473 209 1523 serat
223 1465 310 1524 eirca
325 1463 502 1526 Paulinum.
551 1462 603 1524 illa
630 1485 706 1525 vero
730 1463 892 1546 desperata
922 1465 1046 1547 rogavit
1068 1465 1221 1526 Hieroso-

136 1544 146 1604 l
192 1567 239 1606 am
263 1567 295 1608 se
316 1547 448 1630 dimitti,
469 1556 500 1609 et
520 1547 679 1631 assumptis
700 1547 817 1609 Severo
846 1549 1032 1632 presbytero
1054 1557 1087 1608 et
1105 1549 1222 1610 Ioanne

136 1567 264 1691 ffiono
279 1631 525 1715 Hierosolymam
541 1632 639 1693 veuit.
682 1617 800 1694 discens
816 1631 937 1694 interea
950 1633 1123 1715 imperator
1134 1628 1222 1715 quod

135 1713 178 1772 isti
197 1721 228 1774 et
262 1714 293 1773 in
321 1716 401 1776 urbe
431 1715 613 1798 frequenter
645 1714 684 1776 ad
707 1737 775 1776 eam
805 1715 990 1778 accederent
1009 1725 1042 1777 et
1062 1735 1133 1776 cum
1154 1715 1221 1795 ipsa

136 1815 233 1857 rursus
261 1797 481 1881 Hierosolymis
504 1807 611 1874 essent,
631 1800 792 1882 multaque
815 1799 874 1859 illis
896 1799 1075 1879 largiretur,
1094 1799 1221 1858 millene

135 1879 295 1940 decollavit
317 1901 379 1942 cos.
433 1889 509 1942 tunc
531 1883 705 1963 imperator
735 1883 859 1943 beatam
879 1882 1075 1944 Pulcheriam
1101 1878 1322 1963 oppidop.158

136 1983 238 2046 rogans
268 1963 310 2024 ad
342 1963 514 2047 imperialia
545 1965 693 2042 redusit,¹
710 1987 791 2047 quae
818 1986 891 2027 mox
917 1967 1044 2027 mittens
1063 1964 1221 2045 Ephesum

135 2048 302 2128 asportavit
324 2047 396 2110 inde
426 2069 539 2132 eorpus
560 2050 657 2110 saneti
678 2049 835 2125 Flaviani,
867 2057 992 2110 etcum
1015 2047 1114 2109 multo
1135 2047 1222 2109 deie-

136 2151 198 2190 reus
221 2132 375 2214 obsequio
396 2151 454 2214 per
476 2131 612 2192 medium
633 2132 717 2193 urhis
730 2131 873 2213 sepelivit
891 2132 976 2214 opud
995 2142 1116 2193 sanctos
1140 2150 1223 2212 apo-

134 2213 232 2275 stolos.
276 2215 396 2277 interea
409 2215 517 2277 auitas
532 2215 661 2298 Scytha,
683 2215 733 2274 vir
757 2216 848 2276 fortis
869 2227 964 2300 atque
980 2215 1143 2297 superbus,
1164 2213 1222 2276 de-

134 2298 229 2376 posito
252 2298 360 2360 Bdelle
390 2299 505 2359 seniori
535 2299 634 2362 fratre
654 2299 735 2359 solus
755 2298 966 2382 Scytharum,
991 2320 1069 2383 quos
1091 2298 1221 2358 Hunnos
1254 2313 1260 2323 ⁴

133 2389 248 2458 vocant,
274 2382 468 2465 principatus
492 2403 600 2466 regno,
621 2403 680 2465 per
693 2382 847 2442 Thracem
862 2383 1019 2459 discurrit,
1041 2389 1073 2442 et
1097 2385 1316 2458 omnemp.159

132 2464 285 2527 civitatem
309 2474 341 2527 et
361 2474 462 2528 castra
484 2467 516 2527 iu
541 2467 723 2527 servitutem
737 2465 870 2547 redegit,
892 2474 1021 2547 praeter
1043 2463 1220 2525 Hadriano-

131 2548 222 2628 polim
237 2560 271 2612 et
285 2548 471 2626 Heracliam,
494 2570 574 2633 qnae
594 2548 753 2629 quondam
773 2548 941 2609 Perinthus
953 2548 1136 2609 vocabatur.
1161 2566 1221 2607 co.

130 2631 208 2709 gitur
227 2654 307 2715 ergo
322 2632 514 2694 Theodosius
534 2632 722 2714 legationem
744 2631 857 2693 Attilae
878 2633 1013 2707 mittere,
1034 2640 1067 2691 et
1087 2650 1138 2691 sex
1158 2628 1220 2690 mi.

130 2710 166 2774 lia
185 2716 342 2777 librarum
365 2718 393 2777 ei
415 2738 476 2798 pro
501 2717 783 2797 recessupraehens
806 2714 891 2775 mille
912 2714 1067 2775 librarum
1081 2734 1220 2775 annuum

129 2798 282 2861 tributum
303 2800 483 2881 persolvere
539 2799 694 2861 ollicetur.
736 2799 833 2879 igitur
866 2820 939 2859 cum
956 2799 1097 2859 Romana
1118 2797 1218 2858 virtus

129 2882 242 2945 abella
283 2883 422 2946 rediisset
466 2822 536 2945 uod
561 2882 704 2945 adversus
726 2882 854 2944 Attilam
885 2884 989 2943 fuerat
1020 2881 1218 2959 destinatum,

128 2986 185 3027 uon
209 2966 314 3029 multo
336 2973 408 3049 post
427 2968 455 3027 T
477 2965 621 3029 eudesius
642 2966 790 3027 moritur.
840 2986 942 3047 porro
971 2966 1062 3027 beata
1085 2963 1220 3027 Pulche-

127 3050 180 3127 ria,
202 3050 348 3112 nondum
370 3050 516 3133 cuiquam
535 3047 732 3131 imperatoris
747 3057 853 3111 morte
873 3059 1045 3130 compertu,
1059 3048 1218 3109 Marciano

127 3134 290 3207 accersito,
311 3135 342 3193 in
365 3134 517 3215 religione
538 3154 574 3193 au
595 3132 748 3214 pudicitia
770 3140 992 3207 conversante,
1012 3152 1085 3192 seue
1104 3128 1218 3191 videti.

127 3226 173 3280 eet
194 3228 228 3279 et
257 3217 376 3279 idoneo
409 3218 499 3293 viro,
522 3216 598 3279 dicit
622 3215 650 3278 ei
683 3215 856 3297 “quoniam
883 3215 1057 3299 imperator
1075 3222 1219 3276 mortuus

126 3308 178 3376 cst,
201 3310 235 3363 et
259 3321 318 3382 ego
341 3310 372 3363 te
393 3300 470 3383 elmi
490 3310 638 3383 tanquam
658 3298 913 3381 beneplacentem
935 3319 970 3359 ex
993 3294 1078 3359 omni
1100 3304 1220 3377 senatu,

125 3384 159 3445 da
181 3384 261 3445 mihi
284 3385 416 3445 verbum
445 3382 531 3467 quud
564 3382 716 3445 custodias
745 3382 958 3465 virginitatem
979 3403 1098 3454 meam,
1123 3400 1219 3463 quem

128 3468 184 3530 deo
207 3470 362 3547 commisi,
384 3478 416 3529 et
430 3466 643 3549 pronuntiabo
661 3476 691 3527 te
708 3466 930 3545 imperatorem
939 3470 965 3537 ·‚''
982 3464 1070 3548 quod
1084 3486 1121 3524 co
1145 3461 1218 3543 pol.

125 3550 246 3629 licente,
272 3552 422 3613 accersito
446 3548 625 3633 patriarcha
646 3550 767 3629 pariter
795 3559 828 3611 et
846 3558 976 3630 senatu,
999 3544 1218 3631 pronuntiavit

124 3656 191 3709 eum
215 3638 441 3718 imperatorem
461 3637 686 3695 Romanorum.

203 3734 317 3798 Mundi
341 3756 421 3796 anno
444 3732 536 3809 5943,
558 3731 682 3794 divinae
703 3730 926 3793 incarnationis
944 3722 1017 3804 443,
1040 3725 1312 3821 illarciappsptlitt

122 3820 189 3900 pius
210 3819 322 3880 divino
345 3819 472 3881 decreto
506 3818 678 3898 imperator
703 3824 841 3877 astemus
863 3834 969 3875 omues
993 3810 1099 3893 quiin
1125 3808 1217 3869 exalto

121 3914 211 3966 erant
234 3888 406 3964 devocavit,
448 3900 613 3962 Pulclacria
637 3920 712 3960 vero
734 3920 883 3979 perosum
911 3890 1140 3978 Chrysaplsium
1158 3914 1219 3952 eu-

122 3986 264 4047 nuchum
283 3986 416 4047 tradidit
437 3982 562 4046 Iordani
582 3983 646 4043 lilio
681 3981 811 4057 loannis,
834 3980 888 4062 qui
914 3974 1112 4062 tyrannidem
1133 3974 1219 4056 apud

121 4070 298 4131 Romanam
320 4069 429 4130 urbem
451 4068 610 4141 exercuit,
637 4066 802 4147 aaaaltisque
833 4062 956 4125 Christo
985 4060 1096 4123 erectis
1116 4058 1223 4119 ecele-

122 4153 181 4230 siis,
200 4152 438 4235 praecipucque
464 4152 496 4211 in
527 4149 706 4211 Blachernis
737 4145 897 4208 laudabilis
925 4143 1069 4205 dominae
1094 4150 1220 4204 nostrae

124 4234 169 4299 dei
192 4236 357 4319 genitricis
377 4236 408 4297 iu
431 4234 586 4319 principio
610 4232 732 4315 imperii
756 4231 800 4313 pii
815 4229 966 4293 marciani
988 4226 1148 4291 secusium
1170 4224 1222 4287 fe-
