3050 4900
313 331 362 405 86
475 335 686 404 anssrtsn
717 336 911 402 nssromt
935 326 1241 400 ucctnsrssrrcn

313 513 441 590 scopatn
463 507 577 590 proiicl
598 507 693 590 magis
717 507 819 590 elegit,
840 515 872 569 et
886 514 1084 568 consecratus
1106 511 1151 566 est
1170 523 1232 585 pro
1253 522 1292 562 so
1307 502 1402 563 loan-

313 611 366 654 nes
382 611 419 653 ex
438 591 728 678 staurophylacihus
750 591 886 674 qnidam,
907 589 962 673 qni
987 588 1160 671 spopondit
1180 590 1284 648 iecere
1303 604 1403 666 quae.

160 699 188 755 p.
202 682 254 742 242
272 685 305 743 12
313 697 438 758 cunque
456 677 590 738 vallente
610 696 721 738 verum
743 681 938 736 consecratus
960 683 1108 734 neutrum
1134 671 1219 732 lecit.
1263 668 1401 750 impero.

312 767 367 820 tor
387 765 490 820 aulem
514 759 688 821 Anastasius
715 780 779 819 una
807 779 878 818 cum
900 754 1069 818 Timotheo
1096 753 1225 816 scelesto
1248 752 1403 812 Constan-

313 841 522 924 tinopoliteno
540 843 688 926 episcopo
710 840 807 902 multa
830 840 910 902 mala
927 837 1087 902 monachis
1106 836 1226 899 clericis
1245 855 1282 895 ac
1303 831 1400 906 luicis,

313 925 369 1007 qui
392 946 453 1006 pro
473 925 659 988 Macedonio
689 945 816 1010 proque
843 923 963 1008 synodo
998 920 1184 984 defensantis
1216 939 1402 1000 persevera-

312 1007 412 1084 bant,
442 1007 592 1086 ostendit,
614 1009 657 1070 ita
679 1017 715 1070 ut
741 1008 825 1090 opud
853 1007 959 1068 Oasim
985 1005 1150 1067 Thebaidis
1174 999 1289 1064 multos
1307 1001 1401 1062 exilio

312 1090 477 1173 relegeret.
526 1091 579 1175 qui
602 1091 783 1154 Timotheus
803 1092 951 1175 synodica
972 1097 1006 1152 et
1024 1086 1199 1151 Mncedonii
1229 1083 1403 1166 depositio.

312 1194 383 1234 nem
404 1173 592 1257 singularum
616 1176 768 1258 episcopis
787 1175 949 1235 civitatum
969 1171 1007 1234 ad
1027 1166 1284 1232 subscribendum
1300 1175 1403 1230 trans

312 1257 406 1332 misit,
426 1279 562 1340 qnorum
580 1258 642 1337 alii,
675 1259 823 1320 fortiores
848 1258 982 1332 scilicet,
1014 1254 1054 1317 ad
1079 1263 1249 1336 utrumque
1277 1251 1401 1312 restite-

313 1350 394 1416 rant,
417 1341 468 1400 alii
490 1361 567 1404 vero
599 1341 741 1424 utrisque
774 1341 934 1422 scripturis
956 1339 1073 1402 timore
1105 1335 1303 1418 imperatoris
1325 1355 1401 1416 per.

312 1423 416 1484 territi
429 1424 687 1507 subscripserunt
710 1445 811 1506 porro
826 1421 920 1484 medii
942 1421 1130 1504 depositioni
1141 1417 1315 1481 Macedonii
1337 1438 1403 1478 non

212 1505 560 1586 petasuhscribentes,
590 1506 747 1570 Timothei
775 1505 929 1590 synodicis
958 1506 1224 1588 subscripserunt3
1257 1501 1401 1597 quodid

312 1588 708 1736 ttzttsttl’ltttt
724 1589 1048 1756 lllttt'litltt
1066 1585 1402 1744 iiiiiiissiiii',

311 1754 490 1837 prohibitus
505 1764 549 1816 est
570 1779 586 1816 n
607 1757 745 1840 populo:
767 1755 873 1817 Severi
888 1776 1022 1838 namque
1034 1754 1402 1816 communionemomnes

313 1835 483 1900 orthodoxi
506 1839 675 1921 fugiebant,
697 1847 728 1901 et
749 1840 880 1900 maxime
900 1837 1061 1910 monechi3
1090 1838 1204 1920 quibus
1223 1855 1294 1896 cnm
1317 1833 1401 1894 mnl.

312 1919 446 1983 titudine
457 1921 648 1984 rusticorum
659 1920 776 2006 punitis
787 1921 900 1984 multos
912 1922 1037 2001 oceidit,
1054 1919 1163 1982 altaris
1178 1918 1358 1982 subvertens
1369 1927 1402 1978 et

312 2023 399 2064 sacra
421 2003 674 2068 orthodoxorum
691 2027 758 2066 vasa
780 2005 991 2088 utsscrilegns
1011 2001 1157 2066 coullsns.
1180 2003 1297 2064 lulisnu
1310 2021 1400 2078 vero,

312 2085 513 2148 illustrissima
528 2089 652 2164 femina,
668 2109 748 2171 quae
760 2088 910 2171 templum
923 2087 973 2150 dei
988 2087 1144 2171 genitricis
1156 2085 1240 2168 apud
1251 2085 1403 2146 Honora-

313 2177 358 2231 tas
371 2179 598 2248 construxerat,
613 2171 702 2232 valde
714 2193 776 2253 pro
786 2171 1029 2242 Chalcedonensi
1039 2169 1159 2254 syuodo
1169 2167 1335 2250 satagebat,
1356 2167 1402 2228 ita

312 2263 349 2313 nt
362 2253 390 2313 ei
404 2271 460 2313 noc
474 2253 647 2335 imperator
658 2255 795 2338 quidem,
812 2253 922 2318 multos
936 2255 1080 2316 adversus
1103 2274 1171 2315 eam
1183 2251 1332 2312 versutias
1342 2249 1401 2310 ad-

311 2336 479 2411 inveniens,
491 2337 657 2401 Timotheo
672 2339 903 2400 communicare
916 2337 1103 2422 persuadere
1118 2334 1260 2398 vnlnerit.
1278 2332 1332 2394 sed
1343 2335 1404 2395 nec'

312 2418 377 2501 ipse
388 2419 570 2483 Timotheus
592 2423 775 2504 frequenter
793 2419 832 2483 ad
851 2443 918 2484 enm
930 2441 1061 2506 pergens
1072 2421 1133 2483 boc
1152 2419 1182 2481 ei
1205 2417 1312 2501 potuit
1324 2437 1402 2500 per.

309 2504 450 2565 sundere.
461 2504 644 2586 Pompeium
655 2525 784 2589 qnoque
792 2506 1013 2569 consobrinum
1024 2504 1112 2580 illius,
1124 2502 1254 2564 ethnius
1260 2520 1401 2581 uxorem,

312 2608 393 2668 quac
404 2586 516 2651 mulier
527 2598 596 2650 erat
608 2599 719 2650 ornata
731 2598 764 2650 et
776 2589 983 2651 concedendis
996 2586 1152 2650 beneficiis
1163 2606 1285 2661 vacans,
1297 2584 1401 2645 multis

310 2669 485 2751 imperator
505 2672 649 2755 angustiis
670 2670 853 2734 humiliabat
872 2680 910 2733 ut
929 2672 1079 2732 zelatores
1092 2666 1204 2751 synodi
1218 2676 1251 2731 et
1270 2688 1322 2729 eos
1344 2668 1401 2749 qui

310 2752 497 2813 hlncedonio
518 2754 730 2835 largiebantur
760 2755 793 2813 in
813 2754 903 2815 exilio
934 2774 1014 2837 qnne
1036 2752 1204 2815 necessaria
1222 2760 1325 2813 erant.
1366 2750 1402 2812 bi

311 2854 389 2895 vero
414 2836 469 2915 qni
490 2836 705 2897 Alexandriam
726 2836 808 2896 missi
828 2837 953 2898 fueraut
972 2836 1169 2899 aTimotheo
1191 2834 1231 2895 ad
1252 2836 1402 2896 loannem

311 2914 499 2994 Nicaeotem,
521 2936 616 2999 super
637 2920 802 2981 ambonem
825 2918 1073 2983 chalcedonense
1102 2918 1401 2981 anathematisnsere

312 3000 491 3061 concilium.
535 3001 684 3064 defuncto
713 3011 817 3065 sutem
837 3002 1010 3087 hegumeno
1036 3002 1218 3066 monasterii
1237 3001 1290 3063 Dii
1313 3002 1401 3064 venit

310 3080 493 3145 Timotheus
525 3082 726 3147 ordinaturus
753 3084 981 3169 hegumenum
1009 3086 1036 3148 is
1065 3095 1169 3149 entem
1189 3085 1245 3169 qui
1265 3105 1401 3167 promo.

210 3186 240 3241 p·
252 3164 426 3229 sitiendus
449 3175 527 3245 erat,
549 3166 626 3229 dixit
644 3189 677 3230 se
696 3176 760 3229 non
780 3180 996 3253 suscepturum
1016 3169 1269 3235 benedictionem
1289 3191 1308 3230 a
1328 3170 1401 3231 siro

312 3249 367 3332 qui
379 3249 659 3315 chalcedonensem
679 3253 833 3335 synodum
860 3266 1032 3337 sperneret
1060 3255 1100 3317 ad
1121 3254 1199 3316 haec
1216 3251 1400 3315 Timotheus

311 3332 356 3393 ait
378 3332 560 3396 “anathemu
592 3336 676 3397 omni
708 3334 830 3398 homini
853 3336 1102 3401 chalcedonense
1129 3358 1194 3399 non
1220 3334 1401 3417 suscipienti

310 3414 513 3490 concilium;”
535 3429 566 3480 et
586 3426 653 3481 tum
674 3418 725 3481 ille
745 3420 880 3502 provehi
894 3421 934 3483 nb
956 3424 1023 3506 ipso
1037 3421 1194 3484 convenit.
1235 3428 1399 3502 praeterea

310 3500 439 3562 loannes
461 3500 695 3565 orchidinoonus
714 3496 882 3582 Timothei,
903 3524 975 3567 cnm
996 3514 1073 3568 esset
1092 3501 1299 3579 lllsniehaens,
1321 3522 1401 3564 con.

308 3580 395 3645 viciis
416 3581 518 3645 affecit
539 3584 751 3659 Timotheum,
773 3596 805 3649 ct
823 3587 1008 3670 imperatori
1030 3586 1117 3673 qnod
1136 3586 1257 3648 dixerat
1276 3585 1400 3647 indica-

309 3664 368 3727 vit.
411 3675 458 3728 ast
481 3667 653 3750 imperator
678 3669 883 3752 ignominiose
914 3693 952 3733 sc
982 3671 1051 3734 dire
1072 3669 1275 3732 Timotheum
1295 3670 1327 3728 in
1349 3670 1399 3729 t'a.

310 3748 389 3811 clem
409 3752 594 3812 conveniens
623 3763 788 3833 negantem
807 3754 936 3833 invenit,
964 3764 999 3817 et
1020 3764 1170 3817 econtra
1192 3772 1244 3815 eos
1267 3750 1399 3813 anathe-

309 3834 505 3896 matizantem
525 3834 580 3917 qni
604 3836 883 3899 Chalcedonensem
904 3837 1057 3921 synodum
1077 3836 1273 3919 recepissent.
1295 3855 1398 3917 porro

310 3914 437 3979 loannes
460 3918 681 3980 Alexandrinus
704 3918 841 3981 inhibuit
860 3922 1027 4005 Aegyptios
1059 3920 1224 3984 ascendere
1247 3919 1399 3981 Hieroso.

308 3996 430 4079 lyrnam,
452 4011 569 4063 utnon
592 4002 859 4065 communicarent
894 4004 925 4064 in
946 4006 1131 4069 exaltatione
1155 4002 1399 4065 Chalcedonensi

309 4081 455 4146 concilio.
508 4084 662 4149 terribilia
692 4107 769 4149 aero
801 4086 952 4170 quaedam
978 4090 1018 4151 sb
1039 4088 1085 4153 tis
1115 4088 1170 4172 qui
1191 4110 1210 4148 n
1231 4085 1397 4149 daemonio

308 4165 497 4231 tenebantur
530 4170 611 4231 facta
628 4178 710 4255 ‘suut
738 4170 960 4256 lliercsolymis
983 4180 1070 4237 tunc.
1120 4170 1292 4235 Anastasius
1312 4167 1397 4236 enim
