3050 4900
292 373 343 445 38
455 377 666 446 ANASTASH
696 379 893 446 nassonia
909 375 1222 448 ECCLFBle'l'le

290 552 353 610 iuna
369 569 429 610 non
451 547 571 611 mdeum
599 549 644 612 ud
669 549 841 612 Cor-uelum
865 549 974 615 dicit.’'
1014 557 1179 632 praeterea
1198 548 1299 612 Fabio
1321 549 1384 611 bn·

290 632 439 694 tiocbeno
463 633 610 716 episcopo
630 654 726 715 super
748 636 870 696 Novato
899 633 1085 696 claudicanti
1098 631 1283 710 ,Cornelius
1303 655 1383 716 quae

289 717 455 798 praemissa
473 727 555 792 sunt,
579 729 611 779 et
631 719 850 801 qualitereum
866 719 957 777 multi
975 719 1150 780 deserentes
1173 717 1211 778 ad
1224 717 1383 780 ecclesiam

289 807 443 876 currant,
481 800 652 862 necessario
689 801 808 862 scribit.
858 802 891 861 in
918 802 1031 884 quibus
1053 811 1087 863 et
1107 800 1256 862 deheuto
1277 803 1383 884 Moyse

287 893 429 966 martyre
455 883 615 960 meminit,
638 885 775 968 qualiter
804 883 904 966 ipsum
925 887 1080 946 Nouatum
1102 893 1174 944 ante
1194 885 1382 966 martyrium

286 987 350 1026 una
371 987 443 1026 emn
465 967 604 1050 quinque
627 967 825 1029 schismaticis
843 969 1032 1051 presbyteris
1053 969 1127 1044 eius,
1149 965 1400 1048 deprehendens.

285 1049 496 1112 temeritatem
516 1052 629 1132 ipsius,
661 1053 987 1114 excommunicaverit.
1037 1051 1187 1134 additque
1209 1053 1240 1112 in
1261 1050 1380 1132 episto.

284 1133 415 1195 lactine
445 1134 622 1218 catalogum
653 1136 874 1218 episcoporum
904 1136 959 1218 qui
988 1135 1134 1198 adversm
1160 1157 1232 1196 eum
1261 1137 1381 1198 Romae
1434 1193 1437 1198 .

284 1228 500 1280 convenerunt
532 1239 591 1299 per
620 1219 740 1301 singula
775 1219 918 1299 nomina,
951 1229 984 1282 et
1011 1217 1235 1302 parochiarum
1267 1217 1380 1280 lacieus

282 1303 483 1377 mentionem,
505 1323 564 1364 uec
586 1323 648 1362 non
671 1313 704 1364 et
726 1322 839 1366 eornm
857 1304 913 1386 qui
934 1323 1006 1363 cum
1019 1303 1061 1364 oh
1081 1301 1250 1364 necessaria
1270 1301 1379 1363 obsta.

284 1386 354 1446 cula
377 1406 440 1446 non
470 1385 703 1464 convenissent,
726 1395 951 1466 consenserant
977 1397 1082 1450 tamen
1103 1386 1243 1469 propriis
1266 1384 1380 1448 litteris

282 1467 390 1528 divino
414 1477 525 1530 contra
548 1469 651 1551 ipsum
666 1469 858 1552 deprompto
881 1470 1011 1532 iudicio.

177 1591 206 1645 p.
220 1574 275 1630 705
365 1567 474 1629 Mundi
497 1589 578 1628 anno
593 1566 685 1645 5746,
711 1568 835 1630 (livinae
856 1568 1080 1630 incarnationis
1101 1589 1183 1628 anno
1205 1561 1279 1643 946,
1301 1569 1378 1628 Gal.

280 1651 326 1712 lus
348 1659 381 1712 et
405 1652 590 1714 Volusianus
621 1651 787 1734 imperant.
825 1653 994 1714 ,Cornelius
1024 1662 1057 1714 et
1075 1653 1188 1712 Lucius
1209 1652 1293 1712 circa
1315 1652 1377 1712 bo.

279 1755 351 1797 rum
374 1742 518 1815 tempora
539 1735 674 1797 Romani
695 1737 832 1820 episcopi
851 1758 968 1798 cruore
989 1736 1133 1818 martyrii
1155 1733 1280 1795 llorent.
1304 1757 1376 1795 cum

277 1817 407 1898 plurimi
430 1817 575 1901 Scythae,
600 1819 654 1902 qui
676 1819 773 1880 Gothi
804 1818 977 1897 dicuntur,
1000 1819 1141 1882 Histrum
1164 1818 1295 1878 fluvium
1316 1821 1375 1880 sub

276 1900 377 1962 Decio
401 1910 651 1978 transmeassent,
680 1903 856 1964 Romanum
887 1903 1052 1986 imperium
1081 1902 1302 1962 devastubauts
1326 1901 1375 1962 isti

276 1987 379 2069 Mysos
400 1984 578 2066 Nicopolim
609 1985 758 2068 fugientes
785 1987 1001 2048 obtinuerunt.
1043 1987 1156 2047 Decius
1180 1985 1375 2046 autemillos

275 2089 443 2150 aggressus,
467 2077 503 2128 ut
522 2069 681 2152 Daaippus
703 2071 832 2145 scribit,
855 2071 983 2153 triginta
1003 2071 1127 2131 milibus
1148 2069 1321 2130 intersectis
1341 2069 1373 2130 in

274 2151 425 2212 corallictu
450 2151 613 2230 minuitur,
635 2153 677 2213 ita
698 2163 735 2214 ut
753 2153 1001 2236 Philippopolim
1022 2153 1174 2215 desertam
1195 2153 1234 2213 ab
1258 2153 1300 2212 eis
1321 2151 1369 2211 fa.

273 2243 358 2295 etam
378 2236 538 2296 amitteret
559 2243 590 2296 et
601 2235 735 2298 Thraces
751 2237 840 2296 multi
862 2239 1013 2318 perirent.
1057 2257 1156 2319 porro
1178 2236 1292 2296 Decius
1308 2236 1371 2295 im.

182 2336 186 2346 ¹
274 2327 433 2399 pugnator
454 2318 503 2381 dei
526 2319 615 2380 ualde
637 2320 842 2401 ignominiose
863 2320 1020 2383 occiditur
1041 2319 1292 2402 apudbbrytum
1314 2319 1371 2402 qui

272 2399 393 2463 dicitur
421 2403 692 2465 Forothembroni
723 2425 784 2465 uua
815 2425 887 2465 cum
917 2405 991 2466 lilio.
1035 2403 1170 2488 Scythae
1199 2422 1371 2465 varocum

272 2486 416 2569 pluribus
444 2488 550 2567 spoliis
577 2494 610 2549 et
636 2488 766 2569 captivis
794 2488 833 2549 ad
861 2510 915 2550 sua
939 2490 1054 2550 reversi
1084 2498 1164 2549 sunt.
1216 2488 1370 2549 exercitus

271 2576 377 2631 autem
400 2571 523 2631 Gallum
547 2568 713 2655 quendam,
733 2572 789 2654 qui
819 2572 894 2631 olim
918 2572 1028 2635 consul
1050 2572 1207 2652 extiterat,
1230 2573 1369 2653 impera-

272 2662 375 2715 torem
400 2676 461 2715 una
493 2676 565 2717 cum
586 2655 757 2717 Volusiano
779 2656 868 2716 Decii
893 2656 956 2716 lilio
979 2654 1238 2731 acclamaverunt,
1259 2654 1369 2737 quiet

169 2750 196 2807 p.
212 2738 264 2794 '1¹⁰6
275 2737 430 2818 imperant.
452 2738 622 2798 secundum
652 2738 828 2819 Dexippum
857 2738 1012 2799 mensibus
1035 2738 1141 2817 decem
1162 2746 1194 2798 et
1216 2746 1300 2811 octo,
1324 2736 1368 2798 nil

272 2819 401 2901 dignum
422 2819 514 2880 laude
535 2831 693 2901 gerentes,
722 2820 895 2881 secundum
915 2820 990 2889 ulios
1012 2831 1116 2883 autem
1138 2820 1226 2882 annis
1246 2820 1367 2897 trihus,

271 2924 374 2985 porro
395 2901 561 2964 secundum
593 2904 744 2986 quosdam
769 2903 855 2964 annis
888 2903 1027 2976 duobus3
1054 2904 1276 2987 peremptique
1295 2913 1368 2965 sunt

271 2987 390 3068 proditi
416 3008 433 3047 a
467 2987 600 3069 proprio
632 2995 798 3068 potentatu
830 2987 861 3046 in
881 2987 954 3050 loro
984 2988 1137 3065 Flaminii,
1168 3005 1368 3070 nequaquam

270 3069 360 3131 Decii
394 3090 496 3133 mores
528 3070 654 3145 sectati,
677 3080 711 3131 ut
745 3068 881 3153 quodam
915 3072 946 3132 in
978 3072 1049 3132 loco
1070 3072 1179 3133 beatus
1199 3070 1367 3153 Dionysius

270 3152 506 3231 Alexandrinus,
527 3156 651 3215 antistes
672 3155 919 3233 Hermammoni,
941 3156 1061 3217 scribit.
1103 3155 1149 3215 bis
1171 3153 1367 3235 temporibus

270 3238 443 3319 Gregorius
466 3260 592 3319 magnus
614 3247 646 3299 ct
668 3238 894 3298 miraculorum
921 3248 1067 3319 patrator
1087 3240 1119 3299 in
1137 3238 1367 3320 philosophiae,

272 3342 353 3403 quae
380 3322 549 3382 secundnm
570 3320 727 3381 Christum
754 3331 817 3397 est,
856 3324 1050 3403 perfectione
1081 3324 1229 3405 fulgebat.
1278 3322 1367 3384 cuius
1426 3326 1429 3332 ’

271 3404 457 3485 condignam
471 3404 674 3465 Caresarieusis
688 3404 849 3483 Eusebius,
871 3406 1048 3488 nescioquo
1073 3426 1135 3486 pro
1156 3426 1257 3479 eausa,
1278 3426 1368 3464 men-

270 3488 388 3549 tionem
409 3509 472 3549 non
495 3487 579 3563 facit,
604 3488 789 3568 pracsertim
812 3510 883 3548 cum
907 3489 1177 3550 irrationabilibus
1209 3489 1368 3549 declama.

270 3570 407 3632 tionibus
436 3572 526 3653 impii
561 3571 704 3653 Origenis
739 3582 892 3649 moretur,
915 3573 1000 3654 quod
1031 3593 1123 3654 agere
1144 3575 1250 3653 potius
1269 3592 1367 3653 super

269 3654 331 3715 boc
353 3654 517 3731 debuerit,
540 3656 594 3739 qui
617 3676 675 3736 per
698 3656 876 3721 universum
899 3658 1009 3718 orbem
1032 3664 1190 3717 terrarum
1213 3663 1365 3737 personat

269 3737 443 3821 divinisque
463 3740 566 3799 verbis
588 3747 732 3799 coruscat
762 3747 857 3822 atque
870 3738 1031 3825 prodigiis,
1054 3740 1097 3801 ita
1121 3748 1156 3801 ut
1179 3739 1249 3822 ipsis
1269 3738 1364 3801 etiam

268 3820 470 3883 daemonibus
503 3834 539 3884 ut
581 3822 764 3903 quibusdam
795 3822 956 3905 mancipiis
990 3824 1159 3906 imperaret
1190 3844 1250 3905 per
1279 3824 1364 3883 mul.

268 3914 333 3965 tum
358 3906 396 3965 ad
419 3904 512 3967 deum
534 3904 679 3967 liduciam
699 3917 731 3967 et
754 3905 835 3968 sitae
857 3915 890 3967 et
918 3907 1005 3969 verbi
1031 3906 1227 3967 munditiam.
1271 3906 1363 3967 aesti-

268 4010 321 4051 mo
345 3996 449 4051 autem
471 3990 637 4051 Eusebium
666 3990 708 4050 ita
734 3988 862 4051 deilicae
890 3990 1016 4051 virtutis
1031 3990 1182 4051 mirabilis
1198 3997 1231 4050 et
1251 3986 1363 4050 deiferi

182 4114 186 4121 -
269 4072 419 4155 Gregorii
432 4073 674 4155 magnitudinem
695 4074 839 4146 tacuisse,
859 4094 920 4153 pro
935 4095 973 4135 eo
995 4072 1082 4157 quod
1099 4072 1286 4135 omnimodis
1301 4093 1363 4154 pu.

272 4176 322 4217 rus
343 4165 375 4217 et
404 4156 520 4217 alienus
547 4158 586 4217 ab
609 4157 753 4239 Origeuis
784 4156 991 4219 deliramentis
1022 4166 1055 4219 et
1079 4156 1147 4218 Arii
1166 4155 1362 4238 blasphemiis

168 4257 185 4311 P
211 4239 261 4298 707
271 4240 376 4319 luerit,
399 4241 509 4326 quibus
519 4241 668 4307 Eusebius
687 4248 756 4303 erut
777 4241 919 4304 inlectus.
965 4236 1020 4325 qui
1042 4241 1269 4324 uecCypriaui,
1291 4261 1361 4300 ma-
