3050 4900
523 345 576 406 ux
604 309 863 408 lasciuius.
941 339 946 354 ’
1017 342 1021 351 ·
1074 342 1078 351 ·
1165 317 1259 402 sss

145 517 208 570 teas
228 517 422 588 procurator
442 509 602 574 Osroenae
631 508 670 573 ad
693 509 775 574 iliad
795 509 880 594 apud
900 507 1086 584 Chalcidem,
1109 510 1142 569 et
1162 528 1239 588 spo.

144 592 326 674 ponderunt
346 594 375 656 ei
406 592 482 656 dare
500 617 560 676 per
585 595 721 679 singulos
748 614 847 658 annos
866 605 993 656 centum
1020 589 1105 653 milia
1133 591 1240 652 numi-

143 685 289 752 smatum,
312 697 351 737 ne
371 679 519 740 transiret
528 679 737 762 Euphratem,
758 699 861 760 neque
882 677 921 738 ad
941 696 1052 759 pacem
1075 674 1239 758 nequead

143 758 261 827 bellum
274 768 420 834 amietos,
441 783 604 846 quousque
621 764 828 846 quantitatem
842 761 912 822 auri
933 759 1121 842 persolvent.
1141 779 1238 841 prae-

142 849 230 904 terea
254 845 382 906 loannes
394 844 559 908 liedessam
572 845 675 923 rediit,
697 855 730 908 et
750 867 888 906 annuum
898 865 1023 912 censum
1044 841 1180 904 delatum
1198 839 1239 903 ad

140 925 277 989 Hiadum
298 927 476 991 transmisit.
530 929 690 1000 Heraclius
721 936 824 992 autem
853 928 916 988 boc
937 926 1044 994 audito
1065 925 1239 989 obnoxium

140 1009 292 1070 iudicavit
324 1012 488 1088 loannem,
520 1014 609 1094 quod
640 1014 757 1096 absque
785 1011 940 1094 imperiali
962 1011 1023 1074 boc
1044 1009 1155 1080 fecerit
1177 1031 1238 1071 no·
1352 1016 1355 1022 '

138 1093 241 1166 tione;
268 1113 362 1176 quem
383 1096 568 1158 accersitum
595 1098 684 1160 exilio
707 1095 962 1160 condemnavit‘
992 1114 1092 1175 porro
1115 1113 1176 1175 pro
1199 1113 1237 1154 co

139 1175 277 1240 (latitat
297 1177 496 1242 Ptolomeum
518 1179 674 1262 quendam
694 1179 875 1262 magistram
896 1176 1041 1247 militum.

224 1297 314 1360 Auno
336 1301 462 1386 imperii
489 1303 625 1365 Heraclii
649 1301 863 1388 sumperunt
895 1299 1237 1362 Arabes'Antioobiams
1267 1310 1271 1316 ⁴
1361 1375 1364 1378 ἢ

139 1391 171 1444 et
193 1383 300 1443 missus
333 1395 378 1446 est
398 1385 537 1448 Mauhias
561 1387 598 1448 ab
621 1387 761 1451 Humaro
792 1389 924 1469 praetor
952 1393 983 1446 et
1004 1403 1122 1444 amerus
1141 1385 1237 1443 totius
1332 1392 1336 1402 '

139 1467 285 1552 regionis,
307 1489 386 1550 quae
404 1471 461 1532 snb
478 1471 639 1534 Saracenis
659 1479 740 1563 erat,
762 1469 800 1532 ab
813 1467 955 1554 Aegypto
964 1461 1119 1530 'videlicet
1139 1470 1238 1550 usque

139 1549 180 1611 ad
201 1550 406 1634 Euphratem.
626 1566 629 1574 ’
965 1570 988 1579 ”

219 1679 312 1740 Anno
324 1699 400 1741 aero
414 1669 538 1761 imperii
549 1679 683 1742 Heraclii
694 1672 1056 1742 retransmittens
1068 1694 1139 1737 cum
1151 1671 1238 1735 omui

136 1761 248 1822 militia
267 1783 323 1827 sua
340 1761 551 1844 Euphratem,
573 1775 605 1830 ct
625 1765 711 1828 veuit
733 1762 920 1833 Hedessam„
937 1757 1113 1823 >Hedesseui
1133 1765 1237 1830 autem

136 1847 313 1940 aperientes
332 1857 521 1926 acceperunt
539 1848 672 1910 verbum
697 1869 759 1908 nna
773 1868 852 1918 ,cnm
874 1845 1004 1927 regione
1016 1843 1236 1940 'magistroque

135 1927 272 2000 militum
306 1949 343 1993 ac
365 1930 529 2006 Romanis,
560 1930 707 2014 quicum
728 1931 796 2074 ipso
819 1937 933 1992 eraut..
958 1936 993 1987 at
1014 1927 1058 1986 illi
1081 1925 1234 1986 Constan-

135 2012 211 2072 tiam
234 2013 368 2090 abeunt,
403 2010 691 2098 depopulantesque
715 2011 736 2075 il
767 2036 799 2074 m
819 2013 979 2096 accipiunt
999 2008 1099 2090 bello,'
1114 2007 1146 2070 et
1166 2005 1331 2078 tre-rw

134 2101 243 2176 mutos
264 2095 420 2164 Romanoa
449 2095 652 2176 interimuut3
683 2106 714 2159 et
732 2096 821 2157 illinc
842 2097 948 2159 abiere
970 2093 1078 2176 Dolus,
1099 2091 1233 2154 et·bello

132 2175 215 2240 haue
237 2177 573 2262 comprehenduut'et
589 2178 620 2240 in
644 2173 696 2242 illa
715 2181 870 2264 plurimos
891 2177 1045 2266 perdunt,
1066 2176 1234 2261 taliterque

134 2271 237 2326 totam
260 2263 516 2348 Mesopotamiam
538 2263 661 2328 lahidus
684 2263 776 2348 cepit
993 2267 997 2276 '
1051 2267 1054 2271 ’
1278 2267 1281 2270 ’

219 2375 309 2433 Anno
339 2370 464 2454 imperii
484 2372 619 2439 Heraclii
638 2370 680 2436 30
700 2371 847 2434 Saraceni
878 2370 976 2435 aciem
996 2369 1180 2449 dircxerunt
1199 2366 1233 2428 iu

132 2452 314 2529 Persidem,
345 2464 378 2517 et
399 2457 509 2520 ineunt
529 2456 665 2523 cumeis
684 2456 821 2535 bellum,
840 2464 1055 2537 potenterque
1075 2452 1233 2517 vincentia

133 2559 242 2599 omnes
272 2538 331 2601 sibi
353 2540 460 2603 Persas
488 2539 627 2601 subditos
649 2538 799 2602 reddunt.
841 2535 1020 2599 Hormisdas
1041 2545 1155 2611 antem,
1177 2533 1233 2615 qui

131 2620 236 2685 Persis
247 2621 430 2705 imperabat,
447 2622 485 2683 ad
497 2621 662 2685 interiores
671 2624 778 2687 Persas
791 2622 865 2703 fuga
885 2622 987 2702 lapsas
1002 2617 1117 2679 dimisit
1138 2638 1232 2698 rega.

5 2752 7 2777 .
134 2702 184 2768 lia.
229 2712 262 2785 at
290 2728 365 2767 vero
393 2707 540 2769 Saraceni
571 2704 705 2789 captivas
733 2692 849 2768 duxere
879 2702 1026 2765 Cliosrois
1056 2700 1130 2761 filias
1159 2722 1233 2763 cnm
1364 2754 1370 2764 .

6 2800 7 2803 ’
133 2788 219 2849 omni
242 2786 328 2871 regio
351 2811 367 2849 a
394 2799 514 2871 parata,
535 2797 567 2852 et
588 2783 770 2853 detulerunt
791 2788 831 2851 ad
850 2788 1036 2848 Humerum.
1059 2782 1232 2868 eodemque

133 2892 217 2931 auno
241 2870 328 2933 iussit
380 2894 470 2935 umar
499 2874 676 2935 universam
697 2873 831 2936 describi
855 2872 988 2951 orbem,
1009 2870 1064 2952 qui
1085 2868 1142 2930 sub
1165 2870 1231 2951 ipso

131 2964 213 3015 erat.
237 2955 319 3017 facta
339 2966 385 3019 est
406 2964 509 3019 autem
532 2952 700 3040 descriptio
720 2967 786 3019 tam
809 2954 973 3019 homiuum
995 2970 1089 3039 quum
1109 2953 1232 3015 iumen-

132 3046 240 3099 torum
261 3046 293 3100 et
313 3041 450 3122 frugum.
594 3039 598 3049 “
884 3040 887 3047 ’
977 3053 980 3061 ’
1031 3074 1035 3082 ·
1061 3066 1065 3080 ·

216 3148 306 3207 Anno
323 3146 446 3231 imperii
466 3148 513 3209 sui
526 3134 744 3212 dl'Her'uclius¹
759 3146 898 3209 moritur
913 3146 1085 3231 imperator
1103 3142 1229 3229 hydro.

134 3228 223 3313 piens
246 3229 357 3311 factus,
382 3254 454 3295 oum
475 3231 654 3316 imperasset
676 3232 761 3292 aunis
783 3230 918 3293 tricenis.

217 3340 353 3422 imperat
367 3348 470 3405 autem
484 3351 556 3425 post
578 3362 649 3403 eum
662 3340 879 3407 Constantinus
895 3338 973 3399 iilius
986 3334 1054 3399 eius
1073 3336 1228 3397 mensibus

153 3429 304 3501 uattuor,
324 3446 508 3511 venenoque
531 3424 716 3507 propinatus
745 3445 763 3484 s
790 3420 926 3503 Martius
956 3440 1092 3481 noverca
1117 3441 1171 3480 sua
1196 3429 1229 3479 et

130 3444 256 3650 {prmo
279 3508 460 3589 patriarcha
480 3508 639 3589 moritur,
660 3506 693 3571 st
714 3504 849 3593 imperat
867 3502 1053 3569 Heraclensis
1073 3502 1227 3567 Martinus

163 3592 209 3651 ius
230 3612 302 3651 oum
323 3601 422 3655 matre
444 3592 594 3660 Martius,
910 3601 914 3609 '

212 3700 304 3779 Auno
326 3698 451 3781 imperii
462 3698 654 3761 Hermionae
669 3696 774 3781 primo
797 3694 882 3778 capit
898 3682 1035 3757 Maubias
1048 3692 1322 3780 Caesareampsusss

130 3775 320 3843 Palaestinae
348 3792 420 3865 post
441 3784 636 3867 septennium
665 3778 832 3841 obsidionis
854 3778 927 3856 eim,
949 3786 982 3839 et
1001 3774 1118 3838 occidit
1137 3775 1168 3836 in
1190 3796 1227 3836 ea

130 3874 246 3945 septem
265 3866 350 3926 milia
370 3867 593 3931 Romanorum.
612 3860 617 3869 '
643 3863 754 3926 eodem
781 3882 863 3923 anno
880 3870 1001 3923 senatus
1021 3857 1138 3940 repulit
1158 3856 1223 3919 lle-

131 3946 289 4009 racionam
311 3970 463 4011 unacum
484 3951 618 4011 Martina
640 3955 741 4008 matre
761 3941 839 4007 illius
859 3966 897 4006 ac
915 3943 1102 4016 Valentino,
1122 3941 1163 4001 lin
1185 3950 1226 4002 ua

131 4028 283 4093 Martiuae
304 4041 337 4093 et
359 4054 432 4095 uaso
455 4032 648 4095 Heraclonae
670 4029 823 4100 abscissis;
845 4030 950 4111 eisque
971 4029 1001 4087 in
1025 4025 1149 4086 exilium
1165 3964 1224 4087 lde-

131 4112 246 4174 stiuatis
268 4114 307 4175 ad
328 4116 540 4213 principatum
563 4116 765 4177 Constantem
787 4109 1100 4184 lilium-Constantini,
1124 4129 1224 4189 nepo.

135 4202 195 4257 tem
208 4196 353 4282 Heraclii,
373 4202 563 4284 provehunt,
583 4199 638 4283 qui
659 4196 825 4281 imperavit
842 4195 929 4257 anais
941 4192 993 4257 st.
1014 4214 1087 4255 sano
1099 4191 1224 4277 Pyrrho
