3050 4900
270 347 346 422 298
557 366 560 370 ·
662 358 704 448 urs
736 353 1017 418 insertarum

270 491 345 568 uioai
375 503 477 570 sesso
502 505 587 568 τοῦτ’
614 499 699 568 ἔστιν
730 498 794 566 ainis
837 501 923 584 εψοζ
953 499 1043 576 ἔτους
1069 505 1129 570 τοῦ
1150 499 1282 585 κόσμου,
1300 501 1362 579 ἕως

270 583 337 676 ‘crs'
360 581 449 664 ἔπους
472 611 522 655 se.
542 583 618 662 τούς
640 587 702 652 Ἀλ.
725 584 803 650 κατὰ
825 573 861 656 di
875 581 1055 666 Ῥωμαίους
1077 586 1179 672 Ιςτιαί.
1202 587 1257 650 snb
1276 611 1361 653 curn.

274 675 332 737 155
355 695 427 737 cum
448 673 621 737 Barberino
653 682 782 757 practer
814 693 910 732 unum
942 679 974 734 et
997 671 1130 739 alterum
1153 671 1264 732 nullius
1288 693 1362 736 mo-

268 756 367 820 menti
391 757 524 820 verbum
550 756 711 820 convenit.
759 755 1003 820 correctissimus
1025 755 1174 832 omnium,
1198 777 1289 840 quem
1311 755 1360 818 id-

269 843 356 904 circo
376 841 463 923 regio
485 838 618 918 deserto,
642 839 755 902 invitus
778 836 851 903 licet
876 859 994 922 sequor
1014 847 1046 902 et
1068 839 1218 920 exprimo,
1241 839 1362 924 Peyre-

268 923 373 988 danna
397 934 452 1002 est,
471 922 601 986 dilectae
621 922 767 984 videlicet
795 943 833 986 ao
863 921 1048 986 accerrimae
1068 921 1280 986 litteratissimi
1299 923 1361 984 viri

268 1009 312 1070 D.
334 1006 478 1105 Peyresii
497 1005 704 1071 bibliothecae
724 1004 876 1089 reliquiae
895 1027 914 1068 a
935 1005 1050 1068 clariss.
1067 1005 1106 1071 Ι).
1127 1005 1225 1070 Petro
1245 1005 1362 1068 Putea.

268 1109 323 1172 no,
342 1111 430 1152 curua
451 1090 582 1155 viventis
597 1089 736 1154 animum
746 1090 859 1234 Apollo
872 1089 1044 1166 exornavit,
1066 1089 1186 1151 mortui
1207 1109 1289 1152 nunc
1302 1109 1361 1152 no.

267 1195 341 1236 men
367 1174 445 1239 colit
463 1176 673 1258 Mnemosyne,
695 1194 758 1256 apo
810 1194 860 1238 me
881 1171 1064 1256 depositae:
1089 1172 1123 1250 is,
1145 1171 1282 1256 inquam,
1305 1192 1362 1236 ceu

267 1267 398 1340 praeter
416 1279 522 1320 omnes
545 1257 819 1340 emendatissimos,
840 1265 872 1324 el
887 1277 959 1324 cnut
979 1255 1118 1339 palatino
1141 1255 1262 1338 pariter
1282 1277 1362 1338 pro-

267 1341 344 1404 bato
368 1337 429 1404 979
446 1341 651 1420 consentiens,
673 1362 713 1404 na
727 1339 863 1406 aliorum
885 1361 999 1402 naevos
1021 1338 1125 1424 operis
1148 1339 1238 1402 facies
1258 1339 1361 1400 statim

267 1423 449 1504 exhiberet,
476 1424 533 1509 qui
557 1434 694 1488 mentem
726 1423 864 1488 auctoris
893 1422 1029 1490 fideliter
1050 1423 1081 1486 in
1103 1423 1197 1488 titulo
1218 1423 1362 1504 referret,

268 1507 400 1592 ipseque
422 1529 497 1572 cum
516 1507 579 1572 lide
599 1506 798 1588 redderetur,
821 1505 929 1590 dignus
949 1517 994 1570 est
1014 1503 1148 1570 habitus.

351 1605 385 1681 t,
392 1606 424 1673 8.
465 1601 545 1672 soal
558 1602 635 1680 roric
655 1605 880 1686 Ἀλεξανδρεῖς,
900 1600 979 1668 aare
1002 1604 1039 1668 δὲ
1052 1601 1245 1686 Ῥωμαὼνς]
1267 1627 1362 1688 quam

267 1689 381 1754 diversi
402 1709 497 1773 penes
517 1693 656 1754 Graecos
677 1691 717 1752 ab
742 1691 823 1754 orbe
854 1689 984 1752 condito
1005 1689 1045 1752 ad
1065 1689 1224 1772 vulgarem
1246 1689 1362 1750 Christi

268 1776 402 1836 natata·
436 1774 522 1836 diem
542 1794 697 1836 annorum
729 1773 853 1837 numeri
882 1771 1107 1855 chronologiae
1125 1771 1263 1840 sincerria
1287 1771 1362 1833 illn-

267 1865 387 1920 strator
408 1857 553 1920 Petarins
580 1864 721 1920 recenset
740 1855 780 1918 de
798 1857 944 1920 doctrina
971 1865 1152 1938 temporum
1174 1856 1232 1924 tib.
1252 1854 1272 1918 9
1293 1875 1362 1937 cap.

268 1941 353 2018 zet
373 1939 557 2002 cultissimus
578 1940 707 2004 Allatins
727 1941 767 2002 ad
787 1939 943 2004 Euatsthii
972 1939 1187 2006 Herairneron
1208 1959 1277 2022 pag.
1299 1937 1361 2002 too

269 2031 302 2086 et
321 2045 408 2120 seqq.
450 2023 483 2083 in
512 2032 575 2086 tres
598 2045 699 2106 porro
721 2045 874 2100 summas,
906 2045 986 2106 quae
1017 2024 1156 2088 omnium
1177 2022 1362 2106 spectatissi-

268 2127 348 2183 naae,
367 2105 534 2172 dommo
555 2107 781 2192 quodcumque
795 2106 905 2188 extitit,
926 2107 1033 2172 abiisse
1053 2106 1255 2190 dignoscitur.
1298 2115 1361 2168 tres

269 2189 378 2274 itaque
397 2191 594 2258 &oscorum
612 2201 792 2274 computos,
814 2211 1033 2275 annorumque
1046 2210 1132 2254 aeras
1153 2199 1217 2252 tras
1236 2189 1362 2334 praeci·

269 2293 347 2356 pnas
368 2273 487 2335 eruditi
507 2275 675 2339 celebrant
691 2275 789 2338 trium
802 2272 897 2358 prior
915 2274 954 2338 ab
976 2274 1055 2338 orbe
1068 2271 1197 2340 condito
1217 2295 1235 2334 a
1270 2271 1362 2334 Chri·

269 2365 352 2421 stom
370 2377 408 2420 ex
422 2356 560 2441 Virginis
580 2366 671 2423 ntero
693 2366 801 2421 natum
818 2377 916 2420 annos
935 2366 1080 2420 numerat
1094 2351 1186 2420 5493.
1226 2357 1364 2420 secunda

270 2462 289 2505 a
309 2439 419 2505 mnndi
441 2439 481 2503 ad
502 2440 617 2507 Christi
639 2441 723 2507 diem
737 2439 871 2505 natalem
895 2464 992 2506 annos
1013 2439 1094 2507 5501
1117 2449 1289 2523 computat
1313 2439 1364 2502 in·

270 2532 322 2589 let
342 2537 513 2608 utromque
533 2524 681 2604 limitem,
710 2547 807 2591 anona
822 2524 905 2589 5508
925 2535 1066 2589 recenset
1086 2536 1255 2609 postrema.
1296 2522 1364 2607 pri-

270 2629 341 2670 mae
362 2620 477 2674 auctor
502 2609 691 2676 Panodorus
717 2608 889 2677 monachus
912 2610 1099 2693 Aegyptius,
1128 2610 1216 2674 cuius
1247 2608 1364 2691 scripta

272 2694 411 2774 Georgia
430 2692 576 2775 syncello
597 2692 778 2771 familiaria,
809 2714 846 2755 ao
869 2692 1062 2777 frequentius
1081 2702 1271 2759 memorata.
1312 2712 1365 2753 ae-

271 2772 392 2837 condae
413 2774 518 2839 foram
529 2776 703 2853 Africanus,
724 2797 817 2860 quem
835 2774 979 2855 hnianns,
1000 2786 1124 2846 sanctus
1136 2778 1286 2842 Maximus
1306 2774 1365 2837 ab·

270 2856 326 2919 bas
345 2864 378 2921 et
398 2859 576 2936 confessor,
593 2860 748 2943 Georgius
768 2860 947 2943 syncellus,
965 2868 998 2921 et
1026 2861 1090 2924 eins
1118 2860 1299 2933 coaetanei,
1331 2858 1364 2921 S.

271 2940 468 3023 Nicephorius
487 2942 680 3023 patriarcha,
701 2964 759 3008 nee
781 2962 845 3005 non
865 2942 1070 3025 Theophanes
1100 2954 1209 3010 noster
1226 2964 1365 3027 aequum·

273 3032 330 3091 tar
351 3024 383 3087 in
406 3025 552 3087 numeris.
603 3026 749 3089 inventor
777 3026 890 3089 tertiae
920 3025 1059 3092 nondum
1079 3034 1269 3109 compertos,
1292 3027 1367 3087 licet

272 3106 434 3189 antiquam
456 3107 541 3171 illam
554 3110 672 3192 qnippe
681 3110 768 3174 velut
782 3120 944 3193 receptam
960 3109 1086 3175 adhibet
1106 3110 1279 3174 chronicon
1291 3108 1366 3172 sla-

271 3188 468 3268 sandrinum,
487 3201 522 3257 et
540 3194 683 3257 usitatam
702 3196 802 3257 refert
821 3213 922 3257 canon
942 3194 1054 3259 tertius
1068 3194 1234 3263 Trullanae
1253 3192 1366 3277 synodi

273 3294 359 3335 anno
382 3274 497 3338 Christi
517 3273 579 3339 691
601 3277 738 3341 secando
761 3286 909 3355 coactae,
933 3298 1023 3363 qnae,
1045 3298 1109 3361 quo
1132 3278 1365 3352 celebrabatur,

276 3378 393 3422 mnam
404 3360 545 3441 patabat,
626 3371 638 3423 t
652 3360 769 3423 Christi
790 3360 937 3423 nimirum
950 3360 1084 3423 natalem
1101 3370 1135 3425 et
1155 3360 1266 3433 mundi
1283 3358 1366 3423 5508

271 3460 311 3503 ex
335 3439 488 3507 adiunctis
515 3440 557 3506 69
579 3490 588 3521 ,
609 3444 667 3528 qui
688 3444 835 3509 collectos
863 3454 921 3523 est,
941 3444 1050 3507 mundi
1078 3442 1161 3509 6199
1181 3443 1309 3507 eandem
1333 3442 1365 3509 io

274 3522 383 3587 officiis
413 3526 624 3591 ecclesiasticis
643 3527 818 3610 Horologio
851 3528 998 3617 maxime,
1022 3526 1112 3611 oyelo
1131 3527 1266 3610 paschali
1287 3546 1366 3587 con.

272 3606 424 3671 struendo
455 3610 596 3671 nsanibna
625 3619 729 3673 versat
755 3610 883 3675 ecclesia
907 3610 1085 3689 Orientalis,
1106 3620 1206 3695 prout
1227 3614 1366 3673 Graeco·

274 3714 348 3757 rum
370 3691 574 3756 iureconsulti
592 3692 761 3757 secundum
781 3696 863 3759 illam
883 3693 1113 3777 imperatorum
1138 3694 1240 3757 edicta
1261 3691 1367 3767 consi-

170 3792 176 3813 ·’
273 3785 373 3858 garant
404 3775 436 3837 in
466 3776 610 3839 basilicis.
660 3778 794 3859 primaru
824 3798 929 3849 aeram
950 3778 1177 3843 Antiochenam
1207 3777 1367 3861 appellant

272 3858 390 3943 aliqui,
414 3858 500 3941 apud
518 3858 681 3923 Petavinm
707 3862 747 3924 ad
770 3861 943 3925 auctarium
961 3860 1002 3925 de
1022 3861 1167 3928 doctriua
1185 3870 1367 3945 temporum

273 3942 329 4004 lih·
349 3940 371 4004 8
392 3962 461 4027 cap.
485 3943 513 4021 1,
531 3942 699 4005 secundam
719 3943 944 4027 Aedriopicam,
966 3945 1092 4009 tertiam
1112 3944 1366 4009 Alexandrinam

274 4045 457 4171 orm:
482 4024 685 4177 stares
703 4028 780 4173 ⁶2:
897 4028 1369 4179 mittentes

274 4126 335 4259 m
353 4192 523 4273 &nomm
543 4132 714 4273 aaron?
723 4125 945 4273 ostomciiiiii
956 4134 1158 4279 perveniaris,
1175 4196 1360 4280 paschalem
