3050 4900
642 348 791 415 nonu.
1193 343 1266 417 655

169 533 239 577 eum
263 536 327 577 esso
351 514 516 599 probauit,
546 538 615 580 oum
640 520 674 581 iu
705 520 816 581 cellrdo
845 515 1054 599 (ἕγκλείσιρα)
1081 518 1214 604 posadum
1236 534 1268 581 ut

167 596 350 678 maleficium
382 601 554 678 hominem,
589 603 676 661 ilium
707 603 845 663 veritatis
867 604 1037 663 timuerunt
1062 605 1262 683 conclusisset,

166 682 307 747 clavibus
335 682 411 743 aliis
439 686 521 745 alsus
542 683 671 759 addens,
692 706 731 745 uo
749 686 852 748 cibum
868 705 930 767 peu
941 685 1087 766 foramen
1104 686 1262 768 quoddam

165 766 195 825 ei
220 764 308 831 duri.
324 765 445 841 iubens,
475 780 508 827 ut
532 788 552 827 a
579 769 664 829 nulio
686 787 808 845 prorsus
839 766 941 829 uideri
953 782 1061 853 posset.
1102 767 1262 832 adeundos

166 848 319 909 Batonius
345 846 384 909 nd
404 870 519 911 annum
536 850 650 911 Christi
671 847 745 913 795.

250 970 322 1048 731,
343 970 374 1033 8.
416 970 463 1047 εἰς
490 969 628 1119 ussup
641 974 786 1071 Astnceni
805 973 888 1035 sinus
908 972 1022 1035 locum.
1045 972 1264 1036 Constantinus

166 1052 470 1139 Porphyrogeunetn
491 1059 574 1141 opud
631 1060 770 1121 rteirum.

252 1178 395 1243 Ibitil.
436 1174 496 1249 ἕως
515 1180 573 1244 τοῦ
593 1179 766 1267 Τρίτωνος]
786 1180 890 1242 locum
909 1180 1041 1242 atterum
1052 1178 1139 1241 Asine
1156 1178 1262 1241 mino-

166 1263 209 1323 ris
240 1262 279 1323 od
309 1262 548 1347 Propontidem.
601 1264 739 1327 Ortelius
770 1285 807 1328 ex
824 1265 935 1327 eodem
957 1260 1262 1347 Porphyrogennetn

168 1347 385 1408 Constantino.

245 1453 330 1519 ibid.
355 1450 401 1515 19.
446 1454 578 1515 καθίσαι
598 1452 643 1528 εἷς
670 1454 801 1534 γωνίαν]
820 1468 852 1517 ut
869 1455 982 1517 sedens
1008 1454 1042 1515 iu
1059 1454 1194 1537 ungulo.-
1215 1452 1260 1515 uit

165 1537 350 1599 Anastasius.
394 1538 436 1598 ite
455 1536 551 1599 hodie
572 1538 690 1616 dicunt,
711 1559 806 1621 ogere
823 1540 960 1623 quietem.

247 1658 321 1735 732,
344 1660 372 1722 2.
422 1658 468 1735 εἷς
495 1659 704 1745 παράκλησιν]
720 1675 722 1682 ·
739 1644 778 1724 id
808 1682 917 1745 proces
946 1660 1051 1723 reddit
1072 1659 1258 1722 Anastasius:

165 1742 246 1805 eddo
269 1752 300 1805 et
320 1745 569 1825 processionem,
593 1767 630 1807 eo
665 1745 717 1807 die
741 1746 795 1829 qni
829 1746 1044 1826 assumptionis
1064 1744 1099 1804 B.
1129 1744 1258 1822 Morino,

165 1827 394 1995 giiieiiiumi
432 1824 649 1911 παρακάλεσις
670 1831 761 1912 enirn,
783 1838 815 1891 et
833 1823 1028 1911 παράκλησις
1048 1824 1081 1889 id
1101 1826 1196 1888 hodie
1214 1830 1259 1887 si.

245 2018 330 2081 ibid.
354 2011 384 2084 4.
428 2014 462 2078 ἐν
481 2016 520 2101 τῇ
541 2014 704 2103 πορφύρᾳ]
726 2015 835 2101 psintii
856 2019 941 2080 iocos
964 2017 1156 2100 imperatrici
1178 2038 1257 2100 par-

162 2100 312 2175 turienti,
337 2111 369 2163 ct
399 2100 597 2183 imperatoris
615 2101 693 2164 iiiios
716 2102 746 2162 in
771 2101 870 2163 iucem
891 2102 1046 2164 emittenti
1067 2102 1256 2179 destinatus,

161 2206 182 2245 n
200 2204 264 2267 quo
287 2184 332 2245 itti
351 2184 687 2267 Porphyrogennutse.
734 2185 900 2247 Meursius.

245 2307 318 2387 733,
328 2306 358 2371 3.
399 2304 462 2369 u’ni
484 2308 623 2391 κεφαλῆς
641 2308 700 2381 ἕως
715 2307 841 2387 uotiuis]
864 2310 950 2393 quod
963 2312 995 2372 in
1017 2308 1258 2371 confirmatione

159 2398 265 2454 totum
287 2414 402 2476 corpus
434 2400 592 2476 unguento
621 2414 712 2455 sucro
748 2392 923 2455 delibutum
945 2393 1057 2456 Graeci
1080 2392 1186 2474 veiint,
1207 2391 1257 2454 vei

162 2477 250 2559 quod
271 2477 374 2538 Latini
399 2497 508 2560 regum
529 2495 660 2537 suorum
687 2478 782 2558 plura
809 2478 959 2552 membro,
981 2483 1077 2558 ceput
1095 2477 1256 2552 nimirum,

161 2569 281 2642 pectus,
302 2559 457 2643 scapulos,
480 2559 626 2638 brachia,
647 2581 740 2644 quum
769 2559 828 2643 ipsi
850 2569 968 2643 ungant
988 2559 1257 2640 imperatoribus3

163 2644 269 2704 Coroii
288 2647 330 2706 M.
362 2654 466 2706 totum
493 2665 551 2706 cor
574 2665 607 2704 us
639 2642 798 2706 avertice
819 2643 859 2706 sd
880 2643 974 2728 pedes
996 2643 1146 2705 unctione
1167 2663 1258 2704 sacra

160 2725 273 2790 illitum
293 2727 417 2810 scripsit
437 2665 653 2810 Theopiianes.

243 2851 322 2912 Ibid
343 2845 373 2912 4.
416 2849 587 2913 ῑνδικτιῶνι
599 2846 721 2935 ἐννάτῃ]
746 2851 952 2932 Nicophanes,
973 2856 1011 2910 ut
1027 2847 1180 2932 scriptum
1201 2869 1256 2912 re-

160 2932 255 3016 liquit
283 2934 436 2996 Boronius
465 2933 506 2996 nd
533 2955 647 2995 sunum
669 2935 789 2996 domini
806 2931 869 2996 800
900 2955 984 2994 num.
1006 2929 1037 3016 6,
1077 2947 1253 2995 coronatum

160 3017 259 3078 tradit
284 3019 430 3080 Carnium
458 3037 479 3078 a
500 3017 640 3079 Romano
669 3020 756 3100 ponti
830 3016 976 3077 kalendis
995 3016 1153 3095 lausans,
1174 3016 1256 3078 indi-

159 3100 270 3160 ctionis·
288 3123 392 3162 rsonae.
443 3120 548 3160 verum
578 3121 679 3161 errore
710 3102 742 3161 lu
764 3102 826 3162 itur
844 3099 968 3160 Ludus&
987 3101 1124 3161 omnibus
1141 3098 1257 3161 odoen-

158 3185 305 3246 suutibus.
326 3183 404 3244 hoec
425 3181 475 3245 ille
495 3183 578 3244 circs
592 3181 791 3266 Theophanis
811 3183 981 3245 lectionem
1004 3177 1148 3244 nonnihil
1171 3183 1256 3243 osci-

161 3274 238 3327 tans.
281 3267 358 3348 quid
389 3267 471 3328 enim
503 3265 586 3348 upud
610 3267 834 3349 Theophanem
863 3268 1015 3348 scriptum
1049 3265 1255 3345 manifestius,

162 3371 255 3431 quam
278 3350 426 3411 Carolum
447 3349 569 3432 imperii
590 3371 742 3412 coronam
765 3360 797 3413 et
819 3350 1000 3410 unctionem
1020 3347 1064 3430 τῷ
1070 3348 1256 3432 Δεκεμβρίῳ

160 3428 203 3490 κε’
226 3441 314 3496 etex
337 3455 374 3495 eo
396 3431 480 3515 opud
502 3435 692 3494 Anastasiurn
717 3443 749 3496 et
771 3433 936 3494 miscellam
956 3431 978 3493 8
998 3429 1121 3492 kniend.
1142 3433 1255 3491 lenun-

161 3514 202 3578 rii
223 3517 397 3599 suscepisse.
417 3526 449 3577 ut
469 3515 494 3577 si
515 3515 662 3578 collatum
677 3516 793 3577 Corolo
807 3517 971 3598 imperium
988 3513 1064 3575 veiit
1084 3510 1256 3575 indictione

161 3607 282 3682 octova,
305 3598 391 3682 quod
415 3621 510 3659 annus
533 3600 680 3661 nimirum
695 3597 836 3660 oCbristi
859 3599 952 3660 natali
975 3597 1255 3680 octingentesimus,

161 3703 227 3765 quo
248 3683 395 3744 salutatus
417 3691 462 3744 est
484 3683 657 3764 imperator
680 3681 856 3744 indictionis
879 3691 1010 3744 octavae
1032 3690 1107 3742 notu
1127 3679 1255 3762 conspi-

160 3785 237 3828 cuus
258 3766 425 3828 hahentur:
452 3765 597 3829 observet
608 3766 819 3828 meritissimus
832 3766 990 3827 annuiium
1010 3763 1156 3828 ecciesiae
1178 3761 1256 3825 sori-

159 3855 238 3932 ptor
277 3849 407 3912 rationis
445 3856 624 3932 temporum
644 3871 707 3912 non
736 3851 746 3909 i
770 3871 880 3929 noros,
907 3852 1044 3911 Graecos
1072 3869 1091 3911 o
1117 3864 1256 3931 quorum

162 3951 257 4016 grege
278 3955 341 3996 non
363 3933 483 3994 iniimus
504 3932 628 4016 prodiit
642 3871 859 4016 Theopitunes,
880 3931 1086 4015 uSeptembri
1106 3928 1254 3992 indictio·

160 4017 206 4076 nis
230 4017 352 4080 initium
374 4017 561 4079 desumere:
595 4017 739 4100 adeoque
766 4016 798 4078 in
826 4037 942 4078 sunum
964 4014 1254 4096 octingentesimum

157 4100 328 4244 prspcipuu
354 4101 402 4163 sui
431 4109 524 4184 parte
552 4099 722 4164 indictione
750 4119 835 4162 nonu
852 4099 1004 4184 signatum
1023 4118 1140 4160 nonum
1159 4100 1253 4162 etism

158 4199 220 4245 snei
242 4204 304 4248 ere.
589 4207 591 4212 ’
