3050 4900
535 411 538 414 -
632 361 782 426 NOTAE.
1174 350 1247 423 333

162 542 277 622 Syriis,
300 536 470 622 camoque
487 539 601 623 penita
625 561 686 622 qua
709 537 844 602 lectione
862 503 1007 618 praesens
1023 545 1122 599 textus
1140 549 1249 598 emen:

162 625 290 686 dandus.
332 618 386 684 ini
413 623 469 703 τῆς
486 617 597 701 χώρας
614 617 820 701 Ἀντιοχέων,
840 619 896 680 καί
918 621 1083 700 Κιλικίας,
1104 625 1159 680 rui
1177 615 1250 684 Ku'·

161 727 259 791 upra.
302 705 413 790 Syriae
433 707 550 768 etenim
570 705 624 767 cui
644 707 746 768 vicina
768 704 874 766 Cilicia
893 702 1014 786 Cyprus
1035 704 1164 764 adiacet.

242 807 295 889 43,
322 812 374 873 ll.
414 809 598 887 Δαλμάτιος
616 811 745 893 ναῖσαρ]
779 807 887 872 cumi
917 809 976 870 lul.
1007 808 1122 872 Octub.
1146 829 1251 870 caese-

163 917 230 959 rem
251 894 513 972 ellectumsscbron.
531 895 675 958 Alexand.
697 903 962 992 testetur‚·aunus
982 891 1093 992 isicii)
1107 893 1250 992 lulianus,

163 980 552 1125 pppmqpqnsqlqpeppnqqqq
568 976 856 1142 nggqasteptembrr
873 974 985 1038 ducens
1006 985 1138 1038 initium.
1179 976 1251 1036 alias

246 1168 327 1233 ibid.
359 1167 561 1248 Καλόκαιρος
580 1168 617 1230 δὲ
631 1160 821 1252 ¹islisiripp‘]
843 1169 1049 1252 Hieronymus
1069 1168 1191 1251 pariter
1212 1167 1252 1229 ad

164 1250 296 1316 eundem
319 1253 513 1314 Constantini
536 1275 649 1313 aunrrm
673 1249 713 1312 29
743 1252 914 1328 θαίοιιηα,
941 1252 1066 1334 inquit,
1087 1253 1120 1313 in
1151 1251 1252 1338 Cypro

162 1360 210 1399 ms
229 1355 325 1398 novas
345 1337 475 1411 molitus,
491 1337 687 1420 opprimitur.
707 1336 847 1396 Aurelius
863 1336 983 1398 Victor.
1000 1335 1160 1396 Οιιῖοιινιιι
1179 1358 1252 1397 ma.

161 1421 255 1503 gustes·
269 1421 387 1503 pecom‘s
399 1420 592 1496 camelorum,
608 1419 740 1502 Cyprum
759 1419 886 1480 insulam
906 1420 1005 1500 specie
1026 1423 1113 1500 regni
1132 1420 1253 1480 demens

164 1505 384 1585 capessiverat:
416 1522 476 1586 quo
505 1505 700 1574 excruciato,
724 1514 757 1561 ut
776 1504 839 1581 sas
859 1516 937 1575 erat,
957 1502 1062 1562 seruili
1081 1515 1137 1564 aut
1154 1503 1253 1564 urm-

166 1607 236 1648 num
256 1606 340 1646 more
361 1594 421 1647 etc.
453 1582 563 1646 eodem
584 1605 665 1645 anuo
685 1585 837 1646 extinctus
867 1608 883 1644 a
906 1583 1074 1658 Dalmatio,
1094 1605 1166 1644 cum
1187 1585 1252 1646 eius

165 1670 315 1730 virtutem
341 1669 510 1750 probatam
543 1668 737 1751 reliquisset,
761 1667 986 1741 Constantino¹
1007 1677 1043 1729 ut
1062 1668 1253 1730 Dalmatium

164 1773 318 1813 caesarem
347 1760 486 1827 crearet,
516 1751 578 1812 hoc
604 1773 685 1812 annu
715 1752 912 1832 propositum
935 1758 967 1811 et
998 1749 1133 1811 animum
1155 1751 1252 1813 dedit.

164 1835 337 1896 Dalmatius
360 1845 465 1896 autem
486 1833 605 1895 nonnisi
628 1833 821 1894 Constantini
843 1833 1062 1896 tricennalibus
1083 1833 1253 1916 appellatus

166 1928 212 1980 est
227 1937 350 1994 caesar,
368 1925 447 1979 teste
466 1917 671 2000 Hieronymo,
691 1916 995 2000 Constantinopolim
1015 1917 1161 1978 nimirum
1181 1938 1253 1980 cum

165 2003 288 2063 victore
302 2000 439 2063 exercitu
461 2021 612 2078 resersus,
626 2011 661 2063 ut
682 1999 1104 2082 suggerithureliusVictor.
1132 2001 1254 2081 fratria

64 2142 75 2167 ,
151 2085 279 2170 filim,
304 2087 357 2146 cui
380 2105 423 2145 ex
448 2097 535 2164 parre
561 2085 717 2145 Dalmatio
738 2105 847 2146 rmmen
861 2085 951 2165 fluit,
982 2103 1135 2146 caesarem
1157 2087 1251 2163 usssit,

166 2168 365 2230 ambientibus
385 2167 490 2229 aalide
510 2169 707 2229 militaribus.
1185 2241 1189 2246 ι

249 2270 301 2350 44,
325 2273 352 2334 l.
394 2268 450 2334 roi
468 2270 570 2355 ἐφάνη
590 2269 702 2357 ἀστήρ]
721 2271 892 2356 Eutropius
909 2271 964 2336 lib.
988 2273 1036 2336 10.
1078 2273 1254 2336 denuntiata

171 2377 252 2418 mors
269 2360 330 2419 eius
348 2356 568 2431 (Constantini)
595 2378 654 2440 per
670 2359 810 2418 crim'tam
831 2358 974 2435 stellam,
994 2377 1075 2441 quae
1097 2359 1253 2418 inuisitatus

169 2441 383 2524 magnitudinis
400 2439 693 2525 aliqumidiufnlsit.
735 2460 806 2502 eam
820 2440 933 2501 Graeci
950 2435 1088 2521 κομήτην
1112 2453 1232 2502 vocant.

251 2546 336 2615 Isia.
360 2544 408 2609 13.
450 2543 601 2624 Μάξιμος
619 2540 674 2627 ἔτη
694 2539 752 2627 κγ’]
782 2543 855 2608 huic
875 2546 906 2607 iu
929 2544 1025 2607 Palat.
1047 2546 1117 2607 rud.
1141 2567 1254 2607 nomen

169 2629 351 2709 Μακάριος.
393 2629 520 2713 reliquis
542 2630 574 2690 in
595 2628 686 2691 codd.
708 2626 814 2689 anniti
836 2630 1010 2695 correctius
1025 2629 1252 2692 attribuuntur.

168 2716 292 2777 fallaces
314 2715 498 2797 frequenter
517 2714 737 2796 episcoporum
759 2710 831 2773 anni
854 2713 885 2773 in
910 2712 1008 2797 regio.

250 2816 378 2901 48,19.
418 2819 519 2883 sadra
541 2818 586 2905 aqi
602 2819 776 2903 τριακοστῷ
805 2812 928 2903 πρώτῳ]
980 2840 1038 2881 uae
1058 2818 1096 2882 de
1116 2818 1255 2881 Athana.

169 2904 216 2965 sio
238 2915 271 2967 et
290 2904 366 2965 Ario
389 2904 420 2964 in
441 2924 556 2986 paucos
579 2924 674 2965 anuos
695 2903 970 2985 eontraritTheop
993 2924 1074 2979 aues,
1099 2905 1129 2965 iu
1152 2902 1255 2987 plures

172 2988 325 3050 llarunius
346 2986 467 3070 digerit.
507 2986 560 3050 hic
580 3008 680 3069 porro
702 3008 774 3048 curn
796 2995 926 3048 auctore
941 2988 1005 3049 Arii
1018 2996 1152 3049 mortem
1173 3007 1255 3049 anno

170 3071 366 3133 Constantini
386 3072 542 3133 tricesimo
566 3072 670 3154 primo
692 3091 728 3132 ex
748 3070 879 3131 Socrate
907 3070 1067 3152 consignat
1087 3071 1127 3132 ad
1149 3092 1197 3131 an.
1220 3072 1256 3133 C.
1295 3139 1299 3161 ι

172 3150 234 3217 336
256 3177 339 3215 uum.
361 3152 411 3216 50.
432 3150 615 3233 τριακοστὸν
645 3152 680 3215 di
699 3146 767 3225 ἔτος
792 3151 849 3231 τῆς
866 3153 1030 3232 βασιλείας
1053 3152 1256 3215 Κοονστιιντί.

172 3258 229 3300 νοο
250 3232 369 3298 τούτων
388 3236 557 3317 γινομένων
576 3234 760 3317 ἐπληροῦτο.
800 3236 875 3297 dnm
902 3236 979 3297 taes
996 3250 1148 3318 geruntur,
1167 3239 1257 3297 trice·

172 3324 263 3382 simus
281 3341 380 3382 usurus
401 3322 487 3402 sagra
506 3321 690 3382 Comtnntini
707 3318 756 3381 ad
773 3321 888 3379 exitum
908 3321 997 3381 uenit.

257 3420 308 3503 49,
330 3425 359 3487 9.
401 3418 445 3496 uic
467 3446 564 3506 φησιν
584 3424 738 3505 Εὐσέβιος
756 3420 865 3502 μόνος]
886 3423 973 3509 quod
992 3426 1182 3509 scriptorum
1193 3424 1257 3485 Eu.

172 3509 250 3571 subii
272 3508 381 3570 nullibi
395 3516 487 3569 extat.
503 3502 749 3591 ἄριιονόφρονας
761 3508 867 3593 itaque
885 3510 1083 3593 potiusquam
1091 3508 1258 3571 Eusebium

173 3592 236 3655 hou
256 3593 411 3674 scripsisse
428 3611 500 3674 pag.
520 3600 667 3676 sequente
692 3593 848 3654 curritur.

256 3700 336 3765 ibid.
346 3697 377 3760 8.
419 3694 639 3782 Μητροφιὶνην
658 3698 824 3762 ἐπίσκοπον
844 3700 967 3782 πρῶτα]
989 3696 1100 3780 aquira
1116 3700 1258 3783 prmum,

175 3784 231 3845 sub
264 3780 404 3845 adverbii
425 3784 548 3860 forma,
576 3804 639 3843 nou
659 3780 782 3861 πρῶτον
814 3783 948 3865 vulgaris
979 3783 1041 3844 iam
1060 3780 1257 3863 Theophanis

175 3878 319 3948 tempore
342 3870 539 3928 Graecorum
556 3865 660 3949 lingua
680 3874 819 3946 usurpat.
862 3874 895 3927 at
914 3865 1119 3949 necByaantii
1138 3864 1257 3949 primus

178 3952 340 4047 episcopus
360 3948 592 4032 Metrophanes,
618 3969 673 4009 uec
695 3948 896 4011 Constantino
918 3950 1097 4033 Byzantium
1114 3948 1259 4031 profecto

178 4033 210 4093 in
241 4032 409 4116 episcopali
442 4033 559 4095 throno
588 4032 724 4113 primum
757 4032 859 4111 sedit,
891 4034 1017 4115 inquies.
1066 4033 1107 4093 ab
1137 4030 1259 4093 hadrec

180 4116 297 4199 quippe
326 4116 469 4197 apostolo
504 4114 544 4176 ad
562 4114 799 4198 Metrophanem
829 4116 964 4179 muneris
995 4116 1167 4177 decessores
1195 4136 1261 4175 nun

180 4218 297 4281 paucus
321 4196 490 4282 Nicephori
521 4197 702 4263 chronicum
722 4198 927 4276 breviarium,
955 4208 990 4261 et
1022 4198 1096 4262 iuris
1117 4202 1260 4263 Graeco·
