3050 4900
280 299 351 374 iffi
427 305 852 376 armaturarum
880 303 1188 372 ccclesiasrtct

276 493 458 568 missurum
488 493 600 578 quibus
630 493 784 576 praestitis
810 512 869 576 per
888 499 952 552 tres
974 511 1070 552 onncs
1095 494 1268 575 Aegyptum
1289 489 1369 552 tite.

277 599 344 639 ram
367 578 405 641 ab
435 577 617 640 exterminio
649 576 767 638 statuit.
824 585 988 638 accusatur
1015 577 1134 636 interea
1165 576 1265 658 Cyrus
1285 575 1370 657 apud

277 661 513 743 imperatorem,
535 659 621 743 quod
651 681 764 723 aarum
783 659 917 742 Aegypti
939 659 1100 723 Saracenis
1121 657 1291 730 tribuerit,
1313 659 1369 742 qni

278 761 350 812 can
370 745 467 808 iratus
480 741 625 822 misisset,
646 741 730 806 huuc
750 741 924 820 accersivit,
944 744 1123 804 Manuelum
1143 753 1249 805 autem
1268 764 1369 825 quen.

181 827 368 904 piratam,
399 827 580 890 Armeniam
604 847 733 909 genere,
755 821 889 888 destinat
910 824 1119 908 angustatam.
1170 847 1242 886 cuna
1264 834 1370 887 autem

274 933 377 982 prauus
396 910 581 992 adimpletus
599 919 686 990 esset,
700 910 929 972 Saracenorum
941 918 1065 972 actores
1083 919 1238 972 venerunt
1258 930 1369 972 aarum

276 995 432 1075 accipere.
475 1002 522 1056 ast
541 993 665 1056 Manoel
687 989 858 1057 inefficaces
879 1013 932 1054 eos
949 992 1083 1075 expellit,
1103 997 1190 1054 “non
1209 999 1294 1054 snm''
1318 992 1370 1052 in.

175 1105 181 1116 ·
278 1079 385 1160 quiens
407 1078 526 1160 “Cyrus
545 1077 694 1154 inermis,
717 1084 754 1138 ut
782 1077 900 1138 tributa
926 1077 1013 1138 vobis
1033 1077 1210 1159 praebeam,
1231 1075 1285 1139 sed
1309 1098 1368 1158 ego

276 1171 414 1225 armatus
432 1163 527 1223 snm.”
577 1181 711 1243 cumque
746 1159 794 1219 isti
826 1159 991 1238 abiissent,
1014 1159 1175 1222 confestim
1207 1168 1369 1220 armantur

276 1245 423 1308 Saraceni
445 1241 588 1306 adversm
612 1247 807 1326 Aegyptum,
829 1251 862 1305 et
890 1242 1035 1307 Manuelo
1068 1243 1151 1306 bello
1174 1241 1260 1304 illoto
1282 1243 1368 1305 hunc

275 1327 414 1410 abigant.
467 1327 532 1409 ipse
556 1347 631 1389 vero
652 1349 722 1389 curu
746 1325 852 1408 paucis
874 1325 1059 1409 quibusdam
1084 1325 1284 1389 Alexandrino
1303 1325 1367 1389 sal·

274 1423 341 1472 ιω·
354 1408 515 1494 recipitur.
565 1419 641 1474 tuuc
663 1407 812 1472 Saraceni
833 1413 1008 1493 Aegyptum
1035 1411 1091 1472 sub
1114 1411 1234 1479 tributo
1259 1408 1366 1471 reddi-

270 1491 398 1565 derunt.
437 1503 484 1556 ast
505 1493 679 1576 imperator
701 1491 814 1557 auditis
833 1514 915 1575 quae
935 1501 1121 1575 gestarant,
1146 1493 1228 1554 nrisit
1248 1494 1366 1578 Cyrum

271 1576 312 1645 ad
335 1574 583 1660 persuadendum
615 1575 656 1638 eis
688 1577 728 1638 ab
757 1579 900 1659 Aegypto
926 1577 984 1640 sub
1014 1577 1118 1658 priori
1138 1575 1254 1658 placito
1276 1599 1365 1640 rere.

271 1655 374 1723 dendi.
403 1671 435 1724 et
456 1659 560 1723 abiens
576 1661 673 1742 Gyras
694 1657 733 1722 ad
755 1669 855 1722 castra
867 1661 1097 1723 Saracenorum
1118 1660 1272 1722 rationem
1293 1659 1365 1722 red-

271 1741 331 1822 dit,
352 1765 417 1806 esse
446 1764 479 1805 sa
506 1741 673 1826 perhibens
694 1743 970 1824 praevaricationis
1004 1739 1182 1821 innoxium,¹
1197 1753 1228 1810 ct
1248 1741 1274 1806 si
1295 1744 1364 1805 vel-

268 1826 356 1904 ient,
383 1825 525 1908 priorem
547 1823 749 1890 concordiam
776 1827 955 1889 infamantia
982 1825 1219 1910 affirmaturum.
1260 1848 1362 1910 porro

268 1907 419 1973 Saraceni
442 1907 612 1974 nullatenus
633 1905 677 1968 his
699 1907 933 1993 acquieverunt,
955 1907 1091 1972 dicentes
1114 1911 1260 2007 episcopo
1282 1911 1375 1992 “po-.

269 1999 315 2054 tes
334 1991 415 2054 hanc
437 1993 597 2054 maximam
618 1994 795 2054 columnam
818 1994 971 2057 devorare
982 1994 1013 2056 i’'
1038 1991 1091 2078 qui
1115 2002 1160 2054 art
1186 1994 1270 2059 “ooo
1301 2017 1363 2074 po.

169 2097 173 2104 ·
269 2084 329 2136 test
352 2075 449 2136 lieri.’'
465 2085 498 2138 at
518 2075 560 2136 illi
582 2077 659 2138 “nec
683 2078 790 2139 nobis'’
811 2075 961 2162 inquiunt
983 2071 1147 2162 “possibile
1168 2077 1365 2145 etelredus

268 2159 309 2220 ab
328 2162 472 2242 Aegypto
493 2159 666 2222 recedere.”

265 2345 272 2354 ,
293 2336 296 2344 .
350 2285 441 2360 Anno
463 2284 586 2366 imperii
608 2283 742 2348 Heraclii
762 2281 804 2346 96
825 2285 922 2348 aciem
943 2283 1056 2348 direxit
1074 2237 1235 2370 ldpmarus
1250 2293 1362 2348 contra

265 2365 489 2447 Palaestinam,
509 2377 540 2430 et
564 2367 704 2437 obsidens
726 2377 865 2432 sanctam
886 2367 1045 2449 civitatem
1075 2369 1194 2432 biennii
1216 2377 1361 2455 tempore

163 2449 349 2535 pbtbcepit
381 2472 448 2515 earn
485 2452 594 2515 verbo.
650 2452 848 2536 Sophronias
878 2474 1032 2538 namque,
1062 2449 1361 2537 hierosolymitanus
1414 2473 1421 2494 ·

263 2556 399 2599 suminus
424 2536 586 2615 sacerdos,
620 2538 750 2599 verbum
772 2536 895 2619 accepit
920 2534 961 2599 ad
985 2527 1081 2601 totius'
1100 2536 1291 2601 Palaestinae
1311 2558 1360 2607 sc·

263 2620 438 2681 caritatem.
493 2641 627 2702 cumque
647 2620 803 2701 Humaurus
836 2621 868 2681 iu
899 2628 1042 2684 sanctam.
1067 2614 1360 2688 fuisset‘civitetem

262 2702 425 2785 ingressus,
447 2702 574 2766 cilicinis
596 2723 632 2765 ex
652 2701 776 2765 camelis
799 2714 831 2766 et
849 2701 984 2766 sordidis
1005 2702 1191 2779 indumentis
1214 2704 1356 2778 amictus,

261 2785 552 2868 simulationemque
565 2786 741 2860 satanicam
763 2794 933 2860 ostentans,
954 2784 1105 2869 templum
1126 2786 1289 2871 requisivit
1303 2788 1359 2847 iu-

262 2866 426 2945 daeorum,
450 2868 537 2950 quod
559 2879 776 2945 construxerat
797 2868 944 2931 Salomon
952 2914 963 2947 ,
984 2871 1025 2933 ad
1046 2868 1220 2933 laciendum
1240 2870 1358 2934 scilicet

261 2951 295 3015 id
319 2950 525 3033 blasphemiae
545 2974 627 3015 suec.
636 2952 867 3029 adoratorium.
890 2952 952 3015 hoc
971 2953 1143 3016 advertens
1155 2952 1355 3037 Sophronias

261 3035 308 3096 ait
328 3031 382 3095 ‘lin
406 3034 536 3100 veritate
557 3034 632 3098 illud
654 3045 699 3097 est
723 3034 914 3099 abominatio
945 3034 1150 3118 desolationis,
1171 3059 1252 3121 quae
1272 3030 1357 3099 dicta

260 3125 307 3179 cst
327 3138 385 3199 per
405 3117 567 3191 Danielem
597 3117 816 3201 prophetam,''
838 3130 922 3182 stans
945 3121 977 3182 in
1000 3120 1070 3184 ioco
1092 3130 1214 3197 sancto,
1234 3120 1357 3182 multis.

261 3220 323 3283 quc
345 3200 480 3273 lacrimis
513 3200 564 3263 bic
587 3202 708 3282 pietatis
738 3213 960 3287 propugnator
991 3202 1197 3266 Christianam
1219 3200 1356 3279 deflebat

260 3282 391 3365 plebem.
434 3283 508 3345 dum
527 3303 603 3346 vero
625 3286 688 3347 illic
711 3286 865 3349 Humerus
885 3296 971 3363 esset,
996 3286 1120 3371 rogavit
1140 3309 1212 3351 eum
1231 3286 1356 3369 cpisco-

259 3386 318 3447 pus
350 3365 492 3449 accipere
521 3389 537 3428 a
569 3389 602 3429 se
630 3369 796 3433 sindonem
827 3390 899 3431 cum
926 3368 1106 3433 indumento
1130 3381 1163 3433 et
1183 3368 1281 3433 indui.
1322 3381 1356 3433 at

257 3448 311 3511 ille
332 3470 396 3511 non
427 3450 607 3531 patiebatur
638 3474 674 3515 ea
707 3463 850 3533 portare.
892 3453 942 3516 vir
964 3475 1039 3537 ergo
1058 3456 1211 3536 persuasit
1233 3454 1278 3517 his
1302 3474 1356 3515 ve·

259 3531 339 3612 sliri,
358 3532 459 3597 donec
479 3556 533 3597 sua
567 3534 757 3617 lavarentur,
777 3544 809 3599 et
829 3534 943 3599 iterum
971 3535 1076 3601 reddit
1103 3558 1139 3600 ea
1162 3535 1355 3619 Sophronio,

259 3622 291 3679 et
311 3617 436 3678 vestitus
457 3628 503 3679 est
523 3619 671 3702 propriis.
714 3640 824 3679 rernm
844 3619 926 3681 inter
947 3620 1025 3683 haec
1041 3620 1237 3702 Sophronias
1260 3618 1354 3691 obiit,

221 3702 238 3733 s
260 3699 315 3782 qui
338 3700 434 3761 verbo
456 3709 487 3761 et
508 3712 581 3763 actu
609 3702 920 3785 Hierosolymilanam
943 3702 1109 3765 adornavit
1129 3703 1297 3781 ecclesiam,
1320 3711 1353 3764 et

259 3793 370 3845 contra
385 3784 520 3845 Heraclii
542 3794 574 3847 ct
597 3786 756 3847 mutorum
777 3787 842 3847 eius
861 3786 1150 3864 monothelitarum,
1170 3782 1272 3869 Sergii
1291 3784 1355 3847 sci-

259 3864 333 3927 licet
354 3873 386 3927 ct
406 3867 539 3949 Pyrrhi,
571 3868 744 3931 decertavit
764 3889 915 3931 errorem.
974 3869 1146 3954 eodemque
1168 3892 1251 3931 anno
1270 3870 1354 3932 misit

257 3948 383 4046 ‚liumar
411 3950 544 4013 iliadum
574 3951 606 4011 in
626 3951 768 4035 Syriam,
797 3961 831 4014 et
857 3952 982 4039 subegit
1009 3962 1108 4015 totam
1134 3954 1261 4038 Syriam
1292 3954 1354 4015 Sa-

262 4052 393 4094 racenrs.

161 4160 252 4233 psit
345 4158 436 4220 Auno
458 4158 581 4241 imperii
603 4156 737 4221 Heraclii
751 4158 791 4221 27
812 4160 899 4223 venit
921 4162 1048 4224 loannes
1069 4170 1278 4246 cognomento
1293 4159 1358 4223 Ca·
