3050 4900
494 333 547 398 Ex
578 329 834 406 tutoresne
1143 326 1213 398 13⁷

139 507 256 578 suunt,
277 507 373 584 atque
381 499 593 569 Romanorum
614 501 764 568 exercitus
784 511 919 586 uterquc
936 499 1143 585 depopulatos
1160 508 1218 582 est,

138 585 177 645 ita
198 593 235 644 ut
258 605 328 644 cum
351 583 511 646 Heraclius
543 596 688 670 regnaret
714 593 746 648 et
774 585 1003 668 inquisitionem
1023 594 1218 655 armatorum

138 689 204 730 cum
225 688 342 728 summa
365 665 521 754 diligentia
541 669 667 746 faceres,
689 691 727 730 ex
748 671 835 731 omni
848 669 1045 732 multitudine
1064 670 1117 730 illa
1137 690 1220 752 quse

137 752 257 812 inventa
279 751 384 812 fuerat
404 751 435 814 in
455 761 469 810 t
492 747 623 815 rannide
644 751 787 815 Mauricii
811 775 883 816 cum
910 753 1028 828 Phora,
1053 751 1219 831 neminem,

137 835 255 899 duobus
279 831 422 918 exceptis,
449 773 600 898 ullatenus
620 834 787 902 inveniret·

216 945 307 1004 Anno
333 943 439 1024 primo
472 943 597 1024 imperii
627 944 674 1006 sui
693 944 813 1007 Phocus
841 953 992 1028 tyrannus
1011 942 1164 1026 peremit,
1184 952 1223 1006 ut

136 1025 330 1107 praedictum
346 1034 404 1104 est,
423 1027 611 1091 Mauricium
630 1049 693 1088 aaa
711 1049 784 1090 cnm
799 1027 940 1090 masculis
960 1030 1098 1112 quinque
1115 1027 1223 1110 pueris

136 1110 209 1188 ains,
231 1119 263 1170 et
283 1109 399 1172 horum
428 1111 532 1192 capita
552 1110 639 1172 iussit
664 1111 741 1193 poni
763 1113 796 1173 in
820 1133 932 1194 campo
953 1111 1132 1173 Tribunalis
1154 1110 1225 1173 die-

136 1194 192 1254 bas
210 1192 338 1271 multis3
361 1201 393 1254 et
421 1193 546 1256 exibant
576 1195 614 1256 ab
637 1195 717 1257 urbe
737 1205 771 1256 et
796 1197 1091 1277 contemplabantur
1111 1215 1147 1256 ea
1170 1215 1224 1257 ns·

137 1275 1226 1441 dublellusiiulolelodli?pildbldddsnlmultiitellaceldldbsiiiibeilutdinllilidid

138 1445 199 1506 eius
223 1464 325 1507 sermo
345 1449 432 1504 tenet
450 1444 524 1526 suga
545 1445 667 1526 lapsum
685 1453 718 1506 et
738 1445 781 1506 ita
800 1447 918 1508 salvum
938 1453 1109 1527 repertum.
1130 1465 1228 1526 prae-

137 1535 223 1590 terea
243 1527 357 1588 lamam
376 1525 456 1590 hano
476 1527 628 1590 Cbosroes
647 1528 814 1590 Persarum
833 1549 887 1590 rex
908 1529 1126 1611 augmentavit,
1142 1527 1228 1590 aliud

139 1611 293 1692 aliterque
319 1611 484 1690 mentitus,
504 1619 537 1672 et
570 1609 654 1678 bunc
686 1612 772 1694 apud
797 1633 830 1674 se
859 1611 977 1674 babere
1001 1611 1116 1687 dicens,
1139 1610 1228 1694 qussi

139 1693 309 1776 providere
328 1713 361 1755 se
380 1704 416 1764 ut
435 1695 648 1757 Romanorum
672 1695 816 1760 obtinere
832 1717 961 1779 spernus
981 1695 1169 1777 imperium,
1191 1703 1263 1769 usp·
1275 1693 1330 1754 tso

139 1778 299 1842 convietus
318 1787 364 1840 est
386 1776 618 1855 multismodis,
639 1781 771 1844 maxime
790 1801 828 1842 ιο
849 1779 936 1862 quod
963 1778 1043 1841 bella
1061 1777 1230 1861 repentina

138 1870 282 1922 moveret
301 1862 497 1924 etRomanas
518 1881 566 1924 res
579 1883 779 1946 magnopere·
792 1864 978 1926 dsvssmrst.
1020 1863 1140 1924 interea
1162 1861 1228 1922 ost.

140 1942 299 2028 ligrapbns
313 1941 439 2027 qnidam
448 1943 659 2021 Alexandriae,
667 1946 851 2010 venerabilis
863 1947 921 2027 vir,
935 1967 972 2009 ιι
983 1947 1136 2008 matutina
1148 1943 1248 2028 vigi·'
1321 1969 1326 1977 ·

141 2028 179 2089 lia
200 2026 332 2089 domum
354 2025 466 2090 audeus
487 2026 587 2092 media
615 2038 707 2092 ssocte
728 2029 814 2092 videt
833 2036 956 2093 statuas
969 2049 1006 2093 ιι
1025 2029 1087 2091 aris
1106 2029 1230 2091 abstra-

141 2122 216 2188 ctos,
236 2119 270 2172 et
289 2131 368 2174 voce
384 2110 495 2193 grandi
509 2110 643 2176 dieentes
655 2115 879 2195 interemptum
891 2115 1078 2176 Mauricinm
1091 2121 1130 2175 et
1147 2111 1229 2173 tibus

142 2195 244 2278 ipsius,
267 2203 362 2277 atque
383 2215 488 2257 omnes
506 2212 592 2259 casus
615 2197 669 2280 qni
691 2196 776 2279 apud
793 2198 975 2281 Byzantium
995 2199 1123 2260 fuerunt
1142 2197 1231 2276 gestia

140 2299 233 2342 mane
257 2287 359 2342 autem
380 2279 463 2340 facto
482 2299 614 2363 pergens
644 2281 719 2342 baec
736 2281 894 2364 Augustali
917 2281 1036 2359 retulit,
1057 2279 1114 2362 qui
1131 2299 1230 2361 pras-

140 2361 471 2509 ?dbiialllnl?
488 2363 1233 2530 lt‘ttttttt“nttttttttttt‘tt’

140 2531 228 2593 venit
249 2529 386 2591 indicans
407 2530 552 2593 Mauricii
572 2532 831 2613 peremptionem.
850 2541 921 2591 tum
941 2528 1134 2611 Augustalius
1154 2526 1232 2589 dae·-

140 2634 273 2677 monum
291 2612 474 2677 vaticinium
496 2634 605 2677 corsus
631 2615 751 2697 populo
776 2612 957 2697 publicavit,
998 2613 1106 2674 Narsss
1127 2621 1265 2683 autump-
1278 2610 1331 2671 lbt

141 2695 301 2781 qnondam
323 2705 453 2779 praetor
463 2700 620 2761 Romanus
642 2706 753 2763 contra
767 2704 934 2780 tyrannum
948 2695 1150 2757 rebellionem
1172 2715 1233 2779 ps-

143 2781 238 2857 ravit‚
263 2778 471 2862 Edessamque
490 2780 635 2843 obtinuit.
676 2780 786 2843 scribit
806 2781 913 2863 itaque
934 2778 1055 2841 Phocus
1075 2780 1234 2841 Germano

141 2864 288 2947 praetori
317 2862 461 2926 Edessam
493 2862 665 2931 obsidendi.
722 2865 830 2927 Narseo
864 2884 942 2926 vero
968 2863 1078 2926 scribit
1102 2860 1237 2925 Cbossoi

142 2947 214 3031 regi
239 2946 405 3010 Persarum
433 2945 638 3030 congregandi
669 2945 800 3009 virtutes
826 2956 860 3011 et
890 2946 1008 3011 bellam
1034 2944 1237 3009 construendi

141 3038 257 3093 contra
278 3030 447 3092 Romanos.
490 3050 591 3112 porro
612 3029 733 3093 Phocus
750 3032 883 3095 fratrem
902 3050 991 3094 sunm
1001 3029 1239 3093 Dementiolum

143 3114 224 3177 fecit
243 3113 425 3195 magistrum
446 3122 478 3176 et
499 3114 641 3176 Priscum
662 3112 1058 3177 comitem'excubitorum.

227 3196 319 3257 Anno
348 3196 471 3280 imperii
500 3196 623 3260 Phocoe
654 3196 791 3261 secundo
818 3198 971 3260 Cbosroes
1002 3219 1056 3259 ιιι
1071 3196 1238 3257 Persarum

143 3278 314 3341 collectum
334 3282 494 3362 copiosum
549 3290 727 3344 oteututum
757 3280 902 3345 adversos
926 3284 1084 3344 Romanos
1113 3276 1237 3340 direxit.

145 3364 322 3425 Germanus
342 3373 446 3426 antem
477 3386 494 3425 a
539 3364 602 3427 iens
631 3364 745 3444 timuit.
797 3384 909 3427 veram
928 3374 1054 3426 coactns
1084 3360 1239 3447 praelium

144 3444 239 3519 iniit;
259 3446 315 3528 qui
337 3468 409 3507 cum
430 3447 462 3509 iu
483 3466 522 3509 eo
543 3448 722 3512 vulneratus
745 3449 862 3525 fnisset,
882 3446 966 3509 bunc
985 3446 1119 3511 ministri
1141 3464 1240 3529 nsque

145 3527 185 3589 ud
207 3528 365 3591 civitatem
387 3530 605 3593 constantinae
625 3530 789 3609 duxeruut,
812 3540 1065 3615 superanturque
1083 3527 1237 3594 Romanis

143 3610 200 3677 sed
222 3619 257 3674 et
278 3614 449 3675 Germanus
481 3613 643 3675 undecimo
673 3614 724 3679 die
750 3615 896 3697 spiritam
917 3614 1077 3677 exhalavit.
1117 3612 1240 3675 Pbocss

145 3706 256 3757 autem
312 3704 468 3759 otentstus
496 3696 535 3758 ab
565 3698 696 3780 Europa
724 3697 756 3759 in
778 3699 879 3761 Asiam
900 3698 1079 3775 transtulit,
1101 3694 1241 3777 clsuqano

146 3778 249 3861 puetis
265 3716 386 3854 additis,
398 3780 568 3843 arbitratus
582 3782 740 3865 quiescere
758 3783 893 3845 Avarum
913 3782 1080 3844 ontionem.
1101 3778 1147 3839 bis
1166 3798 1242 3860 ergo

147 3862 254 3924 divisis
275 3862 426 3947 quosdam
445 3872 556 3927 contra
577 3864 685 3927 Persas
706 3864 802 3942 misit,
826 3864 977 3949 quosdam
996 3884 1072 3926 vero
1094 3861 1135 3924 ad
1156 3860 1241 3924 obsi·

147 3944 277 4009 dioneos
298 3945 428 4011 Edessae
447 3956 559 4009 contra
581 3952 707 4015 Narsem
722 3970 794 4011 cnm
805 3949 939 4011 Leontio
959 3947 1097 4031 spadone
1118 3953 1151 4007 et
1172 3968 1242 4006 mu-

149 4037 245 4112 gnste
275 4050 332 4091 suo
369 4030 490 4094 direxit.
542 4030 695 4095 Chosroes
723 4042 827 4101 autern
861 4032 999 4095 collectis
1024 4028 1241 4112 potentatibus
1249 4031 1339 4105 essu

151 4110 238 4193 apud
262 4114 361 4176 Daras
382 4114 528 4177 efficitur.
570 4134 671 4196 porro
679 4119 786 4179 Narses
806 4136 942 4198 egressus
963 4114 1106 4176 Edessam
1127 4112 1240 4173 Hieru-

151 4194 252 4278 polius
273 4198 366 4282 tagit.
407 4198 527 4263 interca
548 4198 701 4264 Clsosroas
719 4220 792 4264 cum
805 4197 952 4265 Romanis
975 4196 1012 4261 tit
1033 4215 1127 4281 penes
1147 4194 1238 4259 sada·
