3050 4900
486 399 538 459 EX
566 395 825 460 satornana.
1134 393 1200 459 tot

200 565 320 628 Octavo
341 585 424 628 anuo
446 564 570 648 imperii
591 566 750 629 lastiniani
772 589 859 650 passa
882 577 928 630 est
949 591 968 629 a
991 567 1093 628 divina
1118 566 1203 629 iudi-

125 647 261 730 gnatione
282 649 518 732 Pompeiopolis
534 650 663 734 Mysiae:
689 651 779 712 scissa
810 651 893 712 euim
916 659 962 712 est
991 661 1077 712 terra
1098 659 1204 714 terrae

124 741 225 808 motu,
255 740 287 794 et
309 733 460 796 obrutum
482 741 529 796 est
548 733 684 796 medium
715 735 847 796 civitatis
870 755 941 794 cum
962 733 1203 812 habitatoribus,

124 822 255 877 sterant
278 815 385 878 subtus
403 825 530 893 terram,
552 825 584 878 et
598 836 814 880 vaccaeorum
835 815 1043 880 audiebantur
1063 818 1203 879 claman-

122 898 194 959 tium
213 907 250 958 ut
269 898 328 962 sibi
347 899 559 962 misericordia
579 907 804 982 praestaretur,
826 909 858 962 et
876 902 972 962 multa
994 899 1122 963 donarit
1141 902 1200 962 im.

122 989 243 1078 perator
264 981 304 1043 ad
327 982 503 1046 educendos
526 993 559 1048 et
581 979 786 1061 adiuvandas,
812 984 1012 1068 viventesque
1031 985 1202 1048 liberaliter

122 1065 201 1125 aurit.
243 1065 356 1128 eodem
380 1087 456 1129 vero
479 1087 560 1129 auno
581 1064 711 1129 tradidit
743 1067 926 1129 lastinianus
948 1067 987 1128 ad
1009 1067 1201 1150 psallendum

121 1147 148 1292 {p
176 1148 304 1294 seplasia
337 1148 414 1213 illud
444 1149 531 1238 quod
566 1150 691 1213 canitur
715 1150 912 1235 “unigenitus
943 1151 1024 1214 fitius
1055 1161 1089 1215 et
1125 1172 1201 1214 ver·

140 1252 188 1292 um
232 1233 295 1294 ei.”

194 1337 306 1401 Mundi
327 1335 518 1418 annolillill,
538 1337 660 1402 divinae
679 1338 902 1401 incarnationis
923 1361 1006 1402 anno
1026 1336 1097 1418 599,
1117 1339 1299 1424 liga-1²43?
1316 1347 1332 1399 t

120 1420 194 1502 pitus
214 1423 375 1486 Romanae
401 1423 483 1506 gerit
505 1421 650 1486 ecclesiae
670 1423 890 1506 praesulatum,
911 1423 1093 1484 lastinianus
1114 1423 1201 1484 deci-

120 1505 606 1653 irretitabiliter
623 1505 814 1650 qlillbul‘
829 1505 1199 1652 ,Etllljttt‘tttff

120 1671 243 1732 lensium
268 1610 431 1769 traiislatus
446 1683 491 1736 est
502 1671 817 1755 Constantinopolim.
842 1611 989 1756 dgapilus
1013 1612 1116 1769 antrib
1131 1675 1199 1734 Ro-

118 1774 215 1897 ml¹¹¹¹⁸
239 1775 405 1901 ‘lttt’tt
433 1753 1110 1902 ltttttmttffl‘ltttt'tlttttl'l
1123 1779 1199 1899 tl:

117 1857 337 1985 bilinguisem
361 1931 393 1984 et
413 1931 535 1986 ceteros
559 1860 809 2005 tlsetipascbitas3
837 1923 921 1985 inter
933 1946 1012 2007 quoa
1034 1932 1065 1984 et
1085 1923 1199 1984 dothi—

117 2025 184 2082 mus,
203 2013 242 2066 ut
263 2014 485 2070 consentaneas
506 2027 638 2083 eorum,
666 2007 824 2087 depositus
852 2029 871 2066 a
890 2007 1007 2068 throno
1039 2008 1197 2087 proiectus

117 2095 156 2148 est
174 2097 205 2151 et
223 2089 337 2167 exivit,
357 2107 429 2152 cum
448 2089 660 2174 episcopatum
675 2089 857 2152 obtinuisset
878 2091 983 2175 regiae
1004 2090 1088 2150 urbis
1108 2112 1199 2152 men·

116 2170 187 2234 sibus
208 2171 338 2246 decem
369 2184 402 2236 et
441 2181 638 2236 consecratus
666 2181 712 2234 est
739 2193 801 2255 pro
823 2193 861 2235 eo
883 2176 1009 2235 Mennas
1032 2174 1199 2257 preshyter

116 2264 143 2316 et
161 2253 359 2320 xenodochus
380 2258 530 2339 Sampson
562 2257 601 2320 ab
636 2255 770 2338 Agapito
795 2277 876 2338 papa
898 2258 1053 2318 Romano.
1094 2278 1196 2338 porro

115 2338 257 2436 bgapitus
290 2339 439 2405 dormivit
460 2341 619 2426 Byzantii,
643 2349 676 2401 et
696 2348 894 2402 consecratus
916 2351 961 2404 est
985 2361 1047 2425 pro
1069 2361 1107 2402 eo
1131 2339 1195 2402 Sil-

115 2440 216 2487 venus.

186 2541 281 2601 Anno
304 2538 427 2621 imperii
449 2538 608 2601 lastiniani
628 2512 794 2601 undecimo
819 2538 901 2599 facta
919 2543 992 2598 sunt
1011 2537 1113 2617 prima
1137 2558 1229 2610 οτι-ρ.
1247 2544 1300 2599 338
1319 2542 1351 2595 to

112 2622 356 2704 carolomagnus
375 2622 521 2685 ecclcsiae
540 2620 825 2703 Constantinopoli,
847 2621 939 2681 Meua
962 2619 1142 2702 patriarcha
1163 2623 1195 2682 in

111 2704 342 2857 [libididem
362 2704 516 2785 vehiculo,
537 2716 570 2769 et
589 2706 784 2791 imperatore
810 2703 956 2769 letaniam
984 2724 1055 2765 cum
1074 2704 1195 2788 populo

184 2914 280 2976 Anno
302 2908 488 2975 duodecimo
511 2912 635 2997 imperii
659 2910 840 2990 Iustiniani,
871 2932 943 2973 com
962 2912 1081 2975 Romae
1105 2912 1195 2997 vigi.

110 2990 159 3055 lius
180 3004 264 3059 esset
293 2995 467 3079 episcopus,
490 2998 568 3059 moti
590 3004 662 3058 sunt
682 2997 851 3079 Bulgarum
870 2995 934 3057 duo
958 3018 1055 3078 reges,
1077 2997 1195 3079 Vulgcr

109 3078 216 3144 scilicet
237 3090 272 3142 et
294 3081 451 3162 Droggo,
471 3100 542 3141 cum
572 3079 775 3142 multitudine
800 3080 831 3139 in
855 3078 980 3164 Lyciam
1003 3090 1035 3141 et
1056 3081 1194 3163 Mysiam,

109 3180 173 3223 cum
195 3171 275 3226 esset
297 3164 443 3246 magister
463 3162 596 3225 militum
612 3164 728 3248 Mysiae
752 3162 883 3225 lustinus
903 3172 935 3224 et
947 3162 1093 3245 Scytbine
1114 3164 1195 3223 Bau.

109 3242 217 3324 darius,
241 3246 297 3330 qui
322 3257 466 3309 exeuntes
494 3258 605 3309 contra
627 3246 773 3329 bulgares
796 3232 934 3307 inierulrt
956 3244 1121 3325 praelium.
1163 3254 1196 3306 et

109 3330 219 3393 occisus
240 3338 289 3391 est
311 3330 444 3391 lustinus
476 3331 622 3413 anagiatcr
653 3330 788 3391 militum
808 3328 839 3389 in
860 3326 954 3405 bello,
977 3336 1009 3389 et
1030 3327 1127 3389 lactus
1149 3340 1196 3391 est

107 3432 162 3490 pro
185 3434 225 3475 eo
242 3414 463 3476 Constantinus
475 3414 638 3475 Florentii.
658 3423 690 3475 et
708 3420 863 3474 venerunt
878 3410 1023 3493 bulgares
1037 3432 1134 3495 usque
1154 3413 1194 3474 ad

108 3502 204 3573 partes
223 3496 379 3573 Tbracae
402 3506 434 3558 et
453 3516 589 3581 egressus
609 3506 655 3558 est
675 3506 786 3558 contra
808 3514 862 3556 eos
891 3494 1037 3577 magister
1059 3495 1193 3556 militum

106 3578 229 3662 lllyrici,
257 3580 400 3642 floccum
423 3578 562 3661 Hunnus,
584 3600 677 3663 quem
697 3578 833 3660 suscepit
853 3578 1026 3659 imperator
1047 3598 1082 3639 er
1102 3598 1191 3638 sacro

105 3658 299 3745 baptismate,
320 3670 352 3725 et
366 3664 397 3725 in
415 3663 552 3725 medium
575 3663 669 3724 missis
683 3661 868 3744 Balgaribus
889 3660 1095 3722 conciderunt
1109 3662 1193 3721 mol-

103 3744 248 3809 litudines
271 3748 434 3829 copiosas,
455 3754 487 3808 et
508 3754 695 3827 receperunt
722 3765 845 3806 omnem
867 3744 1027 3825 praedam,
1053 3754 1084 3806 ct
1105 3744 1192 3807 vice·

106 3839 174 3890 runt
193 3838 357 3913 potenter,
383 3830 489 3892 occisis
511 3830 633 3893 duobos
653 3850 764 3891 eorum
786 3827 921 3911 regibus.

180 3943 304 4007 Eodem
326 3956 413 4008 anno
429 3946 512 4031 cepit
530 3946 682 4011 Cbosroes
704 3967 756 4008 rex
768 3942 946 4007 'Persarum
964 3964 1108 4027 magnam
1127 3944 1291 4026 Amyntas
1315 3954 1347 4006 tt

105 4026 250 4091 tioclriam
271 4028 390 4113 Syriae.

181 4148 277 4205 Anno
307 4144 525 4207 ‹loebnotertio
555 4138 677 4225 imperii
711 4141 869 4205 lastiniani
894 4140 1028 4206 sociatus
1058 4150 1104 4205 cst
1123 4144 1192 4207 llo-

103 4227 196 4291 mauis
219 4228 355 4293 Mundus
376 4250 412 4293 ex
434 4247 548 4315 genere
569 4228 725 4311 Gipedum
747 4226 913 4290 derivatus.
