3050 4900
300 348 373 427 est
461 308 670 427 masrlsn
707 339 903 425 msroms
932 357 1269 425 recessissem

382 530 622 613 Anno·imperii
655 530 766 591 Leonis
791 526 975 591 duodecimo
1001 530 1296 592 mositescrcitum
1317 528 1397 591 lilius

299 613 428 697 chagani
461 612 613 698 principis
643 612 812 675 Cbaaariae
839 620 951 675 contre
973 611 1107 675 Mediam
1138 622 1172 675 et
1205 614 1396 691 druseninm,

298 698 523 781 inventumque
543 696 575 758 in
597 696 714 759 Arabia
745 693 945 759 Gardaebum
965 697 1103 757 Arabum
1121 706 1303 778 praetorem
1326 704 1397 757 tru-

299 781 426 859 cidavit,
456 792 488 844 et
510 778 743 845 multitudinem
769 801 851 863 qnae
870 779 963 841 simul
983 800 1056 843 cnm
1078 802 1117 841 eo
1139 786 1219 854 emt,
1242 789 1275 843 et
1296 779 1396 859 dopo.

299 864 421 961 pnlntus
442 864 663 927 Armeniorum
683 874 779 947 atque
797 862 966 927 Medorum
985 864 1128 947 regiones
1148 863 1253 941 rediit,
1275 872 1393 925 metum

299 950 450 1011 mentiens
472 946 626 1011 Ambibus
647 948 790 1011 multum.

381 1072 471 1133 Anno
493 1072 616 1159 imperii
636 1072 747 1135 Leonis
771 1070 1012 1135 decimotertio
1036 1068 1259 1138 eastramovit
1279 1068 1396 1130 Masal-

297 1174 361 1215 mss
383 1154 527 1218 adversus
554 1156 683 1219 humum
709 1156 911 1233 Torcorum,
946 1163 980 1217 et
1012 1153 1144 1213 invicem
1173 1152 1339 1236 congressi,
1358 1176 1395 1215 ex

298 1246 434 1322 utraque
464 1248 557 1323 parts
588 1238 703 1301 cadunt
726 1239 756 1299 in
780 1240 925 1323 praelio,
948 1247 1097 1319 metnqne
1119 1238 1307 1321 perterritas
1323 1238 1395 1298 Μει-

297 1321 404 1383 snlmas
424 1322 542 1407 fugiens
565 1344 625 1407 per
645 1330 766 1385 montes
786 1322 956 1385 Cbasariae
976 1340 1118 1383 resersus
1139 1328 1194 1382 est

379 1446 500 1511 Eodem
521 1470 600 1511 vero
620 1470 704 1511 anno
726 1450 835 1511 furens
850 1450 916 1513 Leo
939 1448 1115 1530 imperator
1137 1444 1263 1528 iniquus
1281 1452 1396 1507 contra

300 1536 419 1591 rectam
442 1532 554 1613 fidem,
589 1530 724 1595 adducto
745 1532 840 1595 beato
863 1536 1034 1608 Germano,
1056 1530 1165 1612 eoepit
1183 1550 1256 1591 enm
1275 1528 1397 1593 blandis

298 1614 493 1677 sermonibus
522 1614 661 1679 delinire.
714 1624 748 1677 ut
778 1637 856 1680 vero
888 1616 997 1679 beatus
1028 1634 1229 1696 summusque
1249 1613 1395 1675 sacerdos

184 1700 188 1711 ⁴
299 1694 375 1759 dixit
394 1696 432 1758 ad
456 1720 529 1761 eum
549 1698 797 1781 “depositionem
826 1707 1005 1762 nncnrum
1032 1697 1201 1781 imaginum
1222 1696 1396 1757 audivimus
1498 1762 1510 1783 o

194 1816 220 1869 p,
238 1798 291 1852 fier
300 1780 424 1861 quidem
445 1784 593 1860 futuram,
613 1782 666 1844 sed
687 1804 749 1843 non
773 1792 918 1865 tempore
937 1782 1063 1865 imperii
1086 1781 1163 1846 tui.'’
1195 1801 1268 1841 eum
1289 1787 1396 1841 numm

299 1864 351 1927 ille
372 1875 500 1948 cogeret
521 1888 592 1927 eum
612 1867 716 1929 dicere
738 1867 796 1929 snb
820 1868 906 1928 cuins
928 1866 1075 1947 imperio,
1098 1866 1144 1927 ait
1162 1864 1220 1925 sub
1242 1863 1391 1925 Cononin

299 1956 332 2008 at
353 1946 404 2008 ille
426 1954 500 2011 “re”
522 1948 626 2032 inquit
647 1956 741 2011 “sera
765 1972 801 2012 es
812 1952 969 2034 baptismo
980 1951 1070 2011 Ceno
1087 1948 1164 2009 mibi
1184 1968 1296 2008 nornen
1319 1951 1395 2010 est.”

299 2040 332 2090 at
355 2030 405 2091 ille
427 2030 509 2093 dixit
538 2032 657 2109 “absit,
678 2032 826 2111 domine,
846 2044 883 2097 ut
901 2056 961 2117 per
980 2032 1147 2114 imperinm
1168 2041 1258 2091 tuum
1277 2030 1396 2091 melam

299 2112 383 2175 istud
427 2114 607 2179 erliciatur:
636 2116 825 2179 ‘Antichristi
855 2118 939 2181 errius
966 2134 1157 2199 praecursor
1177 2122 1233 2191 est,
1255 2112 1310 2197 qui
1332 2112 1396 2176 boc

300 2136 524 2279 adimpieturus
546 2208 610 2276 est,
639 2208 672 2263 et
695 2200 875 2263 incarnatae
903 2198 1026 2261 divinoe
1046 2195 1280 2280 dispensationis
1302 2218 1393 2259 ever.

298 2284 385 2343 sor.''
429 2282 458 2341 in
481 2282 527 2345 bis
551 2304 626 2363 erpo
651 2304 760 2345 suevus
779 2294 933 2367 tyrannus
957 2284 1108 2345 insaniens
1127 2283 1220 2343 beato
1235 2285 1394 2342 Germano

298 2364 396 2425 minas
417 2364 643 2447 praetendebat
666 2368 764 2431 instar
776 2368 910 2431 Herodis
930 2366 1089 2454 qnopdam
1109 2364 1320 2447 praecursori.
1345 2384 1396 2426 re·

299 2446 434 2510 ducebat
454 2457 557 2513 autern
585 2451 832 2514 admemoriam
861 2455 926 2514 eius
952 2451 1134 2550 patriarcba
1162 2460 1194 2515 et
1214 2446 1395 2530 sponsiones

298 2531 364 2594 eius
384 2543 457 2595 ante
478 2535 645 2616 imperium
666 2538 772 2612 faetus,
793 2537 995 2619 qualitersrbi
1013 2536 1106 2598 deum
1126 2532 1249 2596 dederit
1268 2531 1393 2606 vadem,

298 2616 330 2678 in
356 2615 441 2677 nullo
463 2639 496 2679 se
523 2627 757 2682 commoturum
781 2620 942 2684 ecclesiam
974 2619 1023 2682 dei
1044 2642 1062 2680 a
1081 2618 1142 2678 suis
1163 2615 1340 2700 apostolicis
1362 2625 1396 2676 et

299 2699 447 2762 divinitus
468 2702 590 2764 traditis
613 2704 733 2764 ritibus.
754 2703 808 2765 sed
829 2725 886 2766 nee
904 2703 949 2764 sic
970 2702 1116 2764 confusus
1138 2710 1184 2762 est
1204 2700 1311 2761 miser.
1332 2699 1395 2760 ob-

297 2803 422 2844 servans
449 2793 554 2845 autem
583 2793 678 2867 atque
697 2787 882 2848 submittens
912 2785 1063 2869 quosdam
1080 2804 1249 2860 sermones,
1271 2787 1396 2864 suinge-
1427 2851 1430 2855 ,

298 2865 354 2925 bat
374 2865 473 2926 sicubi
506 2866 591 2928 hunc
619 2868 773 2932 inveniret
799 2878 911 2932 contro
943 2871 1108 2952 irnperium
1128 2891 1220 2932 snum
1238 2875 1395 2949 agentem,
1456 2923 1460 2926 .

299 2950 444 3092 :paulinus
463 2957 500 3010 ut
518 2951 753 3014 coniuratorem
766 2963 800 3014 et
813 2975 876 3014 non
896 2954 993 3016 veluti
1007 2956 1213 3014 contessorem
1235 2973 1253 3011 e
1274 2950 1394 3010 tbrono

322 3041 495 3113 epoueret,
528 3033 643 3096 babens
666 3035 696 3096 in
718 3036 781 3098 boc
800 3038 1061 3119 comparticipem
1087 3035 1280 3098 Anastasinsn
1301 3033 1395 3094 disei-

296 3115 406 3198 pulum
437 3126 470 3178 et
490 3118 659 3199 syncellum
680 3119 765 3197 eius,
798 3122 850 3182 cui
880 3119 1053 3202 spopondit
1082 3127 1194 3200 utpote
1227 3117 1395 3198 impietatis

296 3221 369 3260 suae
391 3210 599 3263 consentaneo
633 3202 741 3264 throni
772 3226 843 3264 eum
876 3205 1055 3266 adulterum
1077 3221 1282 3264 successorem
1305 3201 1394 3262 suta.

297 3303 378 3344 rum.
421 3307 514 3366 quem
537 3285 645 3346 beatus
675 3309 737 3348 non
769 3287 916 3370 ignorans
945 3288 990 3350 sic
1017 3309 1164 3370 perverso
1187 3286 1394 3358 affectantem,

297 3365 432 3428 imitatus
455 3367 549 3432 deum
570 3391 670 3446 suum,
692 3393 728 3432 ac
747 3372 772 3434 si
792 3371 831 3434 nd
851 3373 947 3434 elium
970 3371 1161 3444 lscuriotem,
1182 3368 1341 3450 sapienter
1360 3377 1393 3428 et

198 3467 288 3542 94528
297 3459 455 3532 mansuete
485 3473 596 3514 corum
624 3475 705 3538 quac
727 3455 918 3536 proditionis
946 3465 1020 3516 sent
1043 3454 1227 3517 meuseriam
1247 3451 1392 3516 faciebat.

297 3533 369 3615 quia
392 3555 467 3596 vero
504 3536 786 3600 inconvertibiliter
819 3561 890 3602 enm
926 3539 1051 3600 videbat
1081 3559 1200 3616 errare,
1222 3556 1393 3597 conversus

296 3617 334 3676 ad
356 3639 426 3678 eum
448 3617 617 3682 calcantem
640 3621 808 3704 aliqnando
836 3623 1015 3704 posteriora
1036 3622 1133 3683 stolae
1152 3641 1234 3697 suae,
1258 3641 1329 3678 enm
1351 3617 1392 3676 ad

295 3701 520 3782 imperatorem
538 3703 770 3783 ingrederetur,
787 3705 831 3766 ait
852 3709 912 3768 “uc
933 3706 1073 3767 lestines:
1097 3728 1168 3766 nam
1190 3725 1252 3764 nnn
1265 3700 1392 3784 effugiet

295 3807 311 3844 n
335 3795 366 3846 le
386 3793 507 3868 tempus
534 3787 727 3868 ingrediendi
754 3789 915 3871 Diippin.''
972 3799 1005 3852 at
1026 3787 1078 3849 ille
1097 3808 1191 3869 super
1213 3805 1392 3848 sermenem

294 3867 434 3930 tristatus
469 3891 539 3930 eum
571 3871 635 3932 aliis
669 3873 722 3954 qni
743 3871 827 3932 bunc
848 3872 1022 3949 andierunt,
1046 3872 1242 3954 praesagium
1263 3870 1393 3950 ignore·

292 3949 358 4011 bat.
400 3953 487 4036 quod
517 3975 587 4014 omn
621 3955 712 4014 finem
744 3967 818 4034 post
851 3957 1031 4040 quindecim
1059 3977 1156 4017 armos
1187 3954 1389 4035 percepisset,

293 4035 387 4095 tertio
411 4037 557 4097 videlicet
580 4037 702 4120 imperii
724 4039 920 4100 Constantini
950 4041 1158 4121 persecutoris
1182 4059 1283 4114 anuo,
1305 4035 1392 4096 indi.

292 4119 403 4178 ctionis
436 4119 657 4198 ‹luodecimae,
690 4123 836 4184 omnibns
865 4121 996 4185 credere
1033 4121 1187 4207 persuasit
1216 4141 1251 4181 ex
1284 4119 1391 4180 divina

291 4205 391 4286 gretia
415 4205 502 4266 luisse
526 4207 649 4288 ingrato
671 4203 859 4290 prophetice
887 4207 1017 4270 dietum.
1061 4204 1284 4270 Constantinus
1306 4202 1390 4266 enim
