3050 4900
628 308 779 375 notar.
1175 300 1248 379 487

160 482 286 547 tcrtlam
309 482 524 549 conditionem
546 486 681 549 Heraclii
707 486 881 570 exemplum
898 486 1047 570 sugges-lt,
1068 486 1122 570 qul
1142 508 1252 569 peona·

157 566 464 713 tfficnpiprpiatiouc,
475 576 506 633 et
522 571 616 633 animi
629 570 769 655 puritate
786 571 1009 633 revelationem
1028 571 1251 655 exquirendam

238 754 311 834 sn,
346 754 394 819 17.
435 755 470 821 a
490 754 661 845 maura]
687 780 785 845 supr.
800 762 897 824 ω..
917 767 951 823 a
970 760 1076 825 sano.
1096 761 1135 824 ..a
1153 764 1254 825 aa...
1380 713 1383 726 ’

160 840 324 903 borealem
341 842 519 903 Turturum
541 842 678 925 regione.

238 946 311 1023 475,
336 946 383 1011 ltl.
425 942 525 1033 τούτῳ
557 948 602 1035 τῷ
621 942 697 1027 ἔτει]
730 950 785 1035 qui
807 948 955 1012 adiuncto
977 948 1130 1013 laterculo
1152 952 1251 1013 Chos-

156 1029 221 1093 rois
244 1030 357 1093 Persae
380 1040 510 1093 notatur
529 1029 571 1095 36
593 1033 728 1095 eiusdem
754 1027 815 1116 34,
836 1032 960 1096 exbibet
978 1054 1049 1117 pag.
1071 1032 1132 1096 256
1153 1038 1250 1097 later.

158 1111 285 1175 culum:
306 1136 406 1199 quare
422 1114 567 1177 Chosrois
588 1116 782 1214 trigesimum
812 1118 957 1200 quintum
977 1114 1122 1179 excidisse
1142 1119 1249 1182 Theo.

154 1195 250 1281 pisani
272 1197 374 1259 lector
395 1197 596 1261 condonabit.
638 1201 832 1263 statuerunt
854 1200 960 1263 cuncti
980 1199 1114 1263 codices.

243 1320 324 1382 Ibid.
352 1319 399 1383 13.
443 1321 663 1404 Koopoqylroc
684 1323 943 1427 sulmontinus]
965 1324 1176 1386 correctiores
1197 1324 1249 1384 vi-

156 1400 272 1465 dentur
292 1406 345 1465 alii
367 1405 460 1467 codd.
481 1428 536 1486 ms,
565 1406 618 1467 ubi
641 1405 748 1489 legunt
769 1407 992 1488 Xoopoqysroc
1023 1403 1078 1468 rui
1099 1402 1248 1487 Περοζή·

155 1490 362 1633 ainaldi&
390 1491 473 1597 anim
500 1488 697 1553 Anastasius:
727 1491 784 1577 qui
809 1490 948 1551 diumtur
977 1486 1192 1572 Cbosruegetuc
1211 1511 1250 1551 oo

252 1676 334 1739 ibid.
360 1676 409 1740 16.
459 1673 658 1759 κλεισούρας]
688 1680 757 1741 viae
787 1678 1010 1741 intermontes
1037 1685 1193 1761 angustae,
1216 1685 1249 1741 et

155 1758 278 1821 obiecto
300 1771 402 1823 castro
425 1762 488 1824 iter
516 1762 758 1824 intercludentes
790 1764 990 1840 κλεισοῦραι,
1012 1762 1128 1821 Latinis
1148 1763 1249 1823 clinu-

154 1864 211 1903 ναι·
230 1851 311 1905 sunt.
355 1844 409 1929 qui
439 1844 574 1907 claustra
608 1844 785 1907 huiusmodi
819 1844 956 1907 custodit
986 1842 1247 1926 κλεισουρόρχης,

152 1926 221 1987 dux
238 1926 421 2003 limitum
462 1926 670 2011 Paucirollus,
692 1928 856 2007 Meursius,
875 1927 1026 1990 Lacerda.

249 2027 321 2113 476,
340 2032 372 2097 8.
410 2030 587 2119 Ἀβάσγων]
610 2036 693 2102 inter
713 2040 832 2116 Lazos,
854 2038 918 2099 sive
941 2034 1099 2116 Colchos,
1123 2041 1156 2098 ct
1173 2034 1247 2097 lbe-

155 2134 217 2195 ros,
240 2117 352 2201 Abasgi
372 2120 477 2181 medii.
671 2144 674 2153 ’

251 2224 332 2289 [bati.
358 2229 407 2294 19.
450 2220 509 2309 τὴν
530 2224 623 2309 χεῖρά
644 2247 713 2309 oou,
733 2226 882 2301 δέσποτα]
903 2226 1114 2303 subiectionis,
1135 2232 1167 2288 et
1189 2246 1259 2308 pe·-

151 2307 227 2369 titae
250 2304 526 2385 reconciliationis,
549 2312 641 2373 etiam
652 2310 760 2393 hodie,
773 2330 882 2372 manus
896 2311 1036 2372 osculum
1051 2309 1135 2394 apud
1146 2314 1248 2372 Grac·

154 2410 206 2453 cos
230 2389 331 2458 defert
354 2402 581 2478 argumentum.

250 2493 323 2580 484,
352 2501 381 2564 2.
436 2501 624 2584 μαγαρίτην]
654 2503 868 2586 Agareuorum
892 2499 1074 2582 religionem
1101 2497 1247 2582 profiteri

154 2591 199 2644 est
217 2585 422 2666 μαγαριζειν,
450 2588 494 2646 ait
522 2585 683 2648 Meursius.
735 2585 816 2646 bene
843 2584 981 2668 quidem,
1005 2582 1059 2644 sed
1080 2601 1145 2644 uon
1166 2603 1245 2643 eun.

152 2667 259 2729 cleatc.
302 2691 383 2750 puer
406 2670 485 2732 bene
505 2668 585 2730 lotus
620 2691 638 2730 a
658 2669 793 2744 nutrice,
812 2675 845 2728 et
865 2667 1024 2728 illecebras
1044 2687 1098 2728 sua
1119 2663 1246 2726 mundi.

150 2751 194 2813 tie
213 2771 399 2834 provocans,
419 2754 443 2814 si
473 2761 576 2836 egesto
599 2763 709 2815 ventre
736 2759 833 2814 restes
854 2758 1045 2833 conspurcat
1065 2747 1245 2828 μαγαριζει,

149 2842 183 2896 ct
204 2855 277 2896 vere
297 2835 333 2894 lit
352 2836 535 2916 μαγαρίτης.
590 2835 781 2898 Christianus
812 2834 933 2916 pariter
953 2833 1100 2896 sordibus
1121 2832 1245 2914 peccati

147 2915 294 2999 baptismi
315 2917 439 2980 lavacro
464 2919 656 2997 defaecatus,
683 2920 709 2980 si
740 2917 861 2981 foedam
883 2926 915 2980 et
936 2917 1091 3000 impuram
1112 2917 1245 2977 Sarace-

96 3071 108 3088 .
149 3021 261 3061 norum
283 3002 537 3086 superstitionem
559 3005 652 3081 colat,
678 3002 865 3064 translatitio
886 3023 977 3064 sensu
996 2996 1179 3080 μαγαρίζει.

250 3107 328 3174 ibid.
350 3109 380 3170 4.
422 3107 457 3171 ἐκ
483 3106 546 3190 γὰρ
567 3109 728 3192 ἀληθινῶν
753 3104 906 3189 τζαγγὼσν
928 3107 1125 3190 ὄγνωρίζετο]
1144 3105 1242 3169 ocreis

79 3273 81 3277 ι
152 3193 299 3256 nimirum
324 3193 493 3277 purpureis
515 3195 588 3276 imp.
612 3195 852 3258 aoli'concessis.

75 3367 78 3374 ,
246 3297 319 3379 485,
339 3298 371 3364 4.
413 3297 493 3362 κατὰ
516 3302 599 3364 ΚΠ.
623 3301 814 3382 ἀπέστειλεν]
838 3323 855 3360 a
875 3299 976 3362 Persis
998 3305 1029 3358 et
1050 3293 1160 3358 abaris
1183 3319 1242 3356 an-

148 3381 305 3446 xiliaribus
327 3405 409 3445 anno
431 3385 565 3446 Heraclii
579 3383 616 3446 16
639 3385 803 3462 obsessam,
822 3392 855 3445 et
876 3383 1024 3465 deiparae
1038 3379 1184 3462 precibus
1205 3401 1241 3439 ac

148 3466 267 3528 virtuto
290 3468 454 3534 liberatam
482 3469 657 3529 chronicon
690 3465 931 3528 Alexandrinum
957 3465 1105 3526 fusissime
1126 3461 1241 3524 deseri.

147 3549 205 3614 bit.
249 3551 441 3634 Nicephorus
463 3552 643 3634 patriarcha
668 3550 863 3612 obsidionem
889 3551 1020 3613 eandem
1038 3549 1163 3629 parcius
1185 3566 1242 3607 ex·

147 3635 266 3714 posuit,
289 3635 375 3717 quasi
398 3651 471 3696 cum
492 3635 628 3717 primum
646 3635 682 3694 'in
706 3635 843 3695 Persium
867 3634 1027 3696 Heraclius
1050 3641 1122 3692 aute
1143 3647 1241 3690 anuos

148 3726 209 3778 tres
232 3717 433 3798 irrumperet,
465 3729 649 3800 susceptam.
693 3737 802 3778 verum
823 3717 1052 3799 prochronismi
1072 3715 1112 3775 ab
1134 3709 1240 3774 erudi·

146 3799 261 3860 tissimo
285 3808 465 3946 temfiporum
495 3802 640 3863 rationali
666 3800 797 3862 Patauio
828 3803 972 3886 arguitur
1002 3801 1033 3861 in
1062 3797 1143 3858 uotis
1164 3795 1239 3857 edit

146 3883 220 3966 Reg.
242 3903 312 3966 pag.
376 3925 386 3945 .

243 3987 326 4054 ibid.
346 3989 378 4057 5.
416 3981 567 4070 Ἆβᾰρεις
586 3997 637 4068 τε]
660 3984 865 4072 Βουλγόρονς
886 3989 938 4052 hic
957 3983 1120 4072 legendum
1140 3985 1239 4048 codex

145 4072 210 4133 Pal.
233 4073 348 4136 docet:
376 4077 605 4159 confirmatque
625 4073 774 4138 Anastasii
792 4075 910 4136 version
931 4073 1055 4133 Avares
1075 4091 1143 4132 oum
1159 4067 1240 4130 Vnt.

143 4157 271 4236 guribus
296 4157 448 4243 (intellige
477 4157 632 4243 bulgaris)
662 4173 692 4220 ct
711 4158 842 4235 Solonis,
875 4170 906 4219 et
932 4153 1112 4242 Gzpcdidus.
1139 4146 1236 4232 ’Λβά-
