3050 4900
461 363 599 429 NOTAE
625 363 915 428 Posteriores,
1161 359 1233 428 613

227 510 301 594 430,
322 504 354 583 3.
402 513 585 597 βαρβάρους
617 516 811 598 δισχιλίους]
843 517 941 598 liquet
960 516 1066 578 mutila
1087 516 1163 580 baec
1183 540 1235 578 ra.

148 598 225 660 ferri
248 621 283 660 cr
305 599 480 683 Theopbyi.
503 603 610 679 citato,
641 622 675 661 er
698 623 764 684 quo
781 610 853 661 sunt
877 601 1025 678 breviata,
1046 602 1100 682 qui
1125 602 1236 662 barba.

147 704 201 743 ros
223 681 399 746 huiusmodi
420 684 558 765 captivos
584 695 712 788 Praeter
730 678 857 762 Avares',
887 681 969 744 6900
993 685 1095 765 pouit:
1118 684 1237 746 Sclavi.

50 797 53 800 ⁴
150 787 216 842 nos,
235 764 330 827 8000.
373 765 449 828 illud
471 768 554 843 item,
577 766 752 828 αποδοῦναι
773 762 848 838 τούς
866 762 1047 845 βαρβάρους
1065 763 1158 845 μόνον
1177 791 1238 850 pa-

148 846 210 910 lam
234 849 434 927 mendosum,
464 871 500 912 ex
530 849 637 911 iisdem
658 848 779 911 emend.
807 845 880 920 τούς
897 846 1072 930 Ἀβάρονςι
1094 853 1236 933 acplana

153 931 251 1008 ratio,
274 932 455 994 concessisse
486 933 672 994 Macrinium
698 934 822 1014 roganti
854 931 998 1015 Cbassano
1034 955 1104 995 suos
1136 937 1239 1015 potins

154 1019 278 1094 Avares,
300 1037 393 1098 quom
422 1017 498 1078 ιιΙίοι
518 1017 682 1078 barbaros.
708 1013 799 1076 Cedr.
829 1020 981 1076 tamenin
1005 1017 1146 1078 omnibus
1168 1017 1241 1080 iruic

151 1101 289 1160 auctoris
323 1097 419 1160 textui
452 1100 615 1162 consentit.
646 1097 808 1175 ἐξέρχεται
828 1097 873 1168 εἰς
895 1094 1003 1175 νομοῖς.
1051 1103 1168 1182 saepius
1190 1101 1240 1162 bic

149 1191 290 1243 erratum
323 1182 355 1242 in
388 1203 423 1244 ea
452 1203 546 1243 voce:
572 1179 618 1256 εἷς
645 1179 765 1255 Νόβας.
794 1179 968 1265 Theophyb
999 1183 1092 1248 lib.8
1121 1205 1188 1266 cap.
1210 1183 1241 1250 4.

149 1266 243 1324 Barb.
259 1264 368 1326 Novas
388 1258 809 1348 proficiscitur-..ciiiiidauwr
827 1255 907 1323 εἶναι
924 1260 986 1324 tini
1010 1265 1089 1325 ἑτῶν
1107 1267 1241 1328 πολλῶν.

149 1347 244 1408 Barb.
267 1343 467 1430 ἐννενήκοντα
489 1349 533 1409 ait
553 1347 729 1431 Tbeopbyl.
743 1348 785 1409 ab
804 1349 892 1407 annis
911 1345 952 1409 90
971 1350 1093 1410 minime
1111 1351 1223 1418 tritam.

229 1463 313 1528 lbid.
336 1467 385 1532 17.
426 1456 556 1544 iniuria
578 1461 846 1537 Φιλιππούπολιν]
865 1465 939 1546 Reg.
962 1475 1022 1531 etc.

234 1569 382 1643 438‚11.
422 1569 477 1634 tut
496 1569 553 1652 τὴν
580 1567 818 1645 Κανσταντιάν]
854 1571 1045 1655 Reg.=Peyr.
1069 1565 1126 1650 τήν
1149 1572 1243 1634 Κων-
1290 1583 1294 1593 ’

148 1653 350 1716 οταντίολονι
387 1655 502 1716 Simoc.
526 1649 795 1722 Κοννπτανιίολαιι.
847 1653 905 1716 alia
934 1657 1027 1735 piane
1048 1657 1121 1716 urbs
1143 1679 1159 1714 a
1184 1657 1242 1716 CP.

152 1736 366 1882 ibiibi
381 1737 741 1882 bttitttttttti’
762 1735 963 1881 “iiiiiius
985 1739 1071 1881 titt
1094 1738 1245 1882 Titii:

152 1841 208 1978 eset,
228 1843 426 1984 atiriuribns
459 1844 586 1986 exponit
609 1861 782 1986 Theopbyi.
813 1925 883 1985 cap.
906 1905 937 1977 b,
963 1843 1080 1986 iioguia
1104 1887 1246 1988 quaeque

154 1985 353 2064 distinguens.
381 1980 466 2058 roric-
483 1983 693 2071 καταράκτας,
723 1987 861 2049 Danubii
890 1988 951 2050 siut
972 1995 1147 2050 cataractae
1178 1989 1246 2049 noti

152 2070 303 2131 Straboni
325 2078 358 2133 et
376 2069 498 2132 Snidac.

235 2185 318 2247 Ibid.
344 2188 392 2252 19.
443 2181 480 2246 ιὰ
507 2184 570 2246 ruia
596 2181 717 2249 Ἀνιόν
745 2179 856 2262 ἔθνος]
890 2188 944 2250 abi
964 2189 1043 2248 maie
1064 2185 1190 2248 ναντιὸν
1210 2206 1247 2246 ex

141 2267 228 2348 ‘ch.
250 2267 408 2352 habetque
437 2269 471 2328 P.
496 2273 599 2344 Goar,
631 2289 666 2328 ac
695 2269 809 2330 frustra
840 2272 878 2332 ad
900 2273 1000 2330 varias
1027 2271 1172 2331 lectiones
1194 2291 1247 2330 re-

155 2352 267 2414 currit.
308 2355 402 2414 mittit
422 2353 581 2433 Cbagamis
607 2353 651 2412 ad
668 2353 817 2413 Amorum
850 2367 962 2434 gentem
984 2355 1166 2427 (Hunuicam
1187 2352 1246 2414 sci·

156 2435 228 2496 iicet
249 2435 288 2497 ad
310 2436 499 2497 Moeotidem
522 2433 683 2519 paludem)
708 2448 740 2495 ut
759 2449 905 2521 tauquam
927 2437 1069 2517 Romanis
1078 2439 1247 2514 fauentem

153 2520 267 2580 deleat.
309 2520 348 2580 de
370 2542 405 2579 aa
430 2518 579 2582 lor-nand.
602 2528 634 2578 ct
645 2520 783 2599 Procop.
800 2520 951 2580 Hearicus
967 2518 1104 2579 Valesius
1126 2518 1164 2577 ad
1179 2522 1247 2578 Me-

155 2602 268 2663 nandri
300 2612 444 2684 excerpta
476 2604 584 2663 foedos
616 2602 647 2661 ιἰι·
676 2623 711 2664 ea
739 2624 816 2665 roca
846 2601 1096 2683 antiquariorum
1125 2620 1247 2661 errores

157 2686 233 2746 scite
257 2694 397 2747 annotat.
420 2686 605 2747 iustinianur
636 2686 667 2745 in
691 2685 795 2745 edicto
817 2684 904 2759 fidei,
928 2687 1011 2746 inter
1033 2684 1107 2745 aiios
1129 2682 1248 2760 titulos,

151 2762 297 2829 Ἀντικόν
319 2790 351 2829 sc
373 2770 461 2840 dicit,
485 2770 524 2829 ab
541 2792 576 2829 ca
599 2771 708 2850 utique
729 2769 996 2849 gentedebeitata,
1018 2767 1080 2828 siva
1100 2767 1248 2827 aliasiio.

158 2874 251 2913 mano
276 2853 408 2933 imperio
432 2853 577 2913 addicta:
601 2853 744 2933 beneque
757 2864 862 2911 monet
877 2852 989 2912 Radcr.
1012 2874 1074 2911 noa
1096 2872 1157 2910 esse
1177 2872 1248 2910 mn·

158 2935 287 2995 tandum
306 2930 351 3010 τό,
373 2930 534 3015 Ἄνακος,
556 2934 587 2994 in
609 2929 757 3009 Λαζικός.
789 2930 967 3015 προσερρὺρ
988 2940 1054 3005 τοῖς
1067 2930 1247 3011 Ῥωμαίοις.

159 3015 332 3096 ἀπολαβεῖν
352 3012 409 3095 τὴν
431 3014 599 3097 ἁμαρτίαν.
630 3016 720 3078 Cedr.
749 3019 825 3101 Reg.
855 3025 913 3079 etc.
967 3038 1077 3098 nempe
1095 3017 1249 3097 singulare

159 3098 221 3159 boc
241 3111 403 3180 peccatum
433 3104 515 3162 accis
544 3109 594 3161 tot
625 3100 771 3161 rnilitum.
799 3097 874 3172 τούς
897 3096 1157 3178 ποιριιιρχιχούς.
1191 3094 1249 3168 τὰς

158 3179 210 3241 ὑπ’
235 3178 356 3261 αὐτούς,
379 3184 506 3243 omnino
530 3184 648 3266 legend.
666 3206 729 3245 non
750 3182 866 3263 ον’τῶν,
887 3184 935 3245 vel
957 3177 1069 3253 αὕτόνι
1093 3180 1178 3264 quod
1200 3204 1250 3243 se·

96 3294 100 3299 ·
157 3266 294 3326 candum
315 3266 432 3329 babent
455 3270 533 3350 ch.
553 3277 594 3329 ct.
614 3267 681 3330 Pal.

242 3378 313 3463 430,
338 3388 386 3452 10.
437 3378 493 3445 καὶ
515 3377 638 3459 εἰςτὰς
658 3377 793 3466 λαύρας]
815 3382 958 3443 omissum
980 3382 1012 3441 in
1037 3370 1198 3453 versionei
1217 3382 1248 3441 in

160 3469 242 3531 notis
263 3470 344 3530 benc
365 3468 548 3550 expositum.

243 3580 315 3660 440,
338 3584 368 3650 0.
419 3584 455 3646 εἰι
491 3583 549 3645 τοῦ
578 3584 790 3665 χαρακτῆρος]
816 3580 854 3643 de
886 3580 944 3641 bac
977 3580 1091 3641 Christi
1119 3579 1251 3660 imagine

161 3678 243 3731 extat
268 3668 400 3751 pnicbra
422 3669 562 3728 narratio
581 3671 613 3728 in
638 3676 756 3727 auctor.
778 3674 803 3728 t.
818 3664 847 3739 9,
871 3664 924 3725 ubi
947 3664 978 3723 in
1001 3673 1066 3729 not.
1089 3662 1249 3745 quomodo

159 3754 223 3815 cius
246 3753 379 3812 violatae
400 3751 556 3832 reiigionis
581 3774 655 3831 crgo
678 3748 893 3810 Occidentaics
916 3772 932 3808 a
955 3750 1059 3807 Leone
1080 3747 1252 3807 defecerint

159 3839 256 3917 Grcg.
282 3838 306 3895 11
325 3836 483 3917 pontifice.
508 3833 705 3903 δινπνιοθείς
726 3823 783 3891 οὖν
803 3828 819 3891 ὅ
840 3832 946 3911 βασιλ.
967 3832 1044 3911 ch.
1068 3840 1127 3894 etc.

245 3942 328 4008 lbr'd.
365 3948 412 4009 19.
463 3936 655 4003 Φιλιππικὸν
688 3933 745 4000 τὸν
765 3932 918 4018 ’γαμβρὸν
947 3936 1069 4011 autori]
1105 3940 1252 3999 sororium

160 4048 265 4087 amem:
287 4028 331 4086 sic
353 4026 464 4107 passim
488 4018 629 4104 γαμβρὸς
650 4024 775 4097 dicitnr,
794 4042 856 4083 non
877 4022 977 4081 coium
999 4022 1054 4103 qui
1074 4020 1168 4081 filiam
1189 4020 1252 4082 du.

159 4111 214 4185 xit,
234 4107 287 4168 aed
309 4116 340 4169 et
364 4110 418 4190 qui
440 4112 614 4190 cognatam,
636 4106 675 4165 ab
698 4106 802 4166 uxoris
822 4103 971 4187 cognatio.

242 4216 315 4295 441,
345 4222 392 4281 ll.
435 4214 594 4299 πεμφθείς
615 4208 836 4295 ἑνιολικιὶριος]
859 4232 940 4274 anno
961 4212 1076 4274 scilicet
1102 4212 1141 4279 18
1160 4211 1250 4273 Man·
