3050 4900
295 373 365 440 10‘2
452 374 661 439 nutsrtstt
691 373 885 442 lllSTOth
913 376 1219 442 tccttsstttsrtcn

138 568 226 640 psit)
247 566 281 620 tt
388 551 482 624 hano
515 561 753 645 decimoquarto
793 558 916 645 imperii
949 561 1105 624 lastiniani
1141 562 1294 623 chosroes
1323 585 1376 624 rex

289 647 454 706 Persarum
476 657 623 728 quartum
654 646 686 706 in
716 647 929 706 Romanorum
948 653 1065 706 terram
1095 648 1168 706 lecit
1191 645 1375 728 ingressum,

290 751 384 812 quem
398 728 558 790 Belisarius
579 751 685 790 rursus
707 729 746 789 ah
765 730 919 812 Hesperiis
939 729 1063 792 veniens
1082 731 1231 812 sapientia
1252 750 1307 789 saa
1328 731 1377 790 in-

289 812 445 874 efficacem
468 811 573 874 redire
594 814 697 894 coligit
717 811 756 872 ad
777 813 921 895 propria.

134 960 160 1014 p·
177 941 230 999 344
246 947 279 1002 21
370 943 489 1006 Eodem
502 965 579 1006 vero
591 966 673 1006 anno
684 945 851 1007 Timotheo
861 945 1011 1027 episcopo
1026 943 1227 1006 Alexandriae
1240 954 1379 1022 mortuo,

287 1025 420 1092 Severus
434 1028 553 1110 impius,
567 1028 776 1090 Antiochenus
793 1028 916 1110 praesul
926 1029 1059 1106 adulter,
1071 1038 1103 1090 et
1114 1028 1246 1090 lulianus
1258 1027 1377 1089 Alicar-

289 1133 419 1193 nasseus,
434 1111 645 1174 Alexandriam
660 1111 731 1194 saga
752 1112 839 1193 lapsi,
857 1110 896 1174 de
912 1112 1113 1195 corruptibili
1133 1120 1166 1174 et
1188 1111 1380 1192 incorrupti-

288 1195 343 1257 bili
364 1195 556 1256 coaserentes
574 1197 718 1256 adversus
734 1195 877 1270 invicem,
896 1197 971 1257 facti
984 1205 1057 1256 sunt
1070 1205 1218 1277 tanquam
1241 1196 1379 1256 veritatis

289 1280 446 1354 extranei,
470 1287 501 1339 et
518 1279 597 1340 alter
627 1278 754 1360 quidem
775 1279 1005 1356 Theodosium,
1024 1279 1105 1339 alter
1125 1300 1201 1339 vero
1227 1277 1381 1338 Gaiaaurn

289 1361 491 1423 Alexandriae
508 1361 667 1444 promovit
689 1362 884 1443 episcopum.
927 1373 959 1424 et
977 1364 1111 1424 Gaianas
1133 1361 1259 1446 quidem
1280 1360 1381 1422 tenuit

289 1447 502 1528 episcopatum
524 1467 604 1507 atarto
621 1445 899 1522 uuo,'l’heodosius
923 1466 1000 1507 vero
1023 1445 1153 1507 duobus.
1198 1444 1254 1506 hos
1276 1453 1380 1505 autem

290 1529 475 1591 lastinianus
498 1529 671 1612 imperator
691 1530 815 1589 mittens
839 1526 925 1590 duxit
947 1529 1137 1606 byzantium,
1157 1538 1189 1590 et
1212 1537 1382 1610 utrumque

290 1621 468 1696 separatum
488 1613 646 1674 custodire
662 1613 834 1694 praecepit.
855 1623 887 1674 et
906 1600 1038 1673 Paulum
1058 1611 1223 1694 qncndam,
1244 1613 1300 1696 qui
1319 1633 1380 1752 pla.

291 1697 417 1758 tahatur
448 1695 662 1773 orthodoxus,
699 1693 901 1757 Alexandriae
923 1693 1065 1777 proserit
1083 1697 1274 1776 episcopum.
1353 1694 1381 1754 ic

290 1779 476 1840 memoriam
497 1779 603 1840 Severi
627 1778 742 1839 scelesti
764 1779 879 1839 faciens
909 1779 948 1840 ab
970 1780 1151 1861 episcopatu
1176 1778 1222 1838 ira
1244 1779 1382 1862 impera-

293 1863 370 1924 toris
392 1861 507 1922 eiectas
528 1869 583 1939 est,
604 1869 636 1924 et
654 1862 779 1924 veniens
802 1863 1023 1946 Hierosolymis
1042 1863 1238 1923 morabatur.

141 2007 160 2061 t>
181 1991 286 2048 34513
375 1994 464 2054 Anno
487 1991 720 2076 decimoquinto
743 1995 867 2075 imperii
887 1993 1068 2070 lastiniani,
1090 2017 1194 2056 mense
1215 1995 1382 2073 Octobrio,

294 2077 377 2138 sacta
397 2086 443 2138 est
464 2075 602 2160 Byzantii
623 2077 812 2151 mortalitem
840 2088 872 2140 et
893 2079 1004 2140 eodem
1025 2099 1107 2138 anno
1128 2077 1298 2162 hypapanti
1322 2079 1383 2139 do.

292 2160 369 2220 mini
394 2160 524 2241 sumpsit
551 2159 692 2236 initium,
723 2171 758 2224 ut
779 2161 995 2224 celebraretur
1022 2161 1106 2244 apud
1127 2162 1311 2246 Byzantium
1331 2162 1385 2224 die
1473 2224 1477 2229 .

293 2241 426 2306 wcunda
445 2243 610 2305 Februarii
629 2245 750 2306 mensis.

159 2371 287 2443 ΝΜ
378 2369 468 2429 Anno
500 2369 706 2431 decimosexto
737 2369 858 2454 imperii
881 2369 1039 2431 lastiniani
1075 2368 1208 2453 contigit
1228 2369 1384 2433 debellare

295 2452 427 2515 invicem
451 2474 555 2533 regem
584 2456 822 2515 baumitensinm
844 2456 993 2517 indorum
1027 2456 1215 2516 ludaeorum
1236 2478 1271 2517 ex
1295 2479 1385 2517 caasa

295 2534 515 2598 huiuscemodi.
568 2538 810 2600 Azumitcnsium
841 2555 893 2599 rer
916 2542 998 2600 ultra
1020 2542 1193 2622 Aegyptum
1215 2548 1260 2600 est
1283 2540 1384 2601 iudai.

296 2640 376 2684 anias.
432 2622 648 2683 homanorum
679 2632 784 2684 uatem
817 2623 1025 2703 negotiatores
1052 2642 1116 2702 per
1141 2622 1385 2684 homeritensem

296 2702 515 2783 ingrediuntur
549 2704 587 2763 std
609 2706 834 2765 Anumitensem
855 2712 887 2765 ct
914 2704 953 2764 ad
976 2704 1141 2766 interiores
1162 2717 1267 2787 partes
1290 2706 1385 2768 indo.

296 2808 368 2847 rum
392 2797 486 2866 atque
502 2787 696 2867 Aethiopum.
740 2788 988 2869 negotiatoribus
1002 2799 1106 2848 autent
1127 2791 1295 2851 secandum
1309 2814 1385 2851 con.

296 2868 490 2930 suetudinem
520 2870 659 2947 it‘ipressis
689 2870 840 2933 terminos
873 2870 1046 2945 homerio,
1076 2874 1244 2935 Damianus
1274 2896 1386 2935 eornm

298 2972 351 3012 rex
372 2952 440 3011 illos
463 2953 589 3028 occidit,
613 2962 645 3013 et
664 2954 791 3016 abstulit
811 2952 914 3013 omnia
939 2955 1090 3036 ipsorum,
1111 2956 1214 3018 dicens
1237 2958 1386 3039 qnoniam

297 3035 429 3095 Romani
455 3038 651 3097 malefaciant
674 3036 805 3113 Indaeis,
826 3038 932 3121 quiin
953 3039 1079 3120 regione
1100 3062 1152 3100 sna
1173 3050 1256 3119 sunt,
1277 3052 1309 3102 et
1330 3064 1386 3102 oc-

298 3118 408 3179 cidunt
430 3140 490 3179 eos.
546 3128 634 3182 etex
656 3120 718 3182 hoc
739 3123 901 3183 solverunt
922 3123 1167 3204 negotiationem
1197 3124 1386 3185 interiorum

299 3200 448 3263 ludorum
477 3203 618 3265 haumiti.
679 3210 710 3265 et
745 3203 921 3287 indignatus
949 3206 1188 3267 Aaumitensium
1219 3230 1270 3267 rex
1299 3206 1386 3269 Adad

298 3286 554 3361 misitHotneriti,
574 3287 646 3369 qnia
669 3284 778 3349 laesisti
802 3309 931 3369 regnum
951 3310 1055 3349 meum
1078 3296 1111 3349 ct
1130 3289 1313 3351 interiorem
1335 3294 1386 3351 ln·

299 3368 391 3445 diam,
412 3369 583 3450 prohibens
605 3372 821 3433 Rornanorum
842 3374 1032 3433 mercatores
1054 3372 1094 3461 ayl
1113 3394 1168 3433 nos
1190 3374 1319 3455 ingredi.
1355 3384 1388 3437 et

300 3461 454 3513 venerunt
471 3451 502 3511 in
516 3453 716 3515 inimicitiam
738 3477 889 3538 magnam,
909 3465 941 3517 et
953 3454 1214 3517 inierantbellnm
1237 3458 1267 3517 in
1288 3458 1385 3521 alter.

299 3544 415 3595 utrum
470 3540 502 3596 et
531 3558 601 3595 cum
624 3538 792 3619 pugnaturi
824 3547 943 3615 essent,
963 3538 1051 3599 Adnd
1073 3538 1312 3603 Aaumitensinm
1334 3563 1386 3605 rex

299 3628 409 3679 votam
429 3619 532 3695 vovit,
563 3618 665 3682 dicens
720 3622 770 3681 aia
790 3622 814 3681 si
848 3622 955 3685 vicero
976 3622 1238 3701 Homeritenscm,
1269 3625 1388 3687 efficiar

203 3729 229 3782 p.
239 3710 289 3769 att
301 3700 501 3779 Christianus,
523 3704 596 3785 quia
618 3725 678 3786 pro
697 3644 879 3767 {hristianis
904 3726 1021 3787 pagno.
1063 3704 1176 3787 deique
1199 3694 1388 3788 operatione

300 3784 375 3844 vicit
398 3786 618 3877 potentissime,
640 3795 671 3848 ct
693 3790 814 3871 accepit
833 3789 990 3869 captivum
1011 3790 1113 3850 visum
1126 3790 1310 3852 Dantianam
1334 3812 1388 3852 re·

298 3890 368 3949 gom
390 3890 501 3931 eorum
515 3879 546 3929 et
564 3870 720 3952 regionem
738 3872 876 3952 ipsorum
891 3881 924 3933 et
940 3894 1045 3953 regna,
1065 3871 1239 3957 gratiasque
1251 3878 1389 3935 reserens

299 3952 357 4011 deo
374 3951 457 4013 Adnd
472 3974 527 4013 rex
541 3955 781 4015 baumitensiam
794 3956 875 4016 misit
886 3955 924 4016 ad
939 3957 1136 4017 lastinianum
1151 3958 1385 4039 imperatorem,

301 4046 335 4095 at
356 4036 512 4117 acciperet
545 4038 725 4119 episcopum
756 4049 789 4099 et
816 4040 963 4114 clericos,
985 4049 1016 4100 et
1038 4040 1221 4114 doceretur,
1243 4051 1275 4102 et
1297 4042 1387 4101 ficret

300 4120 499 4181 Christianus.
541 4130 573 4181 et
592 4122 710 4204 gavisus
730 4132 777 4183 est
797 4144 893 4204 saper
914 4123 975 4183 boc
996 4123 1178 4183 lastinianus
1202 4124 1386 4204 plurininm,

299 4212 330 4265 et
355 4202 438 4267 iussit
458 4205 499 4267 eis
521 4201 588 4267 dari
619 4204 800 4289 episcopum
820 4228 1039 4294 quemcunque
1068 4205 1245 4287 valuissent,
1266 4220 1300 4270 ct
1320 4210 1388 4271 cte-
