<?xml version="1.0" encoding="UTF-8"?>
<!DOCTYPE html PUBLIC "-//W3C//DTD XHTML 1.0 Transitional//EN"
    "http://www.w3.org/TR/xhtml1/DTD/xhtml1-transitional.dtd">
<html xmlns="http://www.w3.org/1999/xhtml" xml:lang="en" lang="en">
 <head>
  <title>
</title>
<meta http-equiv="Content-Type" content="text/html;charset=utf-8" />
  <meta name='ocr-system' content='tesseract 3.04.00' />
  <meta name='ocr-capabilities' content='ocr_page ocr_carea ocr_par ocr_line ocrx_word'/>
</head>
<body>
  <div class='ocr_page' id='page_1' title='image "./corpusscriptoru34theogoog_0214.png"; bbox 0 0 3050 4900; ppageno 0'>
   <div class='ocr_carea' id='block_1_1' title="bbox 535 314 1245 393">
    <p class='ocr_par' dir='ltr' id='par_1_1' title="bbox 535 314 1245 393">
     <span class='ocr_line' id='line_1_1' title="bbox 535 314 1245 393; baseline -0.008 0"><span class='ocrx_word' id='word_1_1' title='bbox 535 314 587 393; x_wconf 77' lang='lat' dir='ltr'>na</span> <span class='ocrx_word' id='word_1_2' title='bbox 611 324 871 393; x_wconf 81' lang='lat' dir='ltr'>rusoruaus.</span> <span class='ocrx_word' id='word_1_3' title='bbox 1172 318 1245 389; x_wconf 75' lang='lat' dir='ltr'>uus</span> 
     </span>
    </p>
   </div>
   <div class='ocr_carea' id='block_1_2' title="bbox 138 492 1342 2317">
    <p class='ocr_par' dir='ltr' id='par_1_2' title="bbox 138 492 1342 2317">
     <span class='ocr_line' id='line_1_2' title="bbox 152 492 1342 581; baseline -0.007 -22"><span class='ocrx_word' id='word_1_4' title='bbox 152 518 224 559; x_wconf 85' lang='lat' dir='ltr'>eum</span> <span class='ocrx_word' id='word_1_5' title='bbox 243 499 399 581; x_wconf 82' lang='lat' dir='ltr'>suscripta</span> <span class='ocrx_word' id='word_1_6' title='bbox 427 498 527 561; x_wconf 86' lang='lat' dir='ltr'>verbo</span> <span class='ocrx_word' id='word_1_7' title='bbox 564 497 605 561; x_wconf 87' lang='lat' dir='ltr'>nd</span> <span class='ocrx_word' id='word_1_8' title='bbox 636 506 818 580; x_wconf 86' lang='lat' dir='ltr'>praetorem</span> <span class='ocrx_word' id='word_1_9' title='bbox 838 494 964 557; x_wconf 86' lang='lat' dir='ltr'>fuissent</span> <span class='ocrx_word' id='word_1_10' title='bbox 983 492 1110 569; x_wconf 86' lang='lat' dir='ltr'>reversi,</span> <span class='ocrx_word' id='word_1_11' title='bbox 1131 492 1342 569; x_wconf 80' lang='lat' dir='ltr'>Massi-p.5!t9</span> 
     </span>
     <span class='ocr_line' id='line_1_3' title="bbox 151 582 1245 663; baseline -0.004 -22"><span class='ocrx_word' id='word_1_12' title='bbox 151 602 216 641; x_wconf 83' lang='lat' dir='ltr'>ruas</span> <span class='ocrx_word' id='word_1_13' title='bbox 238 583 379 663; x_wconf 82' lang='lat' dir='ltr'>copiosus</span> <span class='ocrx_word' id='word_1_14' title='bbox 400 582 613 645; x_wconf 80' lang='lat' dir='ltr'>multitudines</span> <span class='ocrx_word' id='word_1_15' title='bbox 643 582 768 660; x_wconf 88' lang='lat' dir='ltr'>habeus,</span> <span class='ocrx_word' id='word_1_16' title='bbox 799 588 831 643; x_wconf 91' lang='lat' dir='ltr'>et</span> <span class='ocrx_word' id='word_1_17' title='bbox 909 598 982 639; x_wconf 84' lang='lat' dir='ltr'>uarn</span> <span class='ocrx_word' id='word_1_18' title='bbox 1000 584 1083 639; x_wconf 89' lang='lat' dir='ltr'>stare</span> <span class='ocrx_word' id='word_1_19' title='bbox 1103 599 1166 639; x_wconf 89' lang='lat' dir='ltr'>non</span> <span class='ocrx_word' id='word_1_20' title='bbox 1188 599 1245 637; x_wconf 85' lang='lat' dir='ltr'>va.</span> 
     </span>
     <span class='ocr_line' id='line_1_4' title="bbox 150 659 1246 748; baseline -0.002 -23"><span class='ocrx_word' id='word_1_21' title='bbox 150 664 226 742; x_wconf 89' lang='lat' dir='ltr'>lens,</span> <span class='ocrx_word' id='word_1_22' title='bbox 251 666 474 731; x_wconf 77' lang='lat' dir='ltr'>Achrohenuus</span> <span class='ocrx_word' id='word_1_23' title='bbox 490 666 564 729; x_wconf 85' lang='lat' dir='ltr'>adit.</span> <span class='ocrx_word' id='word_1_24' title='bbox 585 675 750 748; x_wconf 84' lang='lat' dir='ltr'>praeterea</span> <span class='ocrx_word' id='word_1_25' title='bbox 769 686 842 726; x_wconf 88' lang='lat' dir='ltr'>eum</span> <span class='ocrx_word' id='word_1_26' title='bbox 864 663 896 723; x_wconf 83' lang='lat' dir='ltr'>ri</span> <span class='ocrx_word' id='word_1_27' title='bbox 919 662 988 723; x_wconf 90' lang='lat' dir='ltr'>isset</span> <span class='ocrx_word' id='word_1_28' title='bbox 1006 670 1137 742; x_wconf 87' lang='lat' dir='ltr'>praetor</span> <span class='ocrx_word' id='word_1_29' title='bbox 1159 659 1246 745; x_wconf 83' lang='lat' dir='ltr'>quod</span> 
     </span>
     <span class='ocr_line' id='line_1_5' title="bbox 148 743 1244 834; baseline -0.008 -21"><span class='ocrx_word' id='word_1_30' title='bbox 148 770 220 813; x_wconf 81' lang='lat' dir='ltr'>suas</span> <span class='ocrx_word' id='word_1_31' title='bbox 243 751 455 813; x_wconf 71' lang='lat' dir='ltr'>transmisisset</span> <span class='ocrx_word' id='word_1_32' title='bbox 475 750 525 826; x_wconf 78' lang='lat' dir='ltr'>iiie</span> <span class='ocrx_word' id='word_1_33' title='bbox 538 749 729 834; x_wconf 85' lang='lat' dir='ltr'>provincias,</span> <span class='ocrx_word' id='word_1_34' title='bbox 737 746 951 811; x_wconf 74' lang='lat' dir='ltr'>Nicomediam</span> <span class='ocrx_word' id='word_1_35' title='bbox 970 743 1067 823; x_wconf 80' lang='lat' dir='ltr'>radit,</span> <span class='ocrx_word' id='word_1_36' title='bbox 1088 754 1120 833; x_wconf 68' lang='lat' dir='ltr'>ep</span> <span class='ocrx_word' id='word_1_37' title='bbox 1137 746 1244 830; x_wconf 50' lang='lat' dir='ltr'>Theo,</span> 
     </span>
     <span class='ocr_line' id='line_1_6' title="bbox 149 829 1246 916; baseline -0.003 -23"><span class='ocrx_word' id='word_1_38' title='bbox 149 830 232 895; x_wconf 84' lang='lat' dir='ltr'>dosii</span> <span class='ocrx_word' id='word_1_39' title='bbox 254 834 353 895; x_wconf 85' lang='lat' dir='ltr'>fitium</span> <span class='ocrx_word' id='word_1_40' title='bbox 373 842 554 897; x_wconf 89' lang='lat' dir='ltr'>eonseeutus</span> <span class='ocrx_word' id='word_1_41' title='bbox 588 834 673 916; x_wconf 81' lang='lat' dir='ltr'>capit</span> <span class='ocrx_word' id='word_1_42' title='bbox 701 832 785 894; x_wconf 90' lang='lat' dir='ltr'>hune</span> <span class='ocrx_word' id='word_1_43' title='bbox 815 829 995 892; x_wconf 86' lang='lat' dir='ltr'>cumomni</span> <span class='ocrx_word' id='word_1_44' title='bbox 1016 838 1170 911; x_wconf 88' lang='lat' dir='ltr'>apparatu</span> <span class='ocrx_word' id='word_1_45' title='bbox 1195 852 1246 891; x_wconf 85' lang='lat' dir='ltr'>re·</span> 
     </span>
     <span class='ocr_line' id='line_1_7' title="bbox 138 911 1244 1000; baseline -0.004 -23"><span class='ocrx_word' id='word_1_46' title='bbox 138 917 203 999; x_wconf 36' lang='lat' dir='ltr'>*gio</span> <span class='ocrx_word' id='word_1_47' title='bbox 226 924 259 977; x_wconf 88' lang='lat' dir='ltr'>et</span> <span class='ocrx_word' id='word_1_48' title='bbox 283 916 357 979; x_wconf 86' lang='lat' dir='ltr'>viris</span> <span class='ocrx_word' id='word_1_49' title='bbox 382 917 490 999; x_wconf 86' lang='lat' dir='ltr'>primis</span> <span class='ocrx_word' id='word_1_50' title='bbox 510 918 627 1000; x_wconf 76' lang='lat' dir='ltr'>palatii.</span> <span class='ocrx_word' id='word_1_51' title='bbox 671 924 704 977; x_wconf 88' lang='lat' dir='ltr'>at</span> <span class='ocrx_word' id='word_1_52' title='bbox 723 936 802 978; x_wconf 84' lang='lat' dir='ltr'>vern</span> <span class='ocrx_word' id='word_1_53' title='bbox 822 914 981 977; x_wconf 79' lang='lat' dir='ltr'>Masaimss</span> <span class='ocrx_word' id='word_1_54' title='bbox 1004 911 1189 977; x_wconf 84' lang='lat' dir='ltr'>descendeus</span> <span class='ocrx_word' id='word_1_55' title='bbox 1212 913 1244 974; x_wconf 90' lang='lat' dir='ltr'>in</span> 
     </span>
     <span class='ocr_line' id='line_1_8' title="bbox 150 995 1247 1080; baseline -0.004 -19"><span class='ocrx_word' id='word_1_56' title='bbox 150 999 254 1061; x_wconf 80' lang='lat' dir='ltr'>Asiam</span> <span class='ocrx_word' id='word_1_57' title='bbox 281 1000 431 1063; x_wconf 72' lang='lat' dir='ltr'>hiemavit</span> <span class='ocrx_word' id='word_1_58' title='bbox 460 1000 542 1079; x_wconf 83' lang='lat' dir='ltr'>illie,</span> <span class='ocrx_word' id='word_1_59' title='bbox 564 1011 596 1063; x_wconf 90' lang='lat' dir='ltr'>et</span> <span class='ocrx_word' id='word_1_60' title='bbox 625 1000 784 1063; x_wconf 80' lang='lat' dir='ltr'>Humerus</span> <span class='ocrx_word' id='word_1_61' title='bbox 813 998 845 1059; x_wconf 94' lang='lat' dir='ltr'>in</span> <span class='ocrx_word' id='word_1_62' title='bbox 879 995 995 1059; x_wconf 85' lang='lat' dir='ltr'>Cilicis.</span> <span class='ocrx_word' id='word_1_63' title='bbox 1047 1005 1094 1057; x_wconf 88' lang='lat' dir='ltr'>ast</span> <span class='ocrx_word' id='word_1_64' title='bbox 1113 1004 1247 1080; x_wconf 87' lang='lat' dir='ltr'>praetor</span> 
     </span>
     <span class='ocr_line' id='line_1_9' title="bbox 152 1079 1244 1167; baseline -0.001 -22"><span class='ocrx_word' id='word_1_65' title='bbox 152 1092 311 1166; x_wconf 80' lang='lat' dir='ltr'>assumpto</span> <span class='ocrx_word' id='word_1_66' title='bbox 333 1084 397 1146; x_wconf 81' lang='lat' dir='ltr'>filio</span> <span class='ocrx_word' id='word_1_67' title='bbox 420 1083 628 1167; x_wconf 84' lang='lat' dir='ltr'>imperatoris,</span> <span class='ocrx_word' id='word_1_68' title='bbox 649 1091 682 1147; x_wconf 91' lang='lat' dir='ltr'>et</span> <span class='ocrx_word' id='word_1_69' title='bbox 701 1082 782 1145; x_wconf 89' lang='lat' dir='ltr'>inito</span> <span class='ocrx_word' id='word_1_70' title='bbox 802 1080 933 1143; x_wconf 84' lang='lat' dir='ltr'>oonsiiio</span> <span class='ocrx_word' id='word_1_71' title='bbox 954 1101 1026 1141; x_wconf 87' lang='lat' dir='ltr'>eum</span> <span class='ocrx_word' id='word_1_72' title='bbox 1046 1079 1094 1141; x_wconf 91' lang='lat' dir='ltr'>his</span> <span class='ocrx_word' id='word_1_73' title='bbox 1115 1081 1170 1165; x_wconf 91' lang='lat' dir='ltr'>qui</span> <span class='ocrx_word' id='word_1_74' title='bbox 1193 1102 1244 1144; x_wconf 87' lang='lat' dir='ltr'>se-</span> 
     </span>
     <span class='ocr_line' id='line_1_10' title="bbox 151 1162 1245 1252; baseline -0.004 -23"><span class='ocrx_word' id='word_1_75' title='bbox 151 1188 224 1229; x_wconf 86' lang='lat' dir='ltr'>eum</span> <span class='ocrx_word' id='word_1_76' title='bbox 245 1176 344 1245; x_wconf 86' lang='lat' dir='ltr'>erant,</span> <span class='ocrx_word' id='word_1_77' title='bbox 367 1168 451 1229; x_wconf 88' lang='lat' dir='ltr'>venit</span> <span class='ocrx_word' id='word_1_78' title='bbox 468 1166 701 1252; x_wconf 83' lang='lat' dir='ltr'>Chrysopolim.</span> <span class='ocrx_word' id='word_1_79' title='bbox 743 1185 845 1248; x_wconf 89' lang='lat' dir='ltr'>porro</span> <span class='ocrx_word' id='word_1_80' title='bbox 867 1162 1060 1227; x_wconf 87' lang='lat' dir='ltr'>Theodosius</span> <span class='ocrx_word' id='word_1_81' title='bbox 1075 1166 1245 1247; x_wconf 79' lang='lat' dir='ltr'>compertis</span> 
     </span>
     <span class='ocr_line' id='line_1_11' title="bbox 150 1247 1244 1334; baseline -0.002 -23"><span class='ocrx_word' id='word_1_82' title='bbox 150 1272 234 1333; x_wconf 86' lang='lat' dir='ltr'>quae</span> <span class='ocrx_word' id='word_1_83' title='bbox 256 1260 452 1334; x_wconf 79' lang='lat' dir='ltr'>gestarunt,</span> <span class='ocrx_word' id='word_1_84' title='bbox 481 1250 611 1313; x_wconf 84' lang='lat' dir='ltr'>consilio</span> <span class='ocrx_word' id='word_1_85' title='bbox 643 1273 661 1313; x_wconf 91' lang='lat' dir='ltr'>n</span> <span class='ocrx_word' id='word_1_86' title='bbox 692 1252 851 1313; x_wconf 78' lang='lat' dir='ltr'>Germano</span> <span class='ocrx_word' id='word_1_87' title='bbox 878 1247 1061 1329; x_wconf 87' lang='lat' dir='ltr'>patrisrebn</span> <span class='ocrx_word' id='word_1_88' title='bbox 1082 1257 1114 1310; x_wconf 91' lang='lat' dir='ltr'>et</span> <span class='ocrx_word' id='word_1_89' title='bbox 1133 1248 1244 1311; x_wconf 85' lang='lat' dir='ltr'>senatu</span> 
     </span>
     <span class='ocr_line' id='line_1_12' title="bbox 149 1331 1244 1419; baseline 0 -24"><span class='ocrx_word' id='word_1_90' title='bbox 149 1343 315 1415; x_wconf 85' lang='lat' dir='ltr'>percepto,</span> <span class='ocrx_word' id='word_1_91' title='bbox 337 1356 396 1419; x_wconf 87' lang='lat' dir='ltr'>per</span> <span class='ocrx_word' id='word_1_92' title='bbox 416 1333 549 1399; x_wconf 88' lang='lat' dir='ltr'>eundern</span> <span class='ocrx_word' id='word_1_93' title='bbox 570 1331 785 1417; x_wconf 85' lang='lat' dir='ltr'>patriarcham</span> <span class='ocrx_word' id='word_1_94' title='bbox 817 1332 938 1412; x_wconf 85' lang='lat' dir='ltr'>accepit</span> <span class='ocrx_word' id='word_1_95' title='bbox 968 1353 986 1392; x_wconf 88' lang='lat' dir='ltr'>a</span> <span class='ocrx_word' id='word_1_96' title='bbox 1013 1332 1119 1394; x_wconf 81' lang='lat' dir='ltr'>Leone</span> <span class='ocrx_word' id='word_1_97' title='bbox 1152 1332 1244 1395; x_wconf 88' lang='lat' dir='ltr'>inde-</span> 
     </span>
     <span class='ocr_line' id='line_1_13' title="bbox 148 1414 1244 1499; baseline 0.001 -22"><span class='ocrx_word' id='word_1_98' title='bbox 148 1417 289 1481; x_wconf 85' lang='lat' dir='ltr'>mnitatis</span> <span class='ocrx_word' id='word_1_99' title='bbox 313 1418 443 1479; x_wconf 85' lang='lat' dir='ltr'>verbum</span> <span class='ocrx_word' id='word_1_100' title='bbox 457 1426 490 1481; x_wconf 89' lang='lat' dir='ltr'>et</span> <span class='ocrx_word' id='word_1_101' title='bbox 508 1418 728 1481; x_wconf 85' lang='lat' dir='ltr'>ecciesiaesine</span> <span class='ocrx_word' id='word_1_102' title='bbox 751 1414 990 1499; x_wconf 89' lang='lat' dir='ltr'>perturbatione</span> <span class='ocrx_word' id='word_1_103' title='bbox 1011 1414 1190 1493; x_wconf 86' lang='lat' dir='ltr'>servandae,</span> <span class='ocrx_word' id='word_1_104' title='bbox 1210 1426 1244 1479; x_wconf 89' lang='lat' dir='ltr'>et</span> 
     </span>
     <span class='ocr_line' id='line_1_14' title="bbox 148 1498 1245 1585; baseline 0 -24"><span class='ocrx_word' id='word_1_105' title='bbox 148 1502 192 1561; x_wconf 85' lang='lat' dir='ltr'>sio</span> <span class='ocrx_word' id='word_1_106' title='bbox 214 1500 244 1563; x_wconf 88' lang='lat' dir='ltr'>ei</span> <span class='ocrx_word' id='word_1_107' title='bbox 272 1502 475 1563; x_wconf 78' lang='lat' dir='ltr'>committunt</span> <span class='ocrx_word' id='word_1_108' title='bbox 503 1500 679 1585; x_wconf 85' lang='lat' dir='ltr'>imperium.</span> <span class='ocrx_word' id='word_1_109' title='bbox 727 1520 829 1585; x_wconf 87' lang='lat' dir='ltr'>porro</span> <span class='ocrx_word' id='word_1_110' title='bbox 858 1498 1052 1561; x_wconf 87' lang='lat' dir='ltr'>Theodosius</span> <span class='ocrx_word' id='word_1_111' title='bbox 1080 1520 1142 1560; x_wconf 90' lang='lat' dir='ltr'>una</span> <span class='ocrx_word' id='word_1_112' title='bbox 1170 1521 1245 1561; x_wconf 86' lang='lat' dir='ltr'>enm</span> 
     </span>
     <span class='ocr_line' id='line_1_15' title="bbox 149 1583 1252 1664; baseline 0 -21"><span class='ocrx_word' id='word_1_113' title='bbox 149 1583 215 1647; x_wconf 79' lang='lat' dir='ltr'>filio</span> <span class='ocrx_word' id='word_1_114' title='bbox 237 1606 294 1649; x_wconf 86' lang='lat' dir='ltr'>sno</span> <span class='ocrx_word' id='word_1_115' title='bbox 315 1584 422 1647; x_wconf 84' lang='lat' dir='ltr'>cleriei</span> <span class='ocrx_word' id='word_1_116' title='bbox 453 1586 528 1647; x_wconf 84' lang='lat' dir='ltr'>faeti</span> <span class='ocrx_word' id='word_1_117' title='bbox 560 1584 717 1649; x_wconf 79' lang='lat' dir='ltr'>residuum</span> <span class='ocrx_word' id='word_1_118' title='bbox 744 1584 828 1647; x_wconf 87' lang='lat' dir='ltr'>vitae</span> <span class='ocrx_word' id='word_1_119' title='bbox 847 1604 919 1645; x_wconf 89' lang='lat' dir='ltr'>snae</span> <span class='ocrx_word' id='word_1_120' title='bbox 940 1592 1062 1664; x_wconf 89' lang='lat' dir='ltr'>tempus</span> <span class='ocrx_word' id='word_1_121' title='bbox 1085 1593 1252 1663; x_wconf 61' lang='lat' dir='ltr'>transegem</span> 
     </span>
     <span class='ocr_line' id='line_1_16' title="bbox 148 1666 1243 1751; baseline -0.001 -22"><span class='ocrx_word' id='word_1_122' title='bbox 148 1676 223 1729; x_wconf 86' lang='lat' dir='ltr'>runt</span> <span class='ocrx_word' id='word_1_123' title='bbox 246 1667 277 1729; x_wconf 94' lang='lat' dir='ltr'>in</span> <span class='ocrx_word' id='word_1_124' title='bbox 310 1689 399 1751; x_wconf 81' lang='lat' dir='ltr'>pace.</span> <span class='ocrx_word' id='word_1_125' title='bbox 447 1668 572 1731; x_wconf 84' lang='lat' dir='ltr'>veniens</span> <span class='ocrx_word' id='word_1_126' title='bbox 601 1669 722 1732; x_wconf 87' lang='lat' dir='ltr'>interea</span> <span class='ocrx_word' id='word_1_127' title='bbox 750 1667 912 1729; x_wconf 84' lang='lat' dir='ltr'>Masalmas</span> <span class='ocrx_word' id='word_1_128' title='bbox 944 1666 1132 1748; x_wconf 74' lang='lat' dir='ltr'>Pergamum</span> <span class='ocrx_word' id='word_1_129' title='bbox 1161 1666 1243 1728; x_wconf 88' lang='lat' dir='ltr'>hane</span> 
     </span>
     <span class='ocr_line' id='line_1_17' title="bbox 149 1749 1328 1851; baseline 0 -40"><span class='ocrx_word' id='word_1_130' title='bbox 149 1750 281 1829; x_wconf 80' lang='lat' dir='ltr'>obsedit,</span> <span class='ocrx_word' id='word_1_131' title='bbox 303 1762 336 1815; x_wconf 89' lang='lat' dir='ltr'>et</span> <span class='ocrx_word' id='word_1_132' title='bbox 356 1750 545 1851; x_wconf 82' lang='lat' dir='ltr'>indulgentie</span> <span class='ocrx_word' id='word_1_133' title='bbox 567 1752 617 1815; x_wconf 90' lang='lat' dir='ltr'>dei</span> <span class='ocrx_word' id='word_1_134' title='bbox 636 1772 696 1836; x_wconf 84' lang='lat' dir='ltr'>per</span> <span class='ocrx_word' id='word_1_135' title='bbox 708 1750 896 1813; x_wconf 78' lang='lat' dir='ltr'>diabolicam</span> <span class='ocrx_word' id='word_1_136' title='bbox 916 1749 1133 1832; x_wconf 85' lang='lat' dir='ltr'>sperationem</span> <span class='ocrx_word' id='word_1_137' title='bbox 1151 1772 1244 1811; x_wconf 85' lang='lat' dir='ltr'>aoce-</span> <span class='ocrx_word' id='word_1_138' title='bbox 1325 1772 1328 1778; x_wconf 91' lang='lat'>·</span> 
     </span>
     <span class='ocr_line' id='line_1_18' title="bbox 148 1832 1244 1921; baseline 0.001 -27"><span class='ocrx_word' id='word_1_139' title='bbox 148 1835 204 1916; x_wconf 85' lang='lat' dir='ltr'>pit.</span> <span class='ocrx_word' id='word_1_140' title='bbox 247 1856 284 1897; x_wconf 89' lang='lat' dir='ltr'>ex</span> <span class='ocrx_word' id='word_1_141' title='bbox 301 1836 479 1919; x_wconf 77' lang='lat' dir='ltr'>magisterio</span> <span class='ocrx_word' id='word_1_142' title='bbox 501 1836 620 1921; x_wconf 86' lang='lat' dir='ltr'>quippe</span> <span class='ocrx_word' id='word_1_143' title='bbox 639 1836 721 1919; x_wconf 85' lang='lat' dir='ltr'>mogi</span> <span class='ocrx_word' id='word_1_144' title='bbox 741 1832 901 1897; x_wconf 78' lang='lat' dir='ltr'>euinsdans</span> <span class='ocrx_word' id='word_1_145' title='bbox 923 1832 1089 1896; x_wconf 85' lang='lat' dir='ltr'>adductam</span> <span class='ocrx_word' id='word_1_146' title='bbox 1112 1834 1174 1895; x_wconf 81' lang='lat' dir='ltr'>siri</span> <span class='ocrx_word' id='word_1_147' title='bbox 1194 1834 1244 1895; x_wconf 87' lang='lat' dir='ltr'>ei-</span> 
     </span>
     <span class='ocr_line' id='line_1_19' title="bbox 149 1917 1243 2001; baseline 0.002 -24"><span class='ocrx_word' id='word_1_148' title='bbox 149 1920 251 1981; x_wconf 80' lang='lat' dir='ltr'>vitatis</span> <span class='ocrx_word' id='word_1_149' title='bbox 274 1918 354 1981; x_wconf 82' lang='lat' dir='ltr'>iltius</span> <span class='ocrx_word' id='word_1_150' title='bbox 386 1919 549 1983; x_wconf 85' lang='lat' dir='ltr'>mulierem</span> <span class='ocrx_word' id='word_1_151' title='bbox 575 1918 741 1981; x_wconf 85' lang='lat' dir='ltr'>incinctam</span> <span class='ocrx_word' id='word_1_152' title='bbox 762 1921 789 1996; x_wconf 79' lang='lat'>*)</span> <span class='ocrx_word' id='word_1_153' title='bbox 819 1919 882 1981; x_wconf 88' lang='lat' dir='ltr'>iam</span> <span class='ocrx_word' id='word_1_154' title='bbox 911 1918 1038 2001; x_wconf 87' lang='lat' dir='ltr'>iamque</span> <span class='ocrx_word' id='word_1_155' title='bbox 1065 1917 1243 1999; x_wconf 73' lang='lat' dir='ltr'>parituram</span> 
     </span>
     <span class='ocr_line' id='line_1_20' title="bbox 148 2000 1242 2086; baseline 0 -25"><span class='ocrx_word' id='word_1_156' title='bbox 148 2000 346 2081; x_wconf 82' lang='lat' dir='ltr'>inciderunt,</span> <span class='ocrx_word' id='word_1_157' title='bbox 377 2011 409 2065; x_wconf 90' lang='lat' dir='ltr'>et</span> <span class='ocrx_word' id='word_1_158' title='bbox 430 2010 585 2086; x_wconf 86' lang='lat' dir='ltr'>assumpto</span> <span class='ocrx_word' id='word_1_159' title='bbox 616 2004 750 2085; x_wconf 81' lang='lat' dir='ltr'>parvulo</span> <span class='ocrx_word' id='word_1_160' title='bbox 774 2002 805 2063; x_wconf 92' lang='lat' dir='ltr'>in</span> <span class='ocrx_word' id='word_1_161' title='bbox 833 2001 949 2064; x_wconf 82' lang='lat' dir='ltr'>cacabo</span> <span class='ocrx_word' id='word_1_162' title='bbox 972 2002 1055 2064; x_wconf 89' lang='lat' dir='ltr'>hune</span> <span class='ocrx_word' id='word_1_163' title='bbox 1075 2010 1242 2078; x_wconf 80' lang='lat' dir='ltr'>esserunt,</span> 
     </span>
     <span class='ocr_line' id='line_1_21' title="bbox 148 2084 1242 2169; baseline 0.002 -24"><span class='ocrx_word' id='word_1_164' title='bbox 148 2106 165 2145; x_wconf 91' lang='lat' dir='ltr'>a</span> <span class='ocrx_word' id='word_1_165' title='bbox 203 2106 243 2147; x_wconf 91' lang='lat' dir='ltr'>ue</span> <span class='ocrx_word' id='word_1_166' title='bbox 270 2086 302 2147; x_wconf 90' lang='lat' dir='ltr'>in</span> <span class='ocrx_word' id='word_1_167' title='bbox 333 2084 511 2149; x_wconf 89' lang='lat' dir='ltr'>huiusmodi</span> <span class='ocrx_word' id='word_1_168' title='bbox 539 2084 598 2149; x_wconf 90' lang='lat' dir='ltr'>deo</span> <span class='ocrx_word' id='word_1_169' title='bbox 632 2084 813 2149; x_wconf 80' lang='lat' dir='ltr'>detestabile</span> <span class='ocrx_word' id='word_1_170' title='bbox 837 2085 1024 2147; x_wconf 80' lang='lat' dir='ltr'>sacrificium</span> <span class='ocrx_word' id='word_1_171' title='bbox 1046 2106 1165 2164; x_wconf 79' lang='lat' dir='ltr'>ornnes,</span> <span class='ocrx_word' id='word_1_172' title='bbox 1186 2086 1242 2169; x_wconf 91' lang='lat' dir='ltr'>qui</span> 
     </span>
     <span class='ocr_line' id='line_1_22' title="bbox 146 2168 1240 2253; baseline 0 -24"><span class='ocrx_word' id='word_1_173' title='bbox 146 2168 168 2229; x_wconf 97' lang='lat' dir='ltr'>b</span> <span class='ocrx_word' id='word_1_174' title='bbox 210 2190 265 2231; x_wconf 80' lang='lat' dir='ltr'>sse</span> <span class='ocrx_word' id='word_1_175' title='bbox 284 2168 441 2247; x_wconf 83' lang='lat' dir='ltr'>volebant,</span> <span class='ocrx_word' id='word_1_176' title='bbox 465 2168 610 2233; x_wconf 80' lang='lat' dir='ltr'>dexterae</span> <span class='ocrx_word' id='word_1_177' title='bbox 627 2190 734 2231; x_wconf 89' lang='lat' dir='ltr'>manus</span> <span class='ocrx_word' id='word_1_178' title='bbox 754 2189 828 2233; x_wconf 83' lang='lat' dir='ltr'>suae</span> <span class='ocrx_word' id='word_1_179' title='bbox 855 2169 990 2232; x_wconf 75' lang='lat' dir='ltr'>muniens</span> <span class='ocrx_word' id='word_1_180' title='bbox 1018 2168 1240 2253; x_wconf 64' lang='lat' dir='ltr'>intingebant}</span> 
     </span>
     <span class='ocr_line' id='line_1_23' title="bbox 148 2251 706 2317; baseline 0.002 -4"><span class='ocrx_word' id='word_1_181' title='bbox 148 2259 181 2313; x_wconf 87' lang='lat' dir='ltr'>et</span> <span class='ocrx_word' id='word_1_182' title='bbox 204 2251 323 2316; x_wconf 89' lang='lat' dir='ltr'>ideirco</span> <span class='ocrx_word' id='word_1_183' title='bbox 344 2252 474 2315; x_wconf 87' lang='lat' dir='ltr'>inimicis</span> <span class='ocrx_word' id='word_1_184' title='bbox 496 2262 568 2315; x_wconf 90' lang='lat' dir='ltr'>sunt</span> <span class='ocrx_word' id='word_1_185' title='bbox 588 2252 706 2317; x_wconf 84' lang='lat' dir='ltr'>traditi.</span> 
     </span>
    </p>
   </div>
   <div class='ocr_carea' id='block_1_3' title="bbox 144 2364 1337 3437">
    <p class='ocr_par' dir='ltr' id='par_1_3' title="bbox 144 2364 1337 3437">
     <span class='ocr_line' id='line_1_24' title="bbox 233 2364 1337 2447; baseline -0.001 -16"><span class='ocrx_word' id='word_1_186' title='bbox 233 2370 341 2431; x_wconf 82' lang='lat' dir='ltr'>Mundi</span> <span class='ocrx_word' id='word_1_187' title='bbox 363 2366 559 2447; x_wconf 68' lang='lat' dir='ltr'>annontui),</span> <span class='ocrx_word' id='word_1_188' title='bbox 583 2368 706 2432; x_wconf 82' lang='lat' dir='ltr'>divinae</span> <span class='ocrx_word' id='word_1_189' title='bbox 726 2370 951 2433; x_wconf 82' lang='lat' dir='ltr'>incarnationis</span> <span class='ocrx_word' id='word_1_190' title='bbox 971 2392 1053 2432; x_wconf 90' lang='lat' dir='ltr'>anno</span> <span class='ocrx_word' id='word_1_191' title='bbox 1075 2366 1147 2445; x_wconf 85' lang='lat'>709,</span> <span class='ocrx_word' id='word_1_192' title='bbox 1173 2364 1337 2439; x_wconf 73' lang='lat' dir='ltr'>Leon-6⁰⁰</span> 
     </span>
     <span class='ocr_line' id='line_1_25' title="bbox 148 2451 1237 2538; baseline 0 -25"><span class='ocrx_word' id='word_1_193' title='bbox 148 2451 323 2534; x_wconf 85' lang='lat' dir='ltr'>imperator</span> <span class='ocrx_word' id='word_1_194' title='bbox 343 2455 559 2517; x_wconf 86' lang='lat' dir='ltr'>Romanorum</span> <span class='ocrx_word' id='word_1_195' title='bbox 581 2453 787 2538; x_wconf 85' lang='lat' dir='ltr'>provehitur,</span> <span class='ocrx_word' id='word_1_196' title='bbox 811 2453 866 2537; x_wconf 90' lang='lat' dir='ltr'>qui</span> <span class='ocrx_word' id='word_1_197' title='bbox 887 2453 928 2515; x_wconf 76' lang='lat'>24</span> <span class='ocrx_word' id='word_1_198' title='bbox 952 2453 1237 2535; x_wconf 88' lang='lat' dir='ltr'>imperavitannis.</span> 
     </span>
     <span class='ocr_line' id='line_1_26' title="bbox 146 2535 1240 2620; baseline -0.001 -23"><span class='ocrx_word' id='word_1_199' title='bbox 146 2537 325 2598; x_wconf 84' lang='lat' dir='ltr'>Suheiimnn</span> <span class='ocrx_word' id='word_1_200' title='bbox 358 2559 434 2600; x_wconf 89' lang='lat' dir='ltr'>vero</span> <span class='ocrx_word' id='word_1_201' title='bbox 464 2537 525 2600; x_wconf 82' lang='lat' dir='ltr'>dux</span> <span class='ocrx_word' id='word_1_202' title='bbox 546 2538 684 2600; x_wconf 82' lang='lat' dir='ltr'>Arabum</span> <span class='ocrx_word' id='word_1_203' title='bbox 714 2538 877 2617; x_wconf 86' lang='lat' dir='ltr'>noscitur,</span> <span class='ocrx_word' id='word_1_204' title='bbox 906 2537 961 2620; x_wconf 93' lang='lat' dir='ltr'>qui</span> <span class='ocrx_word' id='word_1_205' title='bbox 981 2537 1082 2599; x_wconf 86' lang='lat' dir='ltr'>trihus</span> <span class='ocrx_word' id='word_1_206' title='bbox 1102 2535 1240 2618; x_wconf 81' lang='lat' dir='ltr'>praefuit</span> 
     </span>
     <span class='ocr_line' id='line_1_27' title="bbox 147 2619 1239 2706; baseline -0.001 -26"><span class='ocrx_word' id='word_1_207' title='bbox 147 2620 247 2682; x_wconf 87' lang='lat' dir='ltr'>aunis.</span> <span class='ocrx_word' id='word_1_208' title='bbox 290 2619 352 2682; x_wconf 89' lang='lat' dir='ltr'>hoe</span> <span class='ocrx_word' id='word_1_209' title='bbox 382 2622 488 2706; x_wconf 89' lang='lat' dir='ltr'>itaque</span> <span class='ocrx_word' id='word_1_210' title='bbox 513 2643 595 2684; x_wconf 91' lang='lat' dir='ltr'>anno</span> <span class='ocrx_word' id='word_1_211' title='bbox 618 2623 683 2683; x_wconf 90' lang='lat' dir='ltr'>Leo</span> <span class='ocrx_word' id='word_1_212' title='bbox 710 2621 868 2704; x_wconf 89' lang='lat' dir='ltr'>imperare</span> <span class='ocrx_word' id='word_1_213' title='bbox 888 2619 994 2702; x_wconf 86' lang='lat' dir='ltr'>eoepit</span> <span class='ocrx_word' id='word_1_214' title='bbox 1015 2642 1050 2682; x_wconf 82' lang='lat' dir='ltr'>er</span> <span class='ocrx_word' id='word_1_215' title='bbox 1073 2621 1239 2682; x_wconf 86' lang='lat' dir='ltr'>Germani-</span> 
     </span>
     <span class='ocr_line' id='line_1_28' title="bbox 146 2703 1239 2790; baseline -0.005 -26"><span class='ocrx_word' id='word_1_216' title='bbox 146 2704 287 2766; x_wconf 88' lang='lat' dir='ltr'>eensibus</span> <span class='ocrx_word' id='word_1_217' title='bbox 318 2705 492 2786; x_wconf 77' lang='lat' dir='ltr'>derivatus,</span> <span class='ocrx_word' id='word_1_218' title='bbox 521 2726 634 2789; x_wconf 80' lang='lat' dir='ltr'>genere</span> <span class='ocrx_word' id='word_1_219' title='bbox 655 2705 771 2790; x_wconf 84' lang='lat' dir='ltr'>Syrus,</span> <span class='ocrx_word' id='word_1_220' title='bbox 793 2703 846 2788; x_wconf 93' lang='lat' dir='ltr'>qui</span> <span class='ocrx_word' id='word_1_221' title='bbox 871 2727 889 2765; x_wconf 90' lang='lat' dir='ltr'>a</span> <span class='ocrx_word' id='word_1_222' title='bbox 911 2703 1079 2765; x_wconf 79' lang='lat' dir='ltr'>Iustiniana</span> <span class='ocrx_word' id='word_1_223' title='bbox 1100 2704 1239 2784; x_wconf 87' lang='lat' dir='ltr'>impera.</span> 
     </span>
     <span class='ocr_line' id='line_1_29' title="bbox 147 2787 1238 2872; baseline -0.003 -25"><span class='ocrx_word' id='word_1_224' title='bbox 147 2797 227 2868; x_wconf 89' lang='lat' dir='ltr'>tore,</span> <span class='ocrx_word' id='word_1_225' title='bbox 245 2809 317 2849; x_wconf 85' lang='lat' dir='ltr'>eum</span> <span class='ocrx_word' id='word_1_226' title='bbox 338 2791 425 2870; x_wconf 91' lang='lat' dir='ltr'>prius</span> <span class='ocrx_word' id='word_1_227' title='bbox 459 2797 612 2872; x_wconf 80' lang='lat' dir='ltr'>regnaret,</span> <span class='ocrx_word' id='word_1_228' title='bbox 633 2790 822 2851; x_wconf 76' lang='lat' dir='ltr'>transfertur</span> <span class='ocrx_word' id='word_1_229' title='bbox 845 2787 875 2848; x_wconf 94' lang='lat' dir='ltr'>in</span> <span class='ocrx_word' id='word_1_230' title='bbox 897 2787 1113 2850; x_wconf 86' lang='lat' dir='ltr'>Mesembriam</span> <span class='ocrx_word' id='word_1_231' title='bbox 1134 2787 1238 2847; x_wconf 89' lang='lat' dir='ltr'>Thra.</span> 
     </span>
     <span class='ocr_line' id='line_1_30' title="bbox 145 2872 1239 2954; baseline 0.001 -24"><span class='ocrx_word' id='word_1_232' title='bbox 145 2892 209 2932; x_wconf 86' lang='lat' dir='ltr'>eae.</span> <span class='ocrx_word' id='word_1_233' title='bbox 252 2893 353 2954; x_wconf 91' lang='lat' dir='ltr'>porro</span> <span class='ocrx_word' id='word_1_234' title='bbox 369 2873 552 2954; x_wconf 85' lang='lat' dir='ltr'>posterioris</span> <span class='ocrx_word' id='word_1_235' title='bbox 571 2872 694 2954; x_wconf 88' lang='lat' dir='ltr'>imperii</span> <span class='ocrx_word' id='word_1_236' title='bbox 715 2873 762 2934; x_wconf 86' lang='lat' dir='ltr'>sui</span> <span class='ocrx_word' id='word_1_237' title='bbox 785 2880 927 2954; x_wconf 90' lang='lat' dir='ltr'>tempore</span> <span class='ocrx_word' id='word_1_238' title='bbox 941 2892 1012 2932; x_wconf 88' lang='lat' dir='ltr'>oum</span> <span class='ocrx_word' id='word_1_239' title='bbox 1032 2872 1155 2934; x_wconf 86' lang='lat' dir='ltr'>veniret</span> <span class='ocrx_word' id='word_1_240' title='bbox 1176 2893 1239 2932; x_wconf 86' lang='lat' dir='ltr'>nnn</span> 
     </span>
     <span class='ocr_line' id='line_1_31' title="bbox 147 2955 1238 3038; baseline 0 -24"><span class='ocrx_word' id='word_1_241' title='bbox 147 2975 218 3016; x_wconf 86' lang='lat' dir='ltr'>eum</span> <span class='ocrx_word' id='word_1_242' title='bbox 240 2955 439 3038; x_wconf 79' lang='lat' dir='ltr'>Vulgaribus,</span> <span class='ocrx_word' id='word_1_243' title='bbox 462 2957 570 3018; x_wconf 76' lang='lat' dir='ltr'>olisius</span> <span class='ocrx_word' id='word_1_244' title='bbox 593 2957 623 3018; x_wconf 86' lang='lat' dir='ltr'>ei</span> <span class='ocrx_word' id='word_1_245' title='bbox 643 2977 714 3017; x_wconf 87' lang='lat' dir='ltr'>cum</span> <span class='ocrx_word' id='word_1_246' title='bbox 735 2955 917 3018; x_wconf 89' lang='lat' dir='ltr'>muneribus</span> <span class='ocrx_word' id='word_1_247' title='bbox 938 2955 997 3015; x_wconf 84' lang='lat' dir='ltr'>fuit</span> <span class='ocrx_word' id='word_1_248' title='bbox 1016 2955 1121 3017; x_wconf 85' lang='lat' dir='ltr'>ovium</span> <span class='ocrx_word' id='word_1_249' title='bbox 1144 2955 1238 3038; x_wconf 88' lang='lat' dir='ltr'>quin-</span> 
     </span>
     <span class='ocr_line' id='line_1_32' title="bbox 145 3036 1237 3122; baseline 0 -24"><span class='ocrx_word' id='word_1_250' title='bbox 145 3047 320 3120; x_wconf 85' lang='lat' dir='ltr'>gentarum.</span> <span class='ocrx_word' id='word_1_251' title='bbox 370 3039 508 3121; x_wconf 85' lang='lat' dir='ltr'>placatus</span> <span class='ocrx_word' id='word_1_252' title='bbox 539 3049 642 3101; x_wconf 88' lang='lat' dir='ltr'>autem</span> <span class='ocrx_word' id='word_1_253' title='bbox 663 3039 846 3100; x_wconf 80' lang='lat' dir='ltr'>Iustinianus</span> <span class='ocrx_word' id='word_1_254' title='bbox 879 3036 1073 3120; x_wconf 83' lang='lat' dir='ltr'>spatharium</span> <span class='ocrx_word' id='word_1_255' title='bbox 1091 3039 1237 3122; x_wconf 86' lang='lat' dir='ltr'>protinus</span> 
     </span>
     <span class='ocr_line' id='line_1_33' title="bbox 144 3119 1236 3206; baseline 0.002 -26"><span class='ocrx_word' id='word_1_256' title='bbox 144 3119 232 3182; x_wconf 82' lang='lat' dir='ltr'>illurn</span> <span class='ocrx_word' id='word_1_257' title='bbox 253 3121 337 3198; x_wconf 78' lang='lat' dir='ltr'>fecit,</span> <span class='ocrx_word' id='word_1_258' title='bbox 358 3132 389 3184; x_wconf 89' lang='lat' dir='ltr'>et</span> <span class='ocrx_word' id='word_1_259' title='bbox 409 3122 519 3184; x_wconf 82' lang='lat' dir='ltr'>hahuit</span> <span class='ocrx_word' id='word_1_260' title='bbox 538 3121 623 3183; x_wconf 88' lang='lat' dir='ltr'>hune</span> <span class='ocrx_word' id='word_1_261' title='bbox 641 3122 730 3184; x_wconf 88' lang='lat' dir='ltr'>sicuti</span> <span class='ocrx_word' id='word_1_262' title='bbox 754 3143 935 3206; x_wconf 82' lang='lat' dir='ltr'>gennanum</span> <span class='ocrx_word' id='word_1_263' title='bbox 956 3122 1100 3183; x_wconf 87' lang='lat' dir='ltr'>amioum.</span> <span class='ocrx_word' id='word_1_264' title='bbox 1144 3143 1236 3204; x_wconf 86' lang='lat' dir='ltr'>prae·</span> 
     </span>
     <span class='ocr_line' id='line_1_34' title="bbox 146 3204 1234 3292; baseline -0.003 -26"><span class='ocrx_word' id='word_1_265' title='bbox 146 3212 232 3266; x_wconf 83' lang='lat' dir='ltr'>teres</span> <span class='ocrx_word' id='word_1_266' title='bbox 255 3204 370 3268; x_wconf 87' lang='lat' dir='ltr'>invidia</span> <span class='ocrx_word' id='word_1_267' title='bbox 394 3207 481 3268; x_wconf 88' lang='lat' dir='ltr'>ducti</span> <span class='ocrx_word' id='word_1_268' title='bbox 497 3206 624 3292; x_wconf 88' lang='lat' dir='ltr'>qnidam</span> <span class='ocrx_word' id='word_1_269' title='bbox 640 3206 839 3269; x_wconf 82' lang='lat' dir='ltr'>detraxerunt</span> <span class='ocrx_word' id='word_1_270' title='bbox 853 3205 881 3268; x_wconf 89' lang='lat' dir='ltr'>ei</span> <span class='ocrx_word' id='word_1_271' title='bbox 901 3213 1049 3288; x_wconf 87' lang='lat' dir='ltr'>tanquam</span> <span class='ocrx_word' id='word_1_272' title='bbox 1069 3205 1234 3287; x_wconf 87' lang='lat' dir='ltr'>imperium</span> 
     </span>
     <span class='ocr_line' id='line_1_35' title="bbox 145 3288 1233 3374; baseline -0.002 -27"><span class='ocrx_word' id='word_1_273' title='bbox 145 3289 317 3370; x_wconf 86' lang='lat' dir='ltr'>appetenti.</span> <span class='ocrx_word' id='word_1_274' title='bbox 358 3311 430 3351; x_wconf 90' lang='lat' dir='ltr'>cum</span> <span class='ocrx_word' id='word_1_275' title='bbox 451 3311 527 3353; x_wconf 87' lang='lat' dir='ltr'>vern</span> <span class='ocrx_word' id='word_1_276' title='bbox 551 3312 645 3373; x_wconf 89' lang='lat' dir='ltr'>super</span> <span class='ocrx_word' id='word_1_277' title='bbox 663 3289 725 3351; x_wconf 90' lang='lat' dir='ltr'>hoo</span> <span class='ocrx_word' id='word_1_278' title='bbox 754 3288 894 3374; x_wconf 87' lang='lat' dir='ltr'>quaestio</span> <span class='ocrx_word' id='word_1_279' title='bbox 916 3289 1018 3367; x_wconf 85' lang='lat' dir='ltr'>fieret,</span> <span class='ocrx_word' id='word_1_280' title='bbox 1041 3290 1135 3350; x_wconf 85' lang='lat' dir='ltr'>vetuti</span> <span class='ocrx_word' id='word_1_281' title='bbox 1159 3288 1233 3347; x_wconf 90' lang='lat' dir='ltr'>insi.</span> 
     </span>
     <span class='ocr_line' id='line_1_36' title="bbox 144 3370 1235 3437; baseline 0.002 -5"><span class='ocrx_word' id='word_1_282' title='bbox 144 3374 314 3435; x_wconf 80' lang='lat' dir='ltr'>mutatores</span> <span class='ocrx_word' id='word_1_283' title='bbox 336 3373 456 3436; x_wconf 83' lang='lat' dir='ltr'>confusi</span> <span class='ocrx_word' id='word_1_284' title='bbox 473 3381 553 3437; x_wconf 87' lang='lat' dir='ltr'>sunt.</span> <span class='ocrx_word' id='word_1_285' title='bbox 575 3395 646 3434; x_wconf 89' lang='lat' dir='ltr'>sane</span> <span class='ocrx_word' id='word_1_286' title='bbox 662 3371 873 3435; x_wconf 88' lang='lat' dir='ltr'>huiuscemodi</span> <span class='ocrx_word' id='word_1_287' title='bbox 895 3393 997 3434; x_wconf 85' lang='lat' dir='ltr'>sermo</span> <span class='ocrx_word' id='word_1_288' title='bbox 1018 3393 1053 3434; x_wconf 82' lang='lat' dir='ltr'>ex</span> <span class='ocrx_word' id='word_1_289' title='bbox 1076 3382 1151 3434; x_wconf 85' lang='lat' dir='ltr'>tune</span> <span class='ocrx_word' id='word_1_290' title='bbox 1173 3370 1235 3434; x_wconf 88' lang='lat' dir='ltr'>dici</span> 
     </span>
    </p>
   </div>
   <div class='ocr_carea' id='block_1_4' title="bbox 142 3455 1334 3958">
    <p class='ocr_par' dir='ltr' id='par_1_4' title="bbox 142 3455 1334 3958">
     <span class='ocr_line' id='line_1_37' title="bbox 144 3455 1334 3540; baseline 0.001 -25"><span class='ocrx_word' id='word_1_291' title='bbox 144 3457 250 3540; x_wconf 87' lang='lat' dir='ltr'>coepit</span> <span class='ocrx_word' id='word_1_292' title='bbox 282 3479 300 3517; x_wconf 93' lang='lat' dir='ltr'>a</span> <span class='ocrx_word' id='word_1_293' title='bbox 329 3457 441 3520; x_wconf 90' lang='lat' dir='ltr'>multis.</span> <span class='ocrx_word' id='word_1_294' title='bbox 492 3457 679 3518; x_wconf 85' lang='lat' dir='ltr'>iustinianus</span> <span class='ocrx_word' id='word_1_295' title='bbox 710 3477 746 3517; x_wconf 89' lang='lat' dir='ltr'>er</span> <span class='ocrx_word' id='word_1_296' title='bbox 767 3479 787 3518; x_wconf 93' lang='lat' dir='ltr'>n</span> <span class='ocrx_word' id='word_1_297' title='bbox 817 3457 891 3517; x_wconf 89' lang='lat' dir='ltr'>licet</span> <span class='ocrx_word' id='word_1_298' title='bbox 923 3456 1083 3518; x_wconf 79' lang='lat' dir='ltr'>manifeste</span> <span class='ocrx_word' id='word_1_299' title='bbox 1112 3455 1235 3518; x_wconf 85' lang='lat' dir='ltr'>laedere</span> <span class='ocrx_word' id='word_1_300' title='bbox 1328 3455 1334 3460; x_wconf 78' lang='grc'>’</span> 
     </span>
     <span class='ocr_line' id='line_1_38' title="bbox 142 3477 1234 3624; baseline -0.002 -25"><span class='ocrx_word' id='word_1_301' title='bbox 142 3537 229 3601; x_wconf 90' lang='lat' dir='ltr'>hune</span> <span class='ocrx_word' id='word_1_302' title='bbox 249 3540 406 3618; x_wconf 81' lang='lat' dir='ltr'>noluisset,</span> <span class='ocrx_word' id='word_1_303' title='bbox 430 3539 566 3602; x_wconf 87' lang='lat' dir='ltr'>taedium</span> <span class='ocrx_word' id='word_1_304' title='bbox 586 3539 711 3624; x_wconf 88' lang='lat' dir='ltr'>quidem</span> <span class='ocrx_word' id='word_1_305' title='bbox 723 3477 784 3601; x_wconf 79' lang='lat' dir='ltr'>sibi</span> <span class='ocrx_word' id='word_1_306' title='bbox 805 3549 917 3601; x_wconf 88' lang='lat' dir='ltr'>eontra</span> <span class='ocrx_word' id='word_1_307' title='bbox 941 3561 1012 3600; x_wconf 87' lang='lat' dir='ltr'>eum</span> <span class='ocrx_word' id='word_1_308' title='bbox 1035 3540 1183 3614; x_wconf 83' lang='lat' dir='ltr'>ipiioitnr,</span> <span class='ocrx_word' id='word_1_309' title='bbox 1202 3547 1234 3598; x_wconf 91' lang='lat' dir='ltr'>et</span> 
     </span>
     <span class='ocr_line' id='line_1_39' title="bbox 143 3621 1232 3706; baseline -0.002 -24"><span class='ocrx_word' id='word_1_310' title='bbox 143 3621 240 3685; x_wconf 85' lang='lat' dir='ltr'>mittit</span> <span class='ocrx_word' id='word_1_311' title='bbox 263 3623 384 3685; x_wconf 85' lang='lat' dir='ltr'>eumin</span> <span class='ocrx_word' id='word_1_312' title='bbox 407 3625 546 3684; x_wconf 83' lang='lat' dir='ltr'>Aianiam</span> <span class='ocrx_word' id='word_1_313' title='bbox 573 3645 646 3684; x_wconf 86' lang='lat' dir='ltr'>cum</span> <span class='ocrx_word' id='word_1_314' title='bbox 666 3621 806 3706; x_wconf 91' lang='lat' dir='ltr'>pecuniis</span> <span class='ocrx_word' id='word_1_315' title='bbox 835 3622 874 3685; x_wconf 88' lang='lat' dir='ltr'>ad</span> <span class='ocrx_word' id='word_1_316' title='bbox 898 3622 1138 3686; x_wconf 76' lang='lat' dir='ltr'>commovbndos</span> <span class='ocrx_word' id='word_1_317' title='bbox 1160 3621 1232 3682; x_wconf 85' lang='lat' dir='ltr'>Aia·</span> 
     </span>
     <span class='ocr_line' id='line_1_40' title="bbox 146 3705 1232 3787; baseline 0 -23"><span class='ocrx_word' id='word_1_318' title='bbox 146 3725 200 3766; x_wconf 88' lang='lat' dir='ltr'>nos</span> <span class='ocrx_word' id='word_1_319' title='bbox 221 3705 366 3768; x_wconf 82' lang='lat' dir='ltr'>adversus</span> <span class='ocrx_word' id='word_1_320' title='bbox 388 3707 559 3786; x_wconf 72' lang='lat' dir='ltr'>abasgiam,</span> <span class='ocrx_word' id='word_1_321' title='bbox 580 3707 740 3768; x_wconf 78' lang='lat' dir='ltr'>Saracenis</span> <span class='ocrx_word' id='word_1_322' title='bbox 764 3706 967 3768; x_wconf 82' lang='lat' dir='ltr'>retinentibus</span> <span class='ocrx_word' id='word_1_323' title='bbox 991 3715 1055 3766; x_wconf 83' lang='lat' dir='ltr'>inm</span> <span class='ocrx_word' id='word_1_324' title='bbox 1073 3705 1232 3787; x_wconf 83' lang='lat' dir='ltr'>Abasgiaru</span> 
     </span>
     <span class='ocr_line' id='line_1_41' title="bbox 146 3790 1233 3872; baseline 0 -24"><span class='ocrx_word' id='word_1_325' title='bbox 146 3808 238 3870; x_wconf 86' lang='lat' dir='ltr'>quarn</span> <span class='ocrx_word' id='word_1_326' title='bbox 258 3791 387 3852; x_wconf 83' lang='lat' dir='ltr'>Lasieen</span> <span class='ocrx_word' id='word_1_327' title='bbox 410 3791 626 3854; x_wconf 85' lang='lat' dir='ltr'>etHiheriam.</span> <span class='ocrx_word' id='word_1_328' title='bbox 649 3801 681 3851; x_wconf 89' lang='lat' dir='ltr'>at</span> <span class='ocrx_word' id='word_1_329' title='bbox 704 3791 839 3852; x_wconf 70' lang='lat' dir='ltr'>itteram</span> <span class='ocrx_word' id='word_1_330' title='bbox 858 3800 1006 3872; x_wconf 85' lang='lat' dir='ltr'>pergeret</span> <span class='ocrx_word' id='word_1_331' title='bbox 1028 3790 1058 3850; x_wconf 93' lang='lat' dir='ltr'>in</span> <span class='ocrx_word' id='word_1_332' title='bbox 1080 3791 1233 3864; x_wconf 74' lang='lat' dir='ltr'>Larisam,</span> 
     </span>
     <span class='ocr_line' id='line_1_42' title="bbox 145 3870 1230 3958; baseline 0 -23"><span class='ocrx_word' id='word_1_333' title='bbox 145 3872 289 3953; x_wconf 79' lang='lat' dir='ltr'>pecunias</span> <span class='ocrx_word' id='word_1_334' title='bbox 312 3873 438 3958; x_wconf 84' lang='lat' dir='ltr'>quidem</span> <span class='ocrx_word' id='word_1_335' title='bbox 465 3875 605 3958; x_wconf 87' lang='lat' dir='ltr'>reposuit</span> <span class='ocrx_word' id='word_1_336' title='bbox 636 3873 720 3957; x_wconf 88' lang='lat' dir='ltr'>apud</span> <span class='ocrx_word' id='word_1_337' title='bbox 738 3870 918 3950; x_wconf 87' lang='lat' dir='ltr'>Phasidem,</span> <span class='ocrx_word' id='word_1_338' title='bbox 938 3871 1164 3957; x_wconf 85' lang='lat' dir='ltr'>perpaucisque</span> <span class='ocrx_word' id='word_1_339' title='bbox 1181 3893 1230 3935; x_wconf 83' lang='lat' dir='ltr'>as-</span> 
     </span>
    </p>
   </div>
   <div class='ocr_carea' id='block_1_5' title="bbox 179 4104 1231 4258">
    <p class='ocr_par' dir='ltr' id='par_1_5' title="bbox 179 4104 1231 4258">
     <span class='ocr_line' id='line_1_43' title="bbox 179 4104 1231 4179; baseline 0 -21"><span class='ocrx_word' id='word_1_340' title='bbox 179 4104 375 4176; x_wconf 65' lang='lat' dir='ltr'>‘Jineiustasnt</span> <span class='ocrx_word' id='word_1_341' title='bbox 401 4117 606 4176; x_wconf 82' lang='lat' dir='ltr'>praegnantem,</span> <span class='ocrx_word' id='word_1_342' title='bbox 627 4107 743 4176; x_wconf 81' lang='lat' dir='ltr'>plenam,</span> <span class='ocrx_word' id='word_1_343' title='bbox 770 4108 905 4179; x_wconf 72' lang='lat' dir='ltr'>cursitare.</span> <span class='ocrx_word' id='word_1_344' title='bbox 940 4105 1034 4157; x_wconf 80' lang='lat' dir='ltr'>Festus</span> <span class='ocrx_word' id='word_1_345' title='bbox 1050 4105 1231 4178; x_wconf 77' lang='lat' dir='ltr'>propinquans</span> 
     </span>
     <span class='ocr_line' id='line_1_44' title="bbox 212 4175 1098 4258; baseline 0.001 -30"><span class='ocrx_word' id='word_1_346' title='bbox 212 4177 303 4248; x_wconf 75' lang='lat' dir='ltr'>pertui</span> <span class='ocrx_word' id='word_1_347' title='bbox 321 4179 461 4234; x_wconf 83' lang='lat' dir='ltr'>mutierem</span> <span class='ocrx_word' id='word_1_348' title='bbox 480 4179 626 4234; x_wconf 82' lang='lat' dir='ltr'>incienteur</span> <span class='ocrx_word' id='word_1_349' title='bbox 646 4180 735 4234; x_wconf 78' lang='lat' dir='ltr'>vocari</span> <span class='ocrx_word' id='word_1_350' title='bbox 752 4179 800 4243; x_wconf 84' lang='lat' dir='ltr'>sit,</span> <span class='ocrx_word' id='word_1_351' title='bbox 820 4181 850 4232; x_wconf 90' lang='lat' dir='ltr'>in</span> <span class='ocrx_word' id='word_1_352' title='bbox 866 4175 984 4248; x_wconf 77' lang='lat' dir='ltr'>gravida.</span> <span class='ocrx_word' id='word_1_353' title='bbox 1019 4175 1098 4258; x_wconf 69' lang='lat' dir='ltr'>Fusa.</span> 
     </span>
    </p>
   </div>
   <div class='ocr_carea' id='block_1_6' title="bbox 0 0 1530 4900">
    <p class='ocr_par' dir='ltr' id='par_1_6' title="bbox 0 0 1530 4900">
     <span class='ocr_line' id='line_1_45' title="bbox 0 0 1530 4900; baseline 0 3"><span class='ocrx_word' id='word_1_354' title='bbox 0 0 1530 4900; x_wconf 95' lang='lat' dir='ltr'> </span> 
     </span>
    </p>
   </div>
  </div>
 </body>
</html>
