3050 4900
531 291 581 356 EX
608 287 866 356 remoratus.
1171 285 1241 356 105

162 473 192 525 ct
214 463 311 524 lactus
334 470 380 526 est
401 484 463 546 pro
483 461 554 544 ipso
577 461 770 547 Euthychius
792 461 1013 545 apocrisiarius
1043 461 1181 524 Amasiae
1203 483 1241 523 ac

161 547 322 607 monachus
342 547 525 609 monasterii
545 544 631 630 quod
651 555 697 610 est
719 567 812 628 penes
826 546 985 623 Amasiam,
1004 568 1041 606 ac
1062 546 1237 630 presbyter.

159 629 261 692 cadem
280 632 473 692 saneMenae
486 630 602 691 funeris
622 628 693 706 die,
716 651 788 691 cum
800 630 904 691 adhuc
923 631 1039 692 iaceret
1060 631 1091 689 in
1112 630 1238 708 sacello,
1248 653 1275 708 p.
1290 635 1344 691 354

159 733 257 776 mense
275 717 414 796 Angusto
435 721 568 797 tropaea
586 719 740 776 venerunt
760 715 899 776 elloma
921 715 1025 776 Narsis
1054 713 1238 774 cubicularii

159 805 189 858 et
208 796 331 858 exarchi
345 799 569 859 Romanorum.
601 797 689 858 inito
710 797 828 880 quippe
848 797 931 875 hello
945 818 1018 859 cnm
1040 797 1145 858 Totila
1165 817 1240 878 rege

158 878 332 942 Gothorum
351 881 563 962 potentissime
579 879 755 964 superavit,
779 889 811 942 et
831 880 916 962 cepit
935 882 1079 958 Romam,
1101 891 1133 942 et
1152 881 1240 942 occi·
1348 934 1351 948 ,

158 960 201 1022 dit
219 962 369 1041 Tatium,
392 971 424 1026 et
443 962 623 1027 vestimenta
645 964 708 1026 eius
728 971 891 1026 cruentata
910 985 980 1027 curn
994 963 1176 1026 camilaueio
1196 964 1240 1024 ls-

157 1045 275 1127 pidibus
305 1046 448 1130 pretiosis
481 1055 595 1109 ornato
626 1047 711 1108 misit
728 1047 1050 1131 Constantinopolim,
1072 1059 1105 1112 et
1127 1049 1240 1110 iactata

157 1139 224 1192 sunt
244 1129 285 1192 ad
302 1130 396 1214 pedes
416 1131 616 1214 imperatoris
639 1151 747 1194 coram
768 1139 888 1193 senatu.

231 1240 325 1299 Anno
350 1239 473 1322 imperii
492 1237 650 1302 lastiniani
676 1236 823 1300 vicesimo
850 1247 936 1301 sexto
964 1240 1045 1301 facta
1069 1246 1115 1301 est
1134 1249 1239 1301 sancta

154 1327 183 1379 et
203 1321 383 1384 uniuersalis
415 1324 525 1407 quinta
552 1321 687 1406 synodus
710 1331 822 1384 contm
843 1319 1012 1405 Origenem
1040 1335 1186 1384 vesarmm
1207 1331 1239 1384 et

153 1401 318 1486 Didymnm
338 1426 465 1468 caecum
495 1416 527 1468 et
545 1405 717 1490 Euagrium
747 1416 843 1503 atque
864 1405 985 1488 gentilis
1005 1425 1107 1466 sensus
1128 1427 1238 1467 eorum

155 1485 399 1567 deliramentum,
421 1497 455 1552 et
475 1511 582 1552 rursus
597 1500 709 1552 eontra
725 1509 758 1550 ca
784 1487 869 1551 rtula.
913 1488 1042 1572 vigilius
1056 1497 1158 1550 autem
1170 1491 1238 1550 Ro-

152 1591 251 1632 manus
285 1573 542 1636 convenientibus
568 1577 631 1635 non
660 1592 733 1636 cous
775 1573 810 1633 it.
854 1571 993 1634 dimissus
1014 1581 1118 1633 autem
1134 1573 1237 1635 multis

153 1655 236 1717 motis
261 1655 303 1718 ab
325 1655 524 1739 imperatore,
546 1655 578 1718 in
599 1657 725 1742 Illyrico
746 1656 884 1718 moritur
902 1654 1022 1718 rediens
1041 1657 1181 1718 Romam.

225 1779 385 1844 Vicesimo
406 1783 538 1864 septimo
560 1781 683 1866 imperii
703 1781 864 1846 Iustiniani
883 1804 965 1844 anno
982 1782 1081 1844 sactus
1098 1792 1144 1845 cst
1165 1791 1233 1845 ter.

151 1881 199 1924 rae
218 1874 326 1926 motus
348 1865 496 1928 terribilis
518 1867 789 1949 Constantinopoli
809 1874 841 1929 et
860 1866 1121 1950 circumquaque
1143 1865 1233 1928 urbi.

149 1943 208 2024 bus,
232 1947 294 2032 qui
324 1949 426 2011 tenuit
450 1949 558 2012 diebus
579 1947 640 2028 40,
663 1961 696 2013 et
713 1949 864 2033 paulatim
890 1948 1031 2014 homines
1051 1949 1232 2032 compuncti
1241 1976 1268 2030 p.
1280 1960 1370 2018 3553

147 2038 229 2106 suut,
268 2031 412 2094 letaniam
443 2040 565 2116 agentes
592 2043 625 2096 et
654 2036 701 2096 ire
725 2043 887 2096 uentantes
913 2041 946 2094 at
969 2055 1009 2097 ue
1034 2033 1066 2094 in
1100 2033 1233 2098 ecclesiis

147 2126 372 2178 commanentes
392 2120 428 2193 *).
453 2138 585 2200 cumque
600 2057 761 2180 multaiei
778 2055 992 2180 misericordia
1012 2117 1094 2180 iacta
1114 2118 1230 2190 fuisset,

147 2193 283 2260 homines
313 2195 352 2260 ad
374 2199 484 2282 peiora
511 2200 617 2284 dilapsi
648 2210 729 2263 sunt
771 2201 808 2262 fit
829 2208 934 2262 autem
955 2200 1107 2262 memoria
1127 2209 1232 2266 terrae

146 2290 243 2422 pro-tus
265 2281 358 2345 huius
379 2284 592 2368 persingulas
614 2304 712 2346 annos
739 2284 773 2345 in
790 2283 923 2367 Campo,
944 2283 1090 2347 letaniam
1108 2286 1230 2368 populo

158 2375 282 2429 ruente.

222 2472 338 2537 Mundi
359 2495 439 2536 anno
461 2470 553 2551 6047,
578 2472 701 2537 divinae
734 2474 956 2536 incarnationis
977 2496 1061 2537 anno
1084 2468 1156 2553 547,
1180 2475 1230 2537 si·

146 2556 252 2618 cesima
277 2566 391 2620 octavo
412 2558 534 2643 imperii
556 2556 714 2619 Iustiniani
739 2577 821 2619 anno
846 2558 1016 2619 factasunt
1037 2558 1177 2619 tonitrua
1199 2570 1231 2622 et

146 2638 264 2723 fulgura
287 2640 458 2719 horrenda,
480 2651 512 2704 et
533 2651 641 2703 ventus
663 2642 785 2703 Africus
802 2640 961 2720 terribilis,
983 2641 1026 2702 ita
1046 2648 1083 2703 ut
1102 2640 1229 2705 caderet

145 2742 226 2802 crux,
247 2746 331 2809 quae
351 2727 453 2787 stabat
469 2726 551 2787 intra
571 2736 699 2809 portam
719 2724 833 2789 Rhesii.

221 2832 380 2896 Vicesimo
403 2854 487 2895 nono
509 2832 633 2918 imperii
653 2833 813 2897 Iustiniani
844 2854 926 2895 anno
946 2831 1129 2896 seditionem
1151 2855 1229 2895 cou-

144 2912 319 2978 citaverunt
340 2914 442 2979 ludaei
463 2924 496 2979 et
508 2918 678 2980 Samaritae
693 2918 859 2980 Caesareae
879 2918 1079 2995 Palaestinae,
1103 2925 1135 2979 et
1154 2918 1325 2997 lacunato

145 2998 226 3079 quasi
249 2998 282 3060 iu
306 2999 417 3062 ordine
436 3000 753 3063 Prasinovenetorum
784 3000 950 3063 irruerunt
977 3002 1009 3063 in
1036 3000 1228 3062 Christianos
1289 3062 1297 3076 ,

142 3078 277 3145 ciusdem
299 3082 452 3161 civitatis,
481 3093 513 3145 et
535 3085 647 3145 multos
668 3084 902 3163 interfecerunt,
927 3092 960 3146 et
979 3083 1118 3146 ecclesias
1138 3104 1228 3144 com.

142 3163 316 3242 husserunt,
335 3166 592 3251 stephanumque
608 3169 802 3250 praefectum
814 3167 908 3249 ipsius
918 3168 1005 3229 urbis
1018 3168 1050 3227 in
1063 3167 1227 3249 praetorio

142 3258 355 3328 peremerunt,
373 3260 405 3312 et
417 3251 619 3312 substantiam
632 3251 695 3314 eius
708 3250 939 3332 surripuerunt.
962 3270 1042 3311 uxor
1054 3269 1131 3311 vero
1146 3249 1226 3312 illins

140 3333 306 3396 ascendens
328 3332 367 3393 ad
387 3333 498 3395 urbem
518 3334 596 3395 adiit
616 3335 860 3417 imperatorem,
884 3334 939 3416 qni
959 3333 1046 3396 iussit
1069 3331 1226 3396 Adaman-

139 3414 183 3475 tio
204 3418 355 3499 magistro
368 3417 501 3479 militum
518 3416 704 3481 descendere
717 3418 748 3479 in
759 3416 964 3479 Palaestinam
985 3427 1017 3480 et
1037 3417 1226 3478 occisionem

140 3501 304 3582 exquirere
323 3498 483 3583 Stephani.
533 3502 586 3585 qui
616 3502 740 3563 veniens
768 3522 879 3563 eorum
911 3521 989 3584 quos
1012 3500 1130 3584 reperit
1151 3498 1227 3561 alios

140 3584 316 3665 suspendit,
343 3582 418 3647 alios
438 3583 620 3662 decollavit,
644 3585 719 3647 alios
744 3605 819 3648 vero
839 3581 1011 3647 debilitavit
1030 3594 1062 3645 et
1082 3581 1225 3664 publica.

139 3666 195 3728 vit.
220 3676 286 3813 bet
314 3667 412 3729 factus
437 3678 483 3731 est
514 3670 610 3732 umor
645 3667 751 3752 ingens
784 3668 815 3729 in
848 3668 992 3731 omnihus
1012 3664 1225 3729 Orientalibus

139 3752 219 3831 parti
244 3771 290 3812 us.

217 3858 393 3923 Tricesimo
418 3860 542 3944 imperii
562 3859 724 3923 Iustiniani
750 3878 831 3922 anno
852 3858 992 3943 Pelagius
1011 3857 1354 3948 Romanorump,3576

173 4098 427 4171 ⁹)cnmasancntes]
455 4052 573 4153 Rullianus
592 4102 626 4153 'in
646 4100 818 4171 praefatione
845 4100 908 4152 libri
937 4098 1010 4153 2do
1028 4099 1090 4154 sitis
1108 4102 1228 4156 Petrum:

208 4178 378 4227 commanent
397 4180 487 4227 autem
508 4188 557 4245 per
573 4188 691 4227 eremum
712 4172 833 4244 dispersi.
869 4171 949 4225 Faus.
