3050 4900
271 343 321 416 ss
434 342 647 412 mamaea
676 345 872 413 aaronis
900 299 1210 415 summissum

271 501 386 572 cientes
406 499 492 564 iussit
512 499 643 564 auferri.
663 509 695 562 at
715 499 767 564 ille
787 500 931 583 pluribus
952 500 1138 564 ludaeorum
1155 501 1278 568 milibus
1290 511 1362 570 tru.

197 627 211 658 ,
272 585 380 647 cidatis
400 605 523 668 praeses
546 584 677 648 Iudaeae
697 592 870 668 propterca
897 584 1108 653 constituitur.

176 699 263 769 poss
353 692 466 754 Mundi
487 712 570 754 anno
591 689 688 770 5600,
709 691 832 756 divinae
860 692 1082 755 incarnationis
1103 715 1185 756 anno
1210 691 1281 772 100,
1301 693 1365 756 Ae..

270 777 329 840 lius
352 776 506 838 Adrianus
528 775 701 858 imperans,
734 774 900 853 Quadrato
928 777 1145 858 apostolorum
1172 776 1309 837 auditori
1331 786 1366 840 et

270 859 398 923 Aristidi
420 859 597 922 Atheniensi
618 857 807 941 philosopho
834 878 896 941 pro
918 859 1098 921 Christianis
1118 861 1177 922 sibi
1198 853 1381 922 scribenti.'

269 945 337 1022 bos,
360 963 480 1006 necnon
510 950 542 1004 et
566 942 717 1006 Serennio
739 941 909 1004 clarissimo
940 941 1011 1004 duci
1034 943 1184 1006 scribenti
1214 944 1364 1006 iniustum

270 1029 342 1090 iore
361 1026 425 1088 siue
446 1024 560 1088 iudicio
585 1025 775 1088 Christianos
795 1023 914 1102 occidi,
944 1026 1055 1089 scribit
1074 1027 1209 1089 Minutio
1231 1027 1364 1089 Funano

272 1106 454 1194 proconsuli
473 1111 560 1172 Asiae
580 1109 734 1172 neminem
756 1107 964 1172 occidendum
992 1130 1056 1173 nou
1081 1118 1219 1174 exstante
1238 1133 1365 1174 accusa-

271 1203 345 1258 tore
365 1203 398 1257 et
418 1193 560 1256 crimine.

171 1311 265 1380 1²·be
356 1301 466 1365 Mundi
487 1322 569 1363 auno
591 1297 683 1380 5621,
705 1297 827 1362 divinae
848 1299 1069 1363 incarnationis
1099 1323 1182 1365 anno
1206 1301 1278 1380 191,
1300 1301 1367 1364 Ha.

272 1384 398 1448 drianus
432 1385 515 1466 apud
537 1385 670 1447 Athenas
690 1393 858 1461 moratur,
880 1384 945 1446 illic
966 1384 1170 1447 bibliothecas
1193 1387 1366 1448 constituit.

272 1469 391 1532 ludaeis
418 1489 493 1532 vero
515 1468 644 1551 pessime
665 1475 751 1528 sorte
772 1466 889 1550 punitis
911 1467 1027 1530 bellum
1050 1468 1138 1552 quod
1159 1468 1304 1531 adsersus
1329 1470 1367 1530 it.

271 1551 317 1614 los
336 1553 514 1635 agitabatur
539 1553 633 1614 finem
659 1551 790 1627 babuit,
813 1550 933 1613 excidio
957 1551 1179 1636 Hierosolymis
1203 1553 1367 1616 nosbsime

272 1635 424 1713 desolatis,
445 1636 489 1698 ita
520 1643 555 1697 ut
575 1656 633 1698 nec
653 1634 731 1717 lapis
751 1655 847 1718 super
873 1633 1016 1716 lapidem,
1036 1637 1207 1697 secundum
1230 1635 1366 1698 divinum

115 1725 210 1796 noos
230 1725 400 1798 lironem,
429 1721 469 1781 sit
491 1719 522 1779 in
542 1739 578 1782 ea
601 1719 742 1781 relictus.
793 1717 956 1800 peridem
977 1726 1099 1800 tempus
1118 1720 1313 1781 Pbavorinus
1334 1730 1369 1780 et

271 1804 416 1866 Palaemo
440 1803 582 1864 rhetores
603 1801 751 1884 insigues,
783 1821 842 1862 nee
871 1823 936 1862 uon
956 1810 988 1862 et
1015 1801 1156 1864 Herodes
1177 1802 1369 1864 Atheniensis

273 1897 306 1950 et
325 1888 447 1947 Marcus
468 1885 631 1970 Byzantius
656 1885 798 1947 rhetores
812 1883 1021 1947 habebantur.
1042 1907 1144 1968 porro
1163 1896 1237 1968 post
1258 1887 1369 1966 loseph

272 1969 566 2052 Hierosolymorum
590 1967 678 2030 ludas
700 1967 869 2030 ordinatur
888 1968 1049 2050 episcopus
1060 2015 1070 2046 ,
1092 1969 1131 2030 ad
1151 1969 1238 2030 cuius
1258 1991 1368 2032 secun-

274 2052 349 2116 dum
371 2075 486 2114 annum
516 2051 766 2135 perduraveree
794 2051 1030 2113 circumcisione
1056 2054 1194 2135 episcopi
1218 2053 1269 2114 15.
1311 2053 1369 2114 sub

276 2157 340 2231 quo
359 2135 504 2198 videlicet
524 2135 700 2218 perfectum
725 2142 756 2198 et
785 2144 957 2196 extremum
977 2136 1095 2196 factum
1117 2144 1163 2197 cst
1185 2135 1317 2197 civitatis
1337 2145 1369 2198 et
1483 2156 1490 2170 ·

277 2219 412 2282 nationis
437 2219 624 2281 ludaeorum
646 2216 808 2280 excidium.
852 2239 928 2302 ergo
943 2219 1061 2300 primus
1078 2240 1115 2282 er
1128 2219 1270 2304 gentibus
1280 2221 1370 2280 Mar-

277 2325 331 2366 cus
352 2305 412 2366 fuit
426 2303 718 2388 Hierosolymorum
732 2302 895 2385 episcopus
917 2302 1003 2363 suuis
1025 2298 1056 2369 8.

174 2423 267 2499 psum
359 2409 470 2474 Mundi
488 2431 569 2473 auno
593 2407 695 2489 5630,
729 2409 852 2473 divinae
881 2409 1102 2474 iucarnationis
1131 2430 1214 2472 anno
1238 2406 1306 2488 130,
1329 2411 1368 2479 Τ.

274 2495 448 2558 Antoninus
471 2504 680 2579 cognomento
695 2494 771 2556 Pius
791 2516 864 2557 cum
884 2495 953 2556 liliis
975 2496 1120 2577 imperat.
1143 2494 1274 2556 lustinus
1295 2493 1371 2575 phi·

275 2578 421 2663 losopbus
443 2600 504 2660 pro
528 2580 606 2642 recti
627 2578 778 2641 sermonis
798 2580 898 2639 nostri
913 2579 1036 2640 ratione
1056 2576 1171 2639 librum
1191 2578 1370 2659 apologeti-

274 2682 345 2725 cum
358 2664 516 2725 Antonino
530 2662 686 2743 porrexit.
729 2681 788 2742 per
809 2669 952 2741 tempora
974 2660 1167 2743 saneHygini
1187 2670 1220 2722 et
1239 2660 1290 2722 Pii
1300 2664 1368 2722 Ro.

274 2766 441 2807 manorum
461 2745 682 2827 episcoporum
695 2764 793 2826 usque
814 2742 853 2803 ad
865 2744 1026 2804 Anicetum
1042 2742 1223 2805 Valentinus
1243 2751 1276 2805 et
1288 2746 1368 2805 Cer.

270 2830 317 2891 'do
341 2840 484 2891 auctores
502 2827 670 2891 Marcionis
702 2825 863 2888 haereseos
885 2826 969 2909 apud
993 2826 1104 2887 urbem
1126 2828 1259 2889 Romam
1277 2828 1369 2890 fuisse

276 2923 458 2975 noscuntur.
516 2909 665 2973 Arriam
706 2909 909 2992 philosophus
951 2908 1187 2973 Nicomediensis
1237 2920 1369 2993 praetor

177 3009 293 3081 pensa
317 2996 474 3073 noscitur,
498 3014 619 3059 necnon
642 3003 675 3056 et
696 2994 844 3055 Maximus
864 2994 994 3077 Tyrius,
1028 2992 1210 3075 Apollonius
1235 2995 1369 3071 Stoicus,

277 3018 524 3155 Chalcedonius,
544 3076 687 3140 Basilides
709 3077 993 3160 scythopolitanus.
1046 3077 1096 3139 isti
1117 3077 1210 3139 etiam
1230 3078 1369 3160 magistri

274 3163 435 3225 Verissimi
456 3154 593 3225 Caesaris
624 3162 805 3223 extiterunt.
861 3162 982 3222 Criscus
1002 3162 1130 3245 cynicus
1163 3160 1369 3243 philosophus

274 3246 392 3309 Iustino
414 3245 522 3308 divino
548 3242 738 3329 philosopho
769 3251 877 3305 nostro
898 3246 1046 3330 martyrii
1065 3254 1201 3307 mortem
1221 3254 1374 3307 construa

273 3330 328 3409 xit,
350 3328 536 3413 redargutus
559 3328 599 3391 ab
621 3349 660 3391 eo
685 3328 789 3389 canini
809 3330 959 3407 latratus.¹

358 3436 468 3499 Mundi
490 3456 572 3497 auno
594 3431 685 3513 5640,
706 3434 830 3500 divinae
849 3435 1073 3497 incarnationis
1098 3454 1180 3495 anno
1204 3430 1273 3511 140,
1294 3433 1369 3495 Pius

175 3520 432 3604 pdthomanns
449 3518 626 3582 habebatur
648 3518 831 3603 episcopus,
860 3522 917 3582 sub
941 3539 1006 3603 quo
1032 3518 1225 3603 Polycarpus
1250 3518 1369 3582 Romae

275 3604 390 3667 multos
413 3603 538 3667 reduxit
558 3604 597 3665 ab
619 3602 748 3669 haeresi.
1141 3644 1147 3654 .

359 3711 469 3777 Mundi
489 3732 572 3775 auno
590 3708 691 3790 5653,
715 3710 838 3775 divinae
866 3710 1088 3775 incarnationis
1108 3730 1191 3772 auno
1213 3706 1284 3787 153,
1302 3708 1370 3772 Ρο.

271 3794 423 3879 ⁴lyoarpus
433 3796 585 3881 Smyrnae
607 3816 695 3858 sacer
716 3796 878 3879 episcopos
898 3817 959 3878 pro
969 3796 1094 3857 Christo
1115 3794 1270 3877 martyrio
1289 3814 1369 3854 con.

278 3878 422 3958 sumitur,
443 3901 515 3941 cum
533 3876 726 3962 imperarent
749 3882 794 3942 M.
811 3882 954 3942 Aurelius
969 3879 1153 3956 Antoninus,
1176 3877 1230 3959 qui
1250 3883 1283 3939 et
1302 3876 1371 3937 Ve-

177 3978 341 4051 pffirus,
362 3964 539 4047 Luciusque
557 3962 698 4027 Aurelius
720 3971 752 4025 et
774 3962 972 4025 Commodus.
1023 3962 1114 4024 multi
1136 3980 1264 4045 quoque
1285 3958 1371 4049 apud

279 4046 390 4108 Gallias
412 4048 547 4131 legitime
575 4068 636 4131 pro
657 4046 783 4109 Christo
819 4055 1031 4121 removerunt,
1058 4066 1194 4128 quorum
1215 4043 1370 4125 passiones

279 4132 414 4210 scriptae
434 4130 550 4193 suntin
572 4132 722 4193 memoria
744 4138 954 4213 posterorum.
997 4129 1105 4191 Melite
1118 4126 1368 4189 Sardianensium

278 4212 394 4299 Lydiae
415 4214 575 4300 episcopus
587 4214 735 4299 pollebat,
757 4214 812 4299 qui
826 4214 941 4279 librum
953 4212 1182 4309 apologeticum
1201 4232 1262 4297 pro
1272 4208 1367 4274 Chri·
