3050 4900
497 377 635 442 NOTAE
661 373 950 442 postiemum.
1110 429 1114 446 ,
1174 367 1245 438 637

161 551 442 696 εἷεοῑαρίεεολεοᾶοτ
464 552 629 699 cprdinallps
649 553 869 699 Lothnlpingiee
884 553 971 700 cod.h
982 575 1000 614 a
1021 553 1249 698 {neapotprc-

162 657 481 802 biiisidabsnepsconliiilxn
496 658 1115 805 ιιλωὶπλιἰῖιῗεὲἰῗιῐτιλῖιιιλξεξῗιιοαίῗλῗισεξΐιξ
1136 657 1250 782 pdspp:

160 805 328 866 sectionem
346 803 514 884 impulerit
558 803 716 866 descivisse
738 806 818 886 ipsos
838 816 950 888 sponte
960 825 1024 887 sua,
1043 803 1149 866 audita
1167 805 1250 865 Leo·

161 889 208 948 uis
239 886 416 949 temeritate
442 887 474 948 in
508 886 624 950 Christi
656 889 828 970 praecipue
857 888 1020 972 imaginem
1045 886 1085 949 ad
1106 885 1250 950 Chalcem

158 978 302 1054 portam:
325 992 387 1053 qna
407 969 447 1031 de
467 990 503 1032 re
521 969 553 1032 in
575 979 684 1032 nostro
702 971 909 1054 anet-plura.

244 1074 317 1156 692,
342 1075 374 1138 3.
415 1078 636 1158 παχσνωμὲνη.

245 1186 330 1258 Ibiii.
354 1193 402 1260 11.
445 1191 514 1256 αλλ’
544 1185 588 1267 οἷς
612 1192 663 1271 αὶ]
693 1195 768 1280 neg.
800 1203 860 1257 etc.
880 1195 912 1259 S.
935 1193 1127 1276 Nicephorius
1159 1193 1250 1256 etiam

161 1276 330 1340 decadem
352 1276 392 1339 ad
417 1276 543 1339 Hieram
565 1277 769 1343 ebullitione:
802 1279 855 1364 qui
879 1279 950 1340 iude
984 1277 1151 1360 arripuisse
1171 1279 1252 1339 Leo-

160 1382 232 1423 nem
253 1382 358 1422 ausam
379 1359 523 1428 abolendi
545 1381 645 1423 sacres
663 1363 808 1447 imagines
829 1363 942 1424 elarius
962 1361 1104 1444 explicat.

233 1465 314 1544 ott»,
335 1465 365 1528 7.
405 1466 594 1549 σβεσθῆναι.

242 1575 326 1639 Ibid.
352 1573 400 1635 15,
441 1567 483 1655 ιη’
503 1576 561 1636 τοῦ
576 1567 762 1656 Ἀπριλλίου
775 1565 881 1656 navic]
903 1573 946 1635 sic
966 1574 1060 1636 etiarn
1079 1573 1173 1659 Peyr.
1198 1593 1250 1635 er-

162 1677 282 1741 rorque
302 1660 376 1738 Reg.
398 1659 458 1718 τοῦ
478 1655 676 1740 Ὀκτωβριόα,
700 1681 736 1721 ex
760 1660 860 1741 seipso
885 1658 1075 1739 confutatur,
1096 1679 1167 1722 cum
1187 1666 1253 1718 stn-

160 1742 219 1802 tim
234 1754 307 1824 post
326 1741 444 1802 molam
470 1741 560 1803 illem
587 1739 628 1801 de
654 1743 771 1806 civibus
801 1743 979 1817 victoriam
1007 1737 1089 1820 μετὰ
1110 1735 1166 1822 τῆν
1188 1737 1253 1800 τῶν

159 1820 331 1904 ὁμοφύλων
351 1817 451 1902 κακήν
469 1826 566 1907 νίκην,
578 1825 717 1890 Nicaeae
737 1824 861 1890 obsidio
878 1823 1117 1912 per-Saracenos
1136 1823 1251 1886 dacri-

159 1909 247 1970 batw·
265 1907 310 1968 ad
320 1907 475 1968 solstitium
496 1909 658 1970 uestinum.

242 2025 315 2108 624,
336 2031 365 2092 5.
407 2027 486 2094 κατιὶ
508 2031 562 2114 τῆς
582 2030 743 2098 Bressos.
811 2027 815 2034 ’

245 2137 327 2204 lbid.
355 2135 404 2204 10.
445 2137 520 2212 troie
549 2140 663 2224 τειχῶν
690 2134 836 2220 μερικὴν]
868 2138 991 2201 mallem
1012 2137 1132 2200 hiatum
1153 2157 1253 2220 ogno-

158 2242 246 2284 scere
266 2230 339 2304 post
362 2221 446 2282 illam
471 2243 600 2298 vocem,
638 2244 732 2306 quam
753 2231 789 2284 ut
812 2245 880 2284 eam
906 2243 1071 2284 murorum
1103 2242 1140 2283 ex
1160 2231 1252 2302 parte

159 2305 366 2368 deiectionem
399 2304 432 2364 in
460 2303 525 2386 ipsa
553 2304 631 2367 aede
663 2313 844 2368 unctorum
872 2315 1018 2402 patrum,
1046 2325 1099 2366 seu
1124 2303 1250 2366 ecclesia

158 2387 272 2451 maiori
294 2387 431 2464 factam,
452 2389 498 2447 nti
523 2387 627 2451 reddit
650 2386 881 2469 iuterpr.mib1
903 2384 1131 2470 persuaderem.
1157 2387 1249 2449 Cedr.

159 2472 204 2534 δι’
224 2469 379 2545 ὀπτασίας
399 2470 459 2532 τῶν
479 2469 513 2531 ἐν
529 2469 610 2554 αὐτῇ
630 2470 816 2549 τιμωμένων
833 2466 931 2550 ἁγίων
951 2470 1096 2549 πατέρων
1115 2468 1251 2546 αἰσχυν-

159 2555 278 2635 θέντες,
294 2544 449 2634 ἄπρακτοι
465 2550 683 2636 ὑπεχώρησαν.
702 2566 793 2614 sanct.
804 2568 938 2636 patrum,
953 2554 1049 2637 quiin
1063 2573 1102 2613 ea
1117 2552 1253 2613 colluitur

158 2640 272 2698 ebione
289 2636 431 2713 deterriti,
443 2637 570 2721 twpiter
587 2660 620 2697 re
639 2638 748 2715 insecta
759 2648 948 2701 recessennat.
971 2638 1071 2695 Anasi.
1089 2648 1158 2718 post
1175 2656 1252 2719 pat*-

158 2722 319 2782 ticulanem
344 2742 494 2782 mirorum
514 2722 708 2797 eversionem,
725 2721 803 2781 banc
850 2719 948 2780 iidem
968 2740 1027 2780 non
1053 2718 1251 2799 obtinuerunt,

159 2804 232 2865 bene
253 2805 382 2886 acceptis
404 2816 573 2864 sanctornm
597 2818 725 2886 patrum
741 2742 881 2885 preciius
899 2802 944 2863 nd
959 2802 1048 2863 ᾰειιπτ
1067 2802 1201 2876 directis,
1222 2814 1252 2863 et

159 2886 542 2971 ranctficnlionefaeiente
564 2887 745 2949 venerabilis
760 2885 883 2967 ternpli,
907 2894 964 2951 etc.
994 2906 1052 2968 ego
1073 2885 1118 2945 sie
1139 2888 1250 2945 Graec.

159 2972 370 3049 expresserim.
385 2982 454 3051 post
473 2971 596 3031 moenia
615 2992 657 3030 ex
673 2982 767 3052 parte
786 2988 896 3043 eversa,
916 2990 983 3029 cum
1002 2982 1172 3029 εαιισιοταπι
1189 2989 1251 3051 pn·

160 3064 238 3113 trum
256 3054 310 3136 qni
337 3052 402 3112 illie
434 3053 589 3131 οοὶεαιετα,
609 3052 767 3113 delubrum
797 3052 863 3111 urbi
888 3052 1044 3136 praesidio
1073 3063 1166 3126 esset,
1194 3051 1252 3110 illa

160 3135 281 3219 quidem
307 3134 430 3195 minime
444 3137 537 3218 potiti
568 3149 650 3214 siut,
672 3134 710 3195 ob
737 3148 871 3217 acceptas
893 3157 994 3196 eonem
1013 3132 1163 3195 addeum
1180 3154 1251 3217 pre·

160 3240 208 3277 ees
218 3240 230 3293 ,·
252 3218 306 3280 uti
323 3218 416 3277 etiam
436 3218 619 3279 venerabiles
632 3239 735 3279 eorum
757 3218 900 3298 imagines
920 3232 1039 3279 emotae
1055 3228 1155 3293 erant,
1175 3236 1251 3301 quos

160 3298 311 3377 Ιισὸιοναιε,
331 3308 390 3361 ele.
446 3299 526 3361 istud
547 3300 585 3362 de
604 3301 804 3383 imaginibus,
824 3300 970 3383 pictaque
998 3301 1012 3360 1
1033 3298 1152 3384 synodo
1186 3318 1250 3381 quo

161 3384 233 3443 loco
256 3382 364 3445 habita
387 3382 498 3460 fuerat,
535 3386 639 3446 obiter
662 3394 788 3465 arrepta
809 3382 971 3445 occasione
993 3381 1031 3443 ab
1054 3402 1160 3444 earum
1182 3378 1251 3441 cul.

161 3474 211 3528 tns
231 3467 387 3529 acerrimo
418 3465 581 3529 defensore
610 3469 773 3529 insertum.
825 3466 868 3527 sie
890 3475 922 3529 et
946 3469 1037 3551 loan3
1054 3466 1113 3527 ΟΡ.
1138 3464 1252 3546 apolo-

161 3549 209 3631 gia
232 3548 271 3611 ad
294 3548 532 3611 Constantinum
561 3570 676 3633 papam
706 3558 789 3611 auct.
815 3550 932 3613 tomi
966 3558 1080 3611 sextam
1099 3546 1252 3630 synodum

161 3654 233 3694 enm
253 3634 319 3695 aliis
339 3632 456 3715 pictam
476 3644 632 3696 memorat
653 3632 692 3693 ad
723 3632 832 3715 palatii
854 3632 1052 3709 vestibulum,
1074 3652 1166 3715 quam
1175 3630 1252 3691 Phi..

162 3716 294 3797 lippiens
315 3722 403 3799 prins
430 3715 615 3778 abolendam
647 3716 823 3793 curaverit,
853 3738 947 3800 quam
968 3714 1026 3777 sibi
1050 3714 1125 3776 illud
1150 3713 1252 3775 aulam
1295 3709 1302 3717 '

162 3800 325 3882 deligeret,
346 3799 425 3863 velle
462 3820 501 3861 ne
513 3800 590 3881 imp.
613 3801 711 3883 ipsam
733 3798 865 3883 ingredi.
907 3809 980 3862 sunt
994 3798 1071 3860 baec
1092 3796 1156 3860 eins
1177 3818 1253 3859 ver-

161 3882 213 3943 ba.
234 3883 383 3960 θεμέλιον
402 3904 456 3944 και
478 3876 665 3963 ὖπόβαθρον
685 3880 744 3943 τοῦ
762 3879 907 3963 κράτους,
935 3879 970 3945 τὸ
992 3881 1098 3961 βίαιον
1120 3875 1176 3941 καὶ
1195 3875 1253 3941 οοίι

160 3958 286 4041 εἴνομσν
317 3958 580 4043 προβαλλόμενος·
622 3965 749 4026 καθεῖλε
777 3965 853 4043 μέν,
880 3959 935 4025 καὶ
964 3959 1024 4045 προΙ
1055 3962 1112 4039 τῆς
1133 3952 1253 4023 ἑαυτοῦ

161 4046 289 4109 εἰσόδου
314 4044 372 4127 τὴν
399 4046 611 4111 doarensium
642 4042 678 4109 ἒν
702 4054 766 4121 τοῖς
785 4046 970 4126 nocentiore
1001 4046 1064 4109 soie
1081 4042 1254 4123 βασιλικῶν

159 4126 266 4193 εἰκόνα
284 4128 342 4209 τῆς
360 4126 454 4211 ἁγίας
475 4126 566 4211 ἕκτης
587 4124 991 4207 σανόδοα.]ῑιπιλσοιεπεαιιε,
1014 4149 1054 4191 σα
1075 4128 1173 4191 busim
1195 4130 1253 4187 inr-

158 4214 240 4296 perii
262 4210 437 4276 violentiam
455 4228 663 4300 praestarem,
680 4216 949 4299 nouqnodr'ustum
964 4226 1007 4275 est
1017 4232 1056 4277 ac
1066 4212 1253 4295 legitimum
