3050 4900
605 387 754 452 norun.
1147 381 1221 459 1199

136 554 239 617 cundo
263 552 385 615 insidias
412 554 450 617 nb
472 552 620 639 Olympio
652 557 786 618 exercbo
815 554 873 619 sibi
905 566 1028 638 perstas
1048 560 1225 627 sustinuisse

137 639 296 700 declarant
316 640 380 700 eius
410 638 492 699 dictu
526 640 587 699 ium
606 640 809 719 proferendo.
865 640 973 713 tertio,
996 641 1027 703 in
1049 645 1226 708 Constantis

138 723 292 783 decimum
314 730 346 781 et
367 722 570 785 indictionem
592 722 742 785 decimum
765 722 921 786 incidente
941 725 1112 808 calliopam
1133 750 1226 791 exer.

136 806 229 869 chum
255 808 386 866 Romam
406 806 584 887 profectum
607 806 741 887 exeipit,
774 816 806 867 et
834 807 873 869 ab
903 828 940 869 eo
967 810 1027 883 ΕΡ.
1049 810 1231 880 abducitur.·

136 890 200 951 eins
225 889 342 971 quippe
362 889 528 951 adventum
560 890 696 953 referens
728 890 852 951 scribite
871 910 926 971 ego
945 914 1019 954 vero
1043 894 1106 977 ipre
1123 900 1228 977 graci-

135 987 181 1035 ter
199 972 335 1055 infirmus
364 994 449 1033 eram
475 974 517 1034 ab
543 972 687 1036 Octobris
715 995 813 1033 mense
845 995 936 1057 usque
968 977 1013 1037 ad
1035 981 1227 1059 praedictum

135 1069 257 1139 tempus,
278 1056 389 1132 idest,
412 1078 501 1139 risqrie
534 1057 578 1116 acl
602 1054 871 1117 sextumdecimum
898 1057 1043 1119 kakndas
1061 1061 1172 1123 Iulias.
1194 1073 1228 1125 et

138 1140 236 1200 infre:
257 1160 325 1199 cunr
345 1152 374 1199 et
396 1141 428 1199 in
442 1136 572 1199 adventu
592 1140 719 1219 infamis
733 1139 873 1221 Olympii
891 1142 972 1201 uani
991 1142 1149 1205 cuiusdam
1170 1146 1227 1207 lto-

136 1224 226 1283 minis
248 1243 316 1283 cnm
336 1224 431 1283 arinis
452 1244 498 1283 me
518 1223 746 1305 lampanesse
768 1224 910 1305 repellere
917 1224 1129 1303 faterentur„
1152 1230 1229 1289 unni

136 1306 229 1388 primi
255 1328 292 1365 eo
315 1313 476 1386 tempore,
498 1325 562 1387 quo
591 1305 756 1365 concilium
787 1305 916 1383 habuit,
939 1317 1125 1390 aegrotasse,
1146 1334 1228 1393 quae

137 1392 201 1472 ipse
224 1388 313 1471 gessit
333 1388 429 1449 homo
450 1410 541 1449 suone
561 1388 671 1449 mentis
693 1397 724 1449 et
753 1386 919 1448 firmorum
941 1390 1075 1453 laterum
1099 1394 1228 1457 credere

135 1471 326 1555 probibent:
349 1473 514 1555 Olympius
538 1478 717 1555 quoquest
743 1471 896 1553 Calliopes
917 1474 1041 1533 exarchi
1064 1478 1194 1556 septimo
1210 1501 1229 1538 a

137 1555 270 1617 coneilio
293 1555 450 1615 celebrato
480 1576 602 1631 mense,
618 1554 696 1615 dntis
726 1557 813 1635 prius
843 1556 905 1616 (ΖΡ.
934 1555 1052 1632 litteris,
1075 1562 1233 1640 responsis·

137 1640 281 1721 acceptis,
306 1636 452 1721 susceptis
466 1638 678 1721 coniectisque
699 1637 760 1699 CP.
781 1640 970 1716 Ravennam,
994 1643 1141 1702 Ravenna
1159 1646 1228 1705 Ro..

136 1746 219 1783 mom
242 1722 416 1799 itineribus,
438 1723 537 1784 varios
551 1724 689 1784 Martius
712 1723 896 1800 vexationes,
916 1744 996 1806 quae
1019 1746 1143 1786 morem
1162 1729 1227 1787 exi.

158 1814 214 1867 unt
238 1815 269 1866 et
291 1807 512 1867 successionem
532 1826 595 1865 uno
619 1815 762 1887 tempore
793 1817 953 1888 nequeunt
974 1808 1127 1888 ingerere.
1170 1812 1232 1873 ab·

137 1828 265 1951 ducitur
285 1889 390 1971 itaque
408 1892 505 1950 Romo
530 1889 602 1949 unni
618 1889 713 1963 tertii,
738 1899 774 1949 ut
792 1889 859 1949 vult
879 1890 1063 1953 sirmondus
1090 1894 1121 1953 in
1145 1895 1229 1977 Syn.

139 1974 206 2055 opsi
236 1972 385 2033 chronica
416 1972 454 2031 nd
488 1974 635 2033 Anastasii
666 1970 856 2033 collectanea
884 1996 987 2035 mense
1015 1976 1113 2053 iunio,
1137 1999 1173 2037 nc
1195 1988 1232 2039 ut

137 2056 289 2117 Martinus
312 2057 378 2137 ipse
409 2056 538 2117 scribit:
568 2058 764 2137 pervenimus
787 2056 931 2119 kalendas
953 2058 1052 2119 Iulias
1071 2060 1231 2123 Mesenam

139 2140 311 2217 (Misenum,
336 2139 375 2200 ud
397 2140 475 2213 ostiu
488 2139 634 2199 Tiberina
655 2141 922 2220 promontorium)
945 2141 1063 2225 inqua
1083 2158 1150 2203 erat
1171 2164 1232 2205 na·

137 2224 195 2299 uis,
215 2224 251 2284 id
269 2236 325 2301 est,
349 2243 561 2283 carcermeus.
604 2243 721 2282 menses
743 2229 805 2283 tres
825 2222 896 2283 inde
916 2246 974 2305 per
998 2226 1097 2287 verius
1121 2227 1231 2287 insutos

137 2306 239 2387 exigit,
261 2306 300 2366 ed
322 2307 395 2367 unni
420 2305 566 2367 nimirum
594 2304 697 2386 quarti
724 2306 919 2385 primordia:
944 2306 1174 2387 ipsodicente:
1198 2313 1232 2371 in

133 2390 274 2474 plurimis
294 2390 461 2451 timidarum
490 2392 522 2449 iu
543 2390 648 2472 quibus
669 2408 724 2449 uos
752 2389 800 2447 vel
817 2391 912 2449 tribus
933 2392 1079 2449 mensibus
1099 2406 1231 2474 peecata

138 2475 351 2557 impedierint,
375 2475 491 2534 nullam
512 2471 749 2554 compassionem
771 2473 899 2553 adeptus
920 2494 995 2532 sum.
1018 2495 1132 2534 annum
1157 2475 1231 2538 Nnxi

139 2566 371 2632 commoratur,
402 2557 456 2640 qui
486 2555 701 2637 assumptionis
724 2555 789 2615 eius
812 2565 949 2636 quartus,
972 2564 1003 2615 et
1023 2555 1133 2617 circuli
1155 2580 1232 2619 eur.

139 2642 234 2702 rentis
256 2639 387 2701 indictio
405 2640 576 2700 undecima.
618 2651 740 2721 excepto
762 2638 918 2698 mutarat
939 2641 1114 2719 (superiora
1135 2643 1232 2704 verba

137 2725 351 2807 prosequitur)
386 2723 540 2784 ininsula
561 2722 693 2799 Naxia,
745 2723 867 2782 ιιοιιίαηι
893 2723 936 2781 ibi
958 2745 1068 2784 artuum
1083 2726 1231 2803 ficimus,

138 2819 196 2870 etc.
240 2805 321 2868 unde
344 2806 493 2888 digressus
517 2805 692 2878 indictionis
714 2743 917 2866 duodecimae
934 2807 1038 2885 primo
1051 2829 1154 2869 mense
1169 2810 1230 2888 CP.¹

137 2891 275 2972 adpetiit.
329 2912 457 2972 cumque
483 2891 608 2951 tandem
626 2891 808 2972 pervenisset
837 2888 1022 2966 Byzantius,
1043 2890 1147 2973 inquit
1166 2891 1231 2953 eius

136 2975 280 3056 martyrii
304 2975 452 3055 scriptor,
483 2975 582 3033 beatiss
613 2973 665 3032 ille
683 2974 809 3053 septima
831 2971 950 3033 decimo
979 2973 1030 3034 die
1050 2973 1231 3057 Septembrii

136 3061 246 3120 mensis
261 3060 294 3118 in
316 3070 436 3142 portum
464 3077 560 3140 prope
592 3056 816 3138 Euphemiam,
837 3065 895 3115 etc.
946 3055 1035 3116 vario
1058 3053 1230 3137 carcerum,

134 3141 319 3218 examinum,
344 3149 375 3201 et
397 3147 626 3201 tormentorum
648 3139 753 3219 generi
771 3137 922 3212 subditus,
944 3139 1025 3198 exilii
1045 3143 1231 3202 sententiam

136 3224 336 3306 postmodum
359 3223 483 3304 accipit.
511 3224 593 3302 serit
612 3242 682 3302 ergo
710 3223 956 3282 reverentissimus
971 3243 1056 3305 papa
1076 3225 1109 3282 in
1126 3224 1230 3284 eodem

137 3308 301 3369 Diomedis
322 3307 467 3390 ergastulo
495 3307 647 3387 octoginta
678 3305 807 3388 qriinque
828 3305 892 3364 dies
910 3319 981 3386 post
993 3307 1115 3386 primas
1134 3329 1230 3367 nona-

135 3393 225 3472 ginta
246 3404 306 3450 tres
331 3391 377 3472 (in
399 3389 615 3450 excubitorum
630 3387 787 3468 custodia)
803 3387 858 3446 lioc
869 3401 913 3447 est
930 3409 1033 3449 omnes
1053 3390 1144 3449 srinrxl
1160 3389 1227 3451 178.

138 3477 217 3534 venit
236 3475 328 3556 igitur
348 3473 499 3554 Sagoleba
526 3473 624 3532 scriba
655 3469 771 3554 dicens,
798 3471 871 3553 qaia
894 3471 989 3530 iussus
1017 3493 1079 3532 suns
1102 3470 1228 3554 auJ'erre

138 3570 167 3618 te
187 3559 264 3633 litiae,
285 3571 313 3617 et
332 3559 490 3634 transferre
508 3556 541 3614 in
559 3555 678 3615 dorium
706 3574 813 3627 meam,
836 3566 949 3636 etpost
967 3553 1031 3613 dies
1052 3552 1127 3615 dicos
1147 3555 1228 3615 diri.

138 3661 205 3724 gere
228 3654 264 3714 te,
282 3661 341 3724 quio
374 3639 489 3700 iusserit
521 3639 717 3700 sacellarius.
770 3645 801 3696 et
824 3635 924 3695 infre:
952 3637 1064 3697 &tum
1094 3652 1137 3698 est
1158 3659 1228 3720 ergo

135 3726 209 3808 quia
229 3725 262 3782 in
284 3724 467 3784 Cliersonam
487 3721 637 3782 exulatm.
680 3733 709 3780 et
728 3733 799 3803 post
816 3719 880 3780 dies
898 3721 1013 3804 aliquot
1025 3724 1226 3803 ccgreovimus,

134 3810 207 3890 qriia
227 3807 300 3867 illuc
330 3807 467 3866 clanculo
487 3805 800 3886 navr'giotransveeuis
819 3817 869 3863 est.
894 3805 957 3885 ipse
981 3804 1125 3864 discessus
1146 3812 1227 3882 tem.

134 3911 194 3971 pus
214 3890 312 3973 signat
335 3889 366 3948 in
389 3891 476 3972 epist.
496 3903 656 3972 postquam
678 3888 788 3968 egressi
805 3909 901 3947 sumtis
921 3909 963 3947 ex
981 3910 1016 3948 eo
1035 3888 1117 3970 qiud
1137 3888 1228 3949 Ieron

134 3973 247 4033 dieitur
264 3996 285 4033 a
306 3971 372 4034 ΟΡ.
402 3974 578 4052 ›navigantes
598 3984 705 4031 sancta
734 3971 935 4053 qiiintaseria
955 3991 1066 4031 cautae
1093 3969 1226 4050 domini,

132 4058 388 4136 pertransivimus
409 4057 557 4132 Pharum,
576 4075 635 4138 per
654 4053 772 4112 diversa
791 4054 861 4115 loca
881 4065 1104 4128 transmeantes,
1131 4052 1227 4115 idibus

134 4141 247 4218 Maiis,
281 4155 310 4200 et
340 4140 518 4200 Clrersmem
541 4139 738 4221 pervenimus.
782 4137 932 4198 sexdecim
961 4137 1086 4198 tandem
1108 4159 1225 4199 menses

131 4223 258 4284 esitium
278 4223 317 4296 nd
346 4223 410 4284 sius
441 4231 578 4286 mortem
607 4221 735 4283 dilatum
760 4221 894 4282 coniicio
923 4241 959 4284 ex
988 4219 1034 4282 bis
1062 4221 1224 4304 scriptoris
