3050 4900
494 392 547 454 EX
575 389 836 456 THEOPHANE.
1136 375 1206 452 149

125 577 154 620 se
171 555 353 620 transferret
376 557 526 622 victorias
540 558 682 643 glorlam.
703 558 866 623 credentes
881 578 1008 644 quoque
1020 580 1056 621 ex
1067 557 1208 641 profugis

123 651 333 724 properarunt
346 640 491 704 adversus
503 643 691 723 Heraclium,
707 653 739 706 et
751 645 1037 727 appropinquantes
1059 641 1088 703 ei
1109 648 1208 702 castra
1229 696 1233 702 .

125 723 229 786 meust
242 734 325 802 sunt,
345 726 485 788 volentes
498 726 530 787 iu
545 748 616 789 eum
636 729 728 789 simul
746 749 818 789 cum
833 748 924 789 mana
938 727 1070 787 irruere.
1086 732 1132 785 ast
1145 723 1210 785 He-

123 808 232 870 raclius
252 809 412 890 profectus
440 831 458 870 a
480 831 610 892 vespera
637 813 699 873 iter
718 811 794 872 fecit
813 831 873 894 per
893 818 994 871 totam
1016 818 1157 884 noctem,
1179 813 1212 867 et

125 890 233 974 procul
244 893 369 954 effectus
383 893 422 954 ab
437 893 489 972 eis,
512 893 638 956 invento
655 893 815 956 herbifero
832 915 952 977 cumpo,
968 903 1069 956 castra
1079 898 1212 952 metatus

127 983 167 1036 est
186 973 217 1034 in
250 995 300 1035 eo.
350 995 452 1058 porro
486 976 613 1039 barbari
643 976 852 1040 existimantes
882 997 955 1040 eum
989 998 1024 1038 ex
1044 973 1213 1036 formidine

124 1059 236 1142 lugere,
258 1057 465 1141 incomposite
485 1061 708 1144 sequebantur,
730 1069 768 1123 ut
789 1081 861 1123 com
886 1058 1092 1122 rebeuderent
1113 1057 1212 1118 illum.

123 1141 185 1224 ipse
204 1147 309 1202 autem
338 1163 506 1205 occurrens
536 1145 579 1206 eis
608 1141 725 1206 bellum
745 1144 818 1206 iuiit
837 1081 981 1206 adversus
1002 1142 1081 1218 illos,
1102 1149 1134 1204 et
1155 1159 1213 1222 sp·

124 1223 275 1321 prehenso
298 1225 378 1288 colle
398 1227 537 1310 quodam
557 1246 748 1304 nemoroso,
770 1235 1021 1310 coacervatoque
1036 1223 1157 1309 populo
1180 1224 1212 1283 in

124 1327 194 1392 ipse,
221 1309 449 1391 cooperatione
470 1309 518 1372 dei
535 1310 693 1392 barbaros,
706 1309 813 1388 vertit,
834 1318 867 1373 et
888 1331 947 1393 per
959 1312 1061 1372 lauces
1081 1309 1139 1370 hos
1161 1302 1317 1376 imp-478

121 1401 240 1453 secutus
260 1392 493 1456 multitudinem
513 1413 549 1456 ex
572 1392 617 1455 bis
636 1393 797 1477 copiosam
824 1393 954 1456 occidit.
1003 1391 1088 1454 cadit
1109 1398 1213 1452 autem

122 1485 152 1536 et
171 1475 372 1557 Sarablaggas
407 1496 478 1538 ense
508 1477 686 1540 vulneratus
716 1477 747 1536 iu
769 1474 877 1539 dorso.
927 1485 960 1540 et
982 1473 1108 1536 cumbi
1131 1473 1214 1533 inter

122 1577 233 1640 agones
247 1568 355 1635 essent,
379 1559 522 1642 pervenit
545 1561 638 1622 etiam
658 1559 730 1622 Saia
749 1582 820 1621 oum
835 1559 973 1622 exercitu
989 1579 1057 1620 suo.
1099 1564 1130 1619 et
1152 1557 1214 1616 boc

123 1661 210 1703 verso
233 1640 427 1724 imperator,
458 1651 489 1706 et
511 1663 546 1704 ex
570 1641 616 1704 bis
643 1641 746 1705 multis
768 1643 885 1721 occisis,
907 1643 1043 1725 reliquos
1063 1640 1214 1724 fugientes

122 1723 275 1808 dispersit.
335 1725 420 1806 cepit
452 1745 579 1809 qnoque
609 1733 641 1790 et
672 1735 857 1810 apparatum
890 1727 1029 1788 sarcinae
1060 1724 1212 1806 ipsorum.

120 1828 219 1890 porro
243 1808 430 1871 Sarburasas
462 1810 565 1869 unitus
587 1807 659 1872 Saia
688 1807 813 1894 collegit
837 1810 1001 1887 barbaros,
1028 1807 1083 1891 qui
1105 1805 1214 1867 salvati

120 1893 267 1968 luerunt,
297 1901 329 1954 et
349 1892 466 1954 iterum
488 1892 694 1976 disponebant
713 1901 826 1955 contra
847 1893 1024 1956 Heraclium
1046 1887 1212 1973 proficisci.

122 1981 167 2034 ast
187 1973 364 2056 imperator
386 1974 417 2038 iu
439 1975 567 2058 r'egione
578 1976 767 2037 Hunnorum
787 1985 820 2040 et
840 1997 901 2058 per
922 1975 1037 2037 borum
1059 1974 1127 2035 loca
1151 1972 1214 2034 dit.

120 2056 211 2118 licilia
231 2058 398 2121 festinabat
429 2058 461 2119 in
484 2059 597 2144 asperis
628 2058 704 2122 locis
726 2081 764 2122 uc
785 2059 897 2139 deviis,
918 2058 1047 2121 barbari
1068 2077 1145 2118 vero
1167 2075 1214 2115 sc.

121 2141 298 2283 quebantur
320 2151 393 2224 post
412 2161 492 2206 eum.
544 2163 646 2226 porro
671 2143 745 2205 Lazi
769 2164 831 2206 una
861 2164 933 2206 curu
952 2142 1077 2226 Abasgis
1100 2139 1214 2200 formi-

142 2233 227 2287 untes
246 2224 465 2288 subduxerunt
498 2244 530 2290 se
552 2227 591 2289 ab
613 2225 726 2288 auxilio
749 2227 965 2289 Romanorum
972 2270 982 2303 ,
1003 2235 1035 2288 et
1055 2225 1087 2284 in
1107 2225 1214 2304 regio-

121 2328 199 2378 nem,
220 2330 306 2370 suam
340 2309 458 2370 reversi
481 2317 562 2372 sunt.
612 2307 685 2372 Saia
710 2318 814 2372 autem
833 2309 896 2371 boc
916 2309 1079 2370 advertens
1100 2307 1213 2366 furore

118 2392 217 2455 multo
239 2415 301 2455 uua
322 2413 394 2454 cum
407 2391 546 2456 Sarhuro
566 2393 816 2477 persequebatur
829 2392 1017 2456 Heraclium.
1056 2410 1130 2452 sane
1152 2388 1214 2448 im-

120 2484 250 2557 perator
271 2486 397 2539 caterva
417 2477 551 2539 collecta
583 2477 684 2558 verbis
703 2475 760 2537 bos
790 2476 971 2539 exhortatus
992 2481 1089 2536 estet
1110 2472 1212 2532 moni-

121 2558 203 2621 mine
224 2558 375 2635 delinivit,
397 2559 539 2643 inquiens
561 2558 750 2623 “multitudo
772 2580 845 2634 vos,
867 2560 990 2635 tratres,
1012 2556 1213 2617 inimicorum

123 2662 185 2701 non
206 2643 333 2706 turbet:
355 2640 414 2705 deo
435 2642 554 2728 quippe
571 2641 698 2705 volente
712 2662 790 2703 uuus
809 2649 1017 2724 persequetur
1029 2638 1122 2700 mille.
1145 2660 1214 2698 ma-

122 2733 238 2787 ctemus
272 2748 348 2810 ergo
381 2735 502 2788 uosmet
537 2724 618 2809 ipsos
648 2747 710 2808 pro
733 2724 832 2789 salute
852 2726 988 2785 fratrum
1011 2731 1211 2793 nostrorum

120 2828 274 2873 sumamus
301 2830 455 2872 coronam
476 2819 667 2895 martyrum,
696 2829 760 2892 qno
783 2819 816 2871 et
847 2808 990 2869 futurum
1013 2828 1069 2868 nos
1089 2816 1211 2886 tempus
1219 2820 1246 2875 p·
1255 2802 1310 2857 ¹²⁷9

122 2890 226 2954 laudet
247 2901 280 2953 et
299 2892 372 2955 deus
395 2888 712 2955 reddarmercedssss’
734 2892 835 2955 biset
858 2891 923 2952 aliis
942 2891 1086 2973 pluribus
1110 2889 1212 2951 verbis

124 2974 285 3037 audaciam
300 2976 451 3039 exercitui
472 2976 652 3054 conferens,
672 2974 765 3037 hilari
793 2975 882 3036 vultu
896 2974 1057 3058 'praelium
1074 2970 1211 3035 ordinat.v

123 3068 153 3121 ot
171 3058 316 3123 distantes
330 3059 369 3121 ab
384 3058 518 3120 invicem
532 3058 695 3121 intervallo
709 3058 822 3141 pusillo
835 3081 853 3118 a
873 3080 964 3119 mane
979 3079 1075 3140 usque
1098 3054 1137 3117 ad
1156 3077 1215 3117 ve-

120 3162 245 3224 speram
271 3142 403 3227 aggressi
435 3163 498 3205 non
524 3152 596 3207 sunt
616 3141 647 3203 in
671 3142 869 3204 alterutrum.
911 3162 1040 3223 vespere
1058 3160 1135 3200 vero
1158 3160 1214 3197 sr-

119 3234 213 3308 repto
234 3226 411 3308 imperator
441 3225 552 3288 itinere
588 3226 749 3307 pergebat.
799 3224 928 3286 barbari
950 3245 1027 3285 vero
1048 3232 1120 3305 post
1142 3243 1214 3282 eum

118 3306 237 3371 iterum
250 3310 469 3393 sequebantur,
492 3317 525 3371 et
543 3319 769 3371 commutantes
782 3307 862 3369 viam
881 3306 964 3367 hunc
981 3325 1215 3388 praeoccupare

116 3392 256 3455 volentes
279 3393 423 3455 incidunt
445 3393 477 3453 iu
498 3395 566 3473 lpca
588 3392 747 3475 palustria,
764 3402 797 3456 et
813 3386 994 3453 aberrantes
1015 3390 1046 3451 in
1067 3410 1214 3469 maguum

117 3473 285 3539 discrimen
308 3477 490 3538 deveniunt.
544 3480 718 3557 imperator
737 3496 814 3538 vero
836 3474 986 3535 unusiens
1006 3472 1081 3535 lines
1102 3473 1216 3533 Persa-

115 3580 190 3620 rum
213 3580 274 3643 per
294 3559 472 3621 Armeniam
492 3560 692 3641 peragrabat.
724 3581 796 3621 cum
817 3567 921 3618 autem
943 3566 1030 3620 terra
1050 3555 1102 3617 illa
1124 3563 1212 3615 teue-

113 3653 209 3705 retur
233 3642 373 3721 uPersis,
396 3643 486 3703 multi
506 3664 577 3704 cum
592 3642 731 3704 Sarharo
753 3648 994 3720 concurrerunt,
1016 3661 1052 3701 ao
1115 3639 1212 3698 rboe

111 3726 221 3787 crevit
251 3726 386 3807 populus
414 3727 487 3787 eius.
538 3736 703 3808 praeterea
734 3726 837 3788 hieme
870 3724 1037 3786 accedente
1088 3720 1212 3803 ispersit

112 3808 349 3871 multitudinem
373 3830 432 3891 per
450 3812 518 3871 locu
542 3810 691 3892 ipsorum,
713 3818 749 3871 ut
770 3808 1000 3893 requiescerent
1015 3806 1046 3866 iu
1070 3804 1212 3865 domibus

111 3892 189 3954 suis.
235 3913 299 3976 quo
323 3902 487 3974 comperto
499 3893 658 3953 Heraclius
678 3902 777 3953 noctu
798 3890 898 3952 furari
917 3889 1124 3951 meditabatur
1143 3887 1215 3947 bel-

113 3972 190 4035 lum.
236 3997 371 4059 cumque
394 3977 488 4037 turbo
511 3979 699 4057 tempestatis
731 3973 849 4036 adesset
869 3982 901 4035 ct
922 3974 1059 4033 Sarbaro
1078 3970 1213 4052 suspicio

113 4059 201 4119 nmta
225 4058 429 4135 incumberet,
451 4061 554 4122 electis
568 4059 786 4121 robustissimis
805 4057 892 4141 equis
913 4065 945 4117 et
965 4054 1152 4117 fortioribus
1173 4054 1212 4112 ab

113 4142 276 4219 exercitu,
305 4142 475 4223 dupliciter
495 4142 551 4203 bos
575 4164 706 4219 armans,
729 4140 881 4225 quosdam
901 4162 937 4202 ex
959 4136 1007 4198 bis
1024 4138 1216 4221 praecedere

110 4236 233 4288 contra
252 4221 425 4289 Sarbar'um
447 4227 543 4302 iussit,
564 4224 633 4308 'ipsc
656 4247 731 4289 vero
753 4246 826 4288 oum
850 4224 915 4285 aliis
936 4233 1008 4307 post
1032 4242 1086 4285 eos
1105 4221 1216 4284 subsc-
