<?xml version="1.0" encoding="UTF-8"?>
<!DOCTYPE html PUBLIC "-//W3C//DTD XHTML 1.0 Transitional//EN"
    "http://www.w3.org/TR/xhtml1/DTD/xhtml1-transitional.dtd">
<html xmlns="http://www.w3.org/1999/xhtml" xml:lang="en" lang="en">
 <head>
  <title>
</title>
<meta http-equiv="Content-Type" content="text/html;charset=utf-8" />
  <meta name='ocr-system' content='tesseract 3.04.00' />
  <meta name='ocr-capabilities' content='ocr_page ocr_carea ocr_par ocr_line ocrx_word'/>
</head>
<body>
  <div class='ocr_page' id='page_1' title='image "./corpusscriptoru34theogoog_0110.png"; bbox 0 0 3050 4900; ppageno 0'>
   <div class='ocr_carea' id='block_1_1' title="bbox 501 352 1213 440">
    <p class='ocr_par' dir='ltr' id='par_1_1' title="bbox 501 352 1213 440">
     <span class='ocr_line' id='line_1_1' title="bbox 501 352 1213 440; baseline 0.006 -4"><span class='ocrx_word' id='word_1_1' title='bbox 501 373 551 437; x_wconf 83' lang='lat' dir='ltr'>nx</span> <span class='ocrx_word' id='word_1_2' title='bbox 581 374 839 439; x_wconf 80' lang='lat' dir='ltr'>armoraauu.</span> <span class='ocrx_word' id='word_1_3' title='bbox 966 352 971 363; x_wconf 80' lang='grc'><em>“</em></span> <span class='ocrx_word' id='word_1_4' title='bbox 1165 365 1213 440; x_wconf 78' lang='lat'>99</span> 
     </span>
    </p>
   </div>
   <div class='ocr_carea' id='block_1_2' title="bbox 127 537 1331 2689">
    <p class='ocr_par' dir='ltr' id='par_1_2' title="bbox 127 537 1331 2689">
     <span class='ocr_line' id='line_1_2' title="bbox 127 537 1215 604; baseline 0.001 -5"><span class='ocrx_word' id='word_1_5' title='bbox 127 545 255 600; x_wconf 83' lang='lat' dir='ltr'>stratam</span> <span class='ocrx_word' id='word_1_6' title='bbox 285 545 396 600; x_wconf 87' lang='lat' dir='ltr'>contra</span> <span class='ocrx_word' id='word_1_7' title='bbox 428 537 610 602; x_wconf 88' lang='lat' dir='ltr'>barbaricas</span> <span class='ocrx_word' id='word_1_8' title='bbox 647 543 785 604; x_wconf 89' lang='lat' dir='ltr'>nationes</span> <span class='ocrx_word' id='word_1_9' title='bbox 819 542 994 603; x_wconf 77' lang='lat' dir='ltr'><strong>obtinentes</strong></span> <span class='ocrx_word' id='word_1_10' title='bbox 1029 539 1215 603; x_wconf 82' lang='lat' dir='ltr'>mirabiliter</span> 
     </span>
     <span class='ocr_line' id='line_1_3' title="bbox 128 623 1215 707; baseline 0.004 -27"><span class='ocrx_word' id='word_1_11' title='bbox 128 623 380 704; x_wconf 76' lang='lat' dir='ltr'>triurnpbarunt5</span> <span class='ocrx_word' id='word_1_12' title='bbox 414 625 590 706; x_wconf 77' lang='lat' dir='ltr'>exuviisque</span> <span class='ocrx_word' id='word_1_13' title='bbox 625 629 752 688; x_wconf 85' lang='lat' dir='ltr'>ostensis</span> <span class='ocrx_word' id='word_1_14' title='bbox 778 635 810 686; x_wconf 89' lang='lat' dir='ltr'>et</span> <span class='ocrx_word' id='word_1_15' title='bbox 838 649 873 687; x_wconf 82' lang='lat' dir='ltr'>ea</span> <span class='ocrx_word' id='word_1_16' title='bbox 896 626 976 686; x_wconf 87' lang='lat' dir='ltr'>bello</span> <span class='ocrx_word' id='word_1_17' title='bbox 998 627 1158 707; x_wconf 73' lang='lat' dir='ltr'>mancipiis</span> <span class='ocrx_word' id='word_1_18' title='bbox 1182 626 1215 684; x_wconf 91' lang='lat' dir='ltr'>in</span> 
     </span>
     <span class='ocr_line' id='line_1_4' title="bbox 127 706 1216 793; baseline 0.004 -29"><span class='ocrx_word' id='word_1_19' title='bbox 127 707 225 767; x_wconf 84' lang='lat' dir='ltr'>inedia</span> <span class='ocrx_word' id='word_1_20' title='bbox 248 706 328 768; x_wconf 89' lang='lat' dir='ltr'>urhe</span> <span class='ocrx_word' id='word_1_21' title='bbox 355 709 477 788; x_wconf 79' lang='lat' dir='ltr'>pompis</span> <span class='ocrx_word' id='word_1_22' title='bbox 514 709 589 769; x_wconf 84' lang='lat' dir='ltr'>haee</span> <span class='ocrx_word' id='word_1_23' title='bbox 616 710 801 790; x_wconf 86' lang='lat' dir='ltr'>publicavit,</span> <span class='ocrx_word' id='word_1_24' title='bbox 829 709 914 793; x_wconf 93' lang='lat' dir='ltr'>quod</span> <span class='ocrx_word' id='word_1_25' title='bbox 939 709 1132 790; x_wconf 88' lang='lat' dir='ltr'>triumphum</span> <span class='ocrx_word' id='word_1_26' title='bbox 1155 730 1216 768; x_wconf 86' lang='lat' dir='ltr'>vo·-</span> 
     </span>
     <span class='ocr_line' id='line_1_5' title="bbox 129 789 1215 876; baseline 0.005 -29"><span class='ocrx_word' id='word_1_27' title='bbox 129 797 197 848; x_wconf 88' lang='lat' dir='ltr'>eaut</span> <span class='ocrx_word' id='word_1_28' title='bbox 217 789 360 851; x_wconf 88' lang='lat' dir='ltr'>Romani.</span> <span class='ocrx_word' id='word_1_29' title='bbox 409 793 452 850; x_wconf 89' lang='lat' dir='ltr'>sio</span> <span class='ocrx_word' id='word_1_30' title='bbox 482 794 578 851; x_wconf 86' lang='lat' dir='ltr'>veteri</span> <span class='ocrx_word' id='word_1_31' title='bbox 609 793 734 874; x_wconf 87' lang='lat' dir='ltr'>quidem</span> <span class='ocrx_word' id='word_1_32' title='bbox 757 793 872 868; x_wconf 91' lang='lat' dir='ltr'>modo,</span> <span class='ocrx_word' id='word_1_33' title='bbox 893 794 946 853; x_wconf 88' lang='lat' dir='ltr'>sed</span> <span class='ocrx_word' id='word_1_34' title='bbox 970 793 1105 876; x_wconf 81' lang='lat' dir='ltr'>pedestri</span> <span class='ocrx_word' id='word_1_35' title='bbox 1128 792 1215 852; x_wconf 88' lang='lat' dir='ltr'>ince-</span> 
     </span>
     <span class='ocr_line' id='line_1_6' title="bbox 130 873 1216 958; baseline 0.004 -26"><span class='ocrx_word' id='word_1_36' title='bbox 130 873 201 932; x_wconf 76' lang='lat' dir='ltr'>ileas</span> <span class='ocrx_word' id='word_1_37' title='bbox 224 895 261 934; x_wconf 82' lang='lat' dir='ltr'>ex</span> <span class='ocrx_word' id='word_1_38' title='bbox 292 873 387 936; x_wconf 90' lang='lat' dir='ltr'>domo</span> <span class='ocrx_word' id='word_1_39' title='bbox 423 897 477 934; x_wconf 89' lang='lat' dir='ltr'>saa</span> <span class='ocrx_word' id='word_1_40' title='bbox 500 897 597 958; x_wconf 90' lang='lat' dir='ltr'>usque</span> <span class='ocrx_word' id='word_1_41' title='bbox 623 876 661 935; x_wconf 86' lang='lat' dir='ltr'>ad</span> <span class='ocrx_word' id='word_1_42' title='bbox 683 877 958 958; x_wconf 87' lang='lat' dir='ltr'>Hippodromium.</span> <span class='ocrx_word' id='word_1_43' title='bbox 999 884 1089 936; x_wconf 82' lang='lat' dir='ltr'>erant</span> <span class='ocrx_word' id='word_1_44' title='bbox 1112 879 1216 936; x_wconf 82' lang='lat' dir='ltr'>autem</span> 
     </span>
     <span class='ocr_line' id='line_1_7' title="bbox 129 957 1217 1040; baseline 0.007 -26"><span class='ocrx_word' id='word_1_45' title='bbox 129 957 252 1016; x_wconf 84' lang='lat' dir='ltr'>exuviae</span> <span class='ocrx_word' id='word_1_46' title='bbox 276 965 436 1040; x_wconf 78' lang='lat' dir='ltr'><strong>quotquot</strong></span> <span class='ocrx_word' id='word_1_47' title='bbox 463 957 727 1020; x_wconf 87' lang='lat' dir='ltr'>administratorio</span> <span class='ocrx_word' id='word_1_48' title='bbox 760 960 910 1040; x_wconf 88' lang='lat' dir='ltr'>principis</span> <span class='ocrx_word' id='word_1_49' title='bbox 932 959 1036 1020; x_wconf 87' lang='lat' dir='ltr'>ordini</span> <span class='ocrx_word' id='word_1_50' title='bbox 1059 967 1217 1040; x_wconf 81' lang='lat' dir='ltr'>compete·</span> 
     </span>
     <span class='ocr_line' id='line_1_8' title="bbox 129 1039 1234 1126; baseline 0.007 -29"><span class='ocrx_word' id='word_1_51' title='bbox 129 1040 221 1114; x_wconf 87' lang='lat' dir='ltr'>bant,</span> <span class='ocrx_word' id='word_1_52' title='bbox 244 1039 276 1100; x_wconf 89' lang='lat' dir='ltr'>id</span> <span class='ocrx_word' id='word_1_53' title='bbox 308 1048 353 1102; x_wconf 86' lang='lat' dir='ltr'>est</span> <span class='ocrx_word' id='word_1_54' title='bbox 375 1041 480 1100; x_wconf 80' lang='lat' dir='ltr'>throni</span> <span class='ocrx_word' id='word_1_55' title='bbox 514 1043 599 1102; x_wconf 87' lang='lat' dir='ltr'>aurei</span> <span class='ocrx_word' id='word_1_56' title='bbox 622 1054 655 1104; x_wconf 88' lang='lat' dir='ltr'>et</span> <span class='ocrx_word' id='word_1_57' title='bbox 687 1042 820 1119; x_wconf 84' lang='lat' dir='ltr'>rhedae,</span> <span class='ocrx_word' id='word_1_58' title='bbox 843 1044 954 1126; x_wconf 86' lang='lat' dir='ltr'>quibus</span> <span class='ocrx_word' id='word_1_59' title='bbox 977 1065 1083 1125; x_wconf 84' lang='lat' dir='ltr'>regam</span> <span class='ocrx_word' id='word_1_60' title='bbox 1105 1045 1234 1105; x_wconf 82' lang='lat' dir='ltr'>uxores&#39;</span> 
     </span>
     <span class='ocr_line' id='line_1_9' title="bbox 131 1123 1217 1208; baseline 0.002 -24"><span class='ocrx_word' id='word_1_61' title='bbox 131 1123 294 1200; x_wconf 86' lang='lat' dir='ltr'>vehuntur,</span> <span class='ocrx_word' id='word_1_62' title='bbox 318 1135 507 1206; x_wconf 83' lang='lat' dir='ltr'>ornatusque</span> <span class='ocrx_word' id='word_1_63' title='bbox 529 1127 567 1186; x_wconf 90' lang='lat' dir='ltr'>de</span> <span class='ocrx_word' id='word_1_64' title='bbox 601 1125 752 1207; x_wconf 79' lang='lat' dir='ltr'>lapidibus</span> <span class='ocrx_word' id='word_1_65' title='bbox 777 1129 919 1207; x_wconf 81' lang='lat' dir='ltr'>pretiosis</span> <span class='ocrx_word' id='word_1_66' title='bbox 944 1127 1143 1208; x_wconf 86' lang='lat' dir='ltr'>compositus,</span> <span class='ocrx_word' id='word_1_67' title='bbox 1166 1148 1217 1186; x_wconf 87' lang='lat' dir='ltr'>ar-</span> 
     </span>
     <span class='ocr_line' id='line_1_10' title="bbox 128 1207 1218 1292; baseline 0.004 -26"><span class='ocrx_word' id='word_1_68' title='bbox 128 1207 208 1288; x_wconf 82' lang='lat' dir='ltr'>genti</span> <span class='ocrx_word' id='word_1_69' title='bbox 231 1227 360 1289; x_wconf 90' lang='lat' dir='ltr'>quoque</span> <span class='ocrx_word' id='word_1_70' title='bbox 391 1209 486 1268; x_wconf 87' lang='lat' dir='ltr'>multe</span> <span class='ocrx_word' id='word_1_71' title='bbox 517 1209 602 1269; x_wconf 90' lang='lat' dir='ltr'>milia</span> <span class='ocrx_word' id='word_1_72' title='bbox 625 1209 825 1286; x_wconf 78' lang='lat' dir='ltr'>talentorum,</span> <span class='ocrx_word' id='word_1_73' title='bbox 845 1221 877 1270; x_wconf 87' lang='lat' dir='ltr'>et</span> <span class='ocrx_word' id='word_1_74' title='bbox 900 1211 1096 1271; x_wconf 83' lang='lat' dir='ltr'>diversorum</span> <span class='ocrx_word' id='word_1_75' title='bbox 1116 1210 1218 1292; x_wconf 55' lang='lat' dir='ltr'>impe„</span> 
     </span>
     <span class='ocr_line' id='line_1_11' title="bbox 130 1289 1217 1376; baseline 0.004 -28"><span class='ocrx_word' id='word_1_76' title='bbox 130 1289 250 1348; x_wconf 90' lang='lat' dir='ltr'>rialinm</span> <span class='ocrx_word' id='word_1_77' title='bbox 271 1309 433 1366; x_wconf 86' lang='lat' dir='ltr'>vasorum,</span> <span class='ocrx_word' id='word_1_78' title='bbox 457 1313 537 1373; x_wconf 86' lang='lat' dir='ltr'>qnae</span> <span class='ocrx_word' id='word_1_79' title='bbox 559 1291 746 1352; x_wconf 82' lang='lat' dir='ltr'>Gezerichus</span> <span class='ocrx_word' id='word_1_80' title='bbox 768 1293 910 1354; x_wconf 85' lang='lat' dir='ltr'>Romano</span> <span class='ocrx_word' id='word_1_81' title='bbox 933 1293 1106 1375; x_wconf 87' lang='lat' dir='ltr'>despoliato</span> <span class='ocrx_word' id='word_1_82' title='bbox 1128 1293 1217 1376; x_wconf 88' lang='lat' dir='ltr'>pala-</span> 
     </span>
     <span class='ocr_line' id='line_1_12' title="bbox 131 1373 1218 1459; baseline 0.006 -30"><span class='ocrx_word' id='word_1_83' title='bbox 131 1375 173 1432; x_wconf 93' lang='lat' dir='ltr'>tio</span> <span class='ocrx_word' id='word_1_84' title='bbox 197 1373 332 1434; x_wconf 79' lang='lat' dir='ltr'>Africam</span> <span class='ocrx_word' id='word_1_85' title='bbox 357 1375 446 1447; x_wconf 87' lang='lat' dir='ltr'>tulit,</span> <span class='ocrx_word' id='word_1_86' title='bbox 475 1377 560 1436; x_wconf 84' lang='lat' dir='ltr'>inter</span> <span class='ocrx_word' id='word_1_87' title='bbox 591 1398 671 1458; x_wconf 90' lang='lat' dir='ltr'>quae</span> <span class='ocrx_word' id='word_1_88' title='bbox 691 1385 722 1436; x_wconf 87' lang='lat' dir='ltr'>et</span> <span class='ocrx_word' id='word_1_89' title='bbox 742 1375 927 1437; x_wconf 89' lang='lat' dir='ltr'>ludaeorum</span> <span class='ocrx_word' id='word_1_90' title='bbox 946 1398 1027 1450; x_wconf 82' lang='lat' dir='ltr'>vasa,</span> <span class='ocrx_word' id='word_1_91' title='bbox 1049 1396 1130 1459; x_wconf 84' lang='lat' dir='ltr'>qaae</span> <span class='ocrx_word' id='word_1_92' title='bbox 1150 1376 1218 1436; x_wconf 86' lang='lat' dir='ltr'>Ve-</span> 
     </span>
     <span class='ocr_line' id='line_1_13' title="bbox 129 1455 1218 1544; baseline 0.006 -32"><span class='ocrx_word' id='word_1_93' title='bbox 129 1457 255 1536; x_wconf 87' lang='lat' dir='ltr'>spasiani</span> <span class='ocrx_word' id='word_1_94' title='bbox 278 1455 358 1518; x_wconf 86' lang='lat' dir='ltr'>lilius</span> <span class='ocrx_word' id='word_1_95' title='bbox 378 1459 466 1518; x_wconf 85' lang='lat' dir='ltr'>Titus</span> <span class='ocrx_word' id='word_1_96' title='bbox 486 1469 558 1540; x_wconf 89' lang='lat' dir='ltr'>post</span> <span class='ocrx_word' id='word_1_97' title='bbox 586 1469 710 1541; x_wconf 87' lang='lat' dir='ltr'>captam</span> <span class='ocrx_word' id='word_1_98' title='bbox 738 1459 984 1544; x_wconf 80' lang='lat' dir='ltr'>Hierosolymam</span> <span class='ocrx_word' id='word_1_99' title='bbox 1007 1461 1136 1520; x_wconf 80' lang='lat' dir='ltr'>Romam</span> <span class='ocrx_word' id='word_1_100' title='bbox 1161 1457 1218 1519; x_wconf 90' lang='lat' dir='ltr'>de-</span> 
     </span>
     <span class='ocr_line' id='line_1_14' title="bbox 130 1541 1218 1624; baseline 0.005 -26"><span class='ocrx_word' id='word_1_101' title='bbox 130 1541 251 1600; x_wconf 88' lang='lat' dir='ltr'>tulerat.</span> <span class='ocrx_word' id='word_1_102' title='bbox 309 1541 461 1622; x_wconf 88' lang='lat' dir='ltr'>mancipia</span> <span class='ocrx_word' id='word_1_103' title='bbox 498 1554 699 1604; x_wconf 86' lang='lat' dir='ltr'>vero-erant</span> <span class='ocrx_word' id='word_1_104' title='bbox 728 1565 764 1602; x_wconf 85' lang='lat' dir='ltr'>ex</span> <span class='ocrx_word' id='word_1_105' title='bbox 794 1541 955 1624; x_wconf 89' lang='lat' dir='ltr'>triumpho</span> <span class='ocrx_word' id='word_1_106' title='bbox 987 1550 1048 1603; x_wconf 88' lang='lat' dir='ltr'>tam</span> <span class='ocrx_word' id='word_1_107' title='bbox 1072 1543 1136 1623; x_wconf 89' lang='lat' dir='ltr'>ipse</span> <span class='ocrx_word' id='word_1_108' title='bbox 1155 1544 1218 1603; x_wconf 85' lang='lat' dir='ltr'>Ge·</span> 
     </span>
     <span class='ocr_line' id='line_1_15' title="bbox 131 1623 1219 1708; baseline 0.003 -26"><span class='ocrx_word' id='word_1_109' title='bbox 131 1623 227 1699; x_wconf 86' lang='lat' dir='ltr'>limer,</span> <span class='ocrx_word' id='word_1_110' title='bbox 247 1624 464 1684; x_wconf 85' lang='lat' dir='ltr'>vestimentum</span> <span class='ocrx_word' id='word_1_111' title='bbox 485 1625 644 1707; x_wconf 79' lang='lat' dir='ltr'>qaroddam</span> <span class='ocrx_word' id='word_1_112' title='bbox 665 1636 794 1708; x_wconf 79' lang='lat' dir='ltr'>portans</span> <span class='ocrx_word' id='word_1_113' title='bbox 815 1647 1024 1708; x_wconf 84' lang='lat' dir='ltr'>pnrpuream,</span> <span class='ocrx_word' id='word_1_114' title='bbox 1046 1634 1079 1685; x_wconf 90' lang='lat' dir='ltr'>et</span> <span class='ocrx_word' id='word_1_115' title='bbox 1101 1645 1219 1708; x_wconf 89' lang='lat' dir='ltr'>cogna-</span> 
     </span>
     <span class='ocr_line' id='line_1_16' title="bbox 132 1707 1219 1793; baseline 0.005 -29"><span class='ocrx_word' id='word_1_116' title='bbox 132 1707 173 1766; x_wconf 86' lang='lat' dir='ltr'>tio</span> <span class='ocrx_word' id='word_1_117' title='bbox 196 1707 261 1766; x_wconf 84' lang='lat' dir='ltr'>eias</span> <span class='ocrx_word' id='word_1_118' title='bbox 286 1709 438 1785; x_wconf 86' lang='lat' dir='ltr'>universa,</span> <span class='ocrx_word' id='word_1_119' title='bbox 462 1709 677 1770; x_wconf 85' lang='lat' dir='ltr'>Varrdalorum</span> <span class='ocrx_word' id='word_1_120' title='bbox 700 1731 827 1793; x_wconf 88' lang='lat' dir='ltr'>quoqne</span> <span class='ocrx_word' id='word_1_121' title='bbox 848 1718 1008 1792; x_wconf 86' lang='lat' dir='ltr'>quotquot</span> <span class='ocrx_word' id='word_1_122' title='bbox 1028 1708 1118 1769; x_wconf 89' lang='lat' dir='ltr'>valde</span> <span class='ocrx_word' id='word_1_123' title='bbox 1139 1728 1219 1790; x_wconf 88' lang='lat' dir='ltr'>pro-</span> 
     </span>
     <span class='ocr_line' id='line_1_17' title="bbox 131 1789 1217 1876; baseline 0.004 -29"><span class='ocrx_word' id='word_1_124' title='bbox 131 1789 204 1850; x_wconf 83' lang='lat' dir='ltr'>lixae</span> <span class='ocrx_word' id='word_1_125' title='bbox 225 1799 363 1852; x_wconf 86' lang='lat' dir='ltr'>statarae</span> <span class='ocrx_word' id='word_1_126' title='bbox 385 1812 421 1851; x_wconf 86' lang='lat' dir='ltr'>ac</span> <span class='ocrx_word' id='word_1_127' title='bbox 449 1791 524 1853; x_wconf 89' lang='lat' dir='ltr'>honi</span> <span class='ocrx_word' id='word_1_128' title='bbox 556 1793 699 1874; x_wconf 88' lang='lat' dir='ltr'>corporis</span> <span class='ocrx_word' id='word_1_129' title='bbox 720 1803 821 1853; x_wconf 84' lang='lat' dir='ltr'>erant.</span> <span class='ocrx_word' id='word_1_130' title='bbox 876 1814 1010 1876; x_wconf 86' lang='lat' dir='ltr'>eamque</span> <span class='ocrx_word' id='word_1_131' title='bbox 1030 1793 1169 1854; x_wconf 89' lang='lat' dir='ltr'>Gelimer</span> <span class='ocrx_word' id='word_1_132' title='bbox 1185 1792 1217 1851; x_wconf 91' lang='lat' dir='ltr'>in</span> 
     </span>
     <span class='ocr_line' id='line_1_18' title="bbox 129 1873 1331 1958; baseline 0.003 -27"><span class='ocrx_word' id='word_1_133' title='bbox 129 1873 393 1954; x_wconf 85' lang='lat' dir='ltr'>Hippodromium</span> <span class='ocrx_word' id='word_1_134' title='bbox 413 1875 612 1956; x_wconf 84' lang='lat' dir='ltr'>pervenisset,</span> <span class='ocrx_word' id='word_1_135' title='bbox 645 1887 678 1938; x_wconf 89' lang='lat' dir='ltr'>ct</span> <span class='ocrx_word' id='word_1_136' title='bbox 711 1884 774 1936; x_wconf 89' lang='lat' dir='ltr'>tam</span> <span class='ocrx_word' id='word_1_137' title='bbox 796 1877 1020 1958; x_wconf 84' lang='lat' dir='ltr'>imperatorem</span> <span class='ocrx_word' id='word_1_138' title='bbox 1039 1896 1134 1958; x_wconf 84' lang='lat' dir='ltr'>snpra</span> <span class='ocrx_word' id='word_1_139' title='bbox 1160 1876 1219 1935; x_wconf 85' lang='lat' dir='ltr'>tri.</span> <span class='ocrx_word' id='word_1_140' title='bbox 1327 1911 1331 1919; x_wconf 49' lang='grc' dir='ltr'><em>ι</em></span> 
     </span>
     <span class='ocr_line' id='line_1_19' title="bbox 129 1957 1316 2042; baseline 0.002 -26"><span class='ocrx_word' id='word_1_141' title='bbox 129 1957 221 2017; x_wconf 87' lang='lat' dir='ltr'>huual</span> <span class='ocrx_word' id='word_1_142' title='bbox 240 1957 398 2020; x_wconf 82' lang='lat' dir='ltr'>sedentem</span> <span class='ocrx_word' id='word_1_143' title='bbox 443 1981 515 2019; x_wconf 89' lang='lat' dir='ltr'>aam</span> <span class='ocrx_word' id='word_1_144' title='bbox 537 1981 573 2020; x_wconf 83' lang='lat' dir='ltr'>ex</span> <span class='ocrx_word' id='word_1_145' title='bbox 604 1971 737 2042; x_wconf 87' lang='lat' dir='ltr'>utraque</span> <span class='ocrx_word' id='word_1_146' title='bbox 756 1968 848 2040; x_wconf 87' lang='lat' dir='ltr'>parte</span> <span class='ocrx_word' id='word_1_147' title='bbox 872 1957 1316 2042; x_wconf 82' lang='lat' dir='ltr'>valgusastansvidis-p.310</span> 
     </span>
     <span class='ocr_line' id='line_1_20' title="bbox 129 1981 1221 2124; baseline 0.004 -24"><span class='ocrx_word' id='word_1_148' title='bbox 129 2051 191 2116; x_wconf 85' lang='lat' dir='ltr'>set,</span> <span class='ocrx_word' id='word_1_149' title='bbox 214 2061 279 2102; x_wconf 90' lang='lat' dir='ltr'>non</span> <span class='ocrx_word' id='word_1_150' title='bbox 311 1981 487 2124; x_wconf 63' lang='lat' dir='ltr'>quiescdbat</span> <span class='ocrx_word' id='word_1_151' title='bbox 518 2042 649 2104; x_wconf 87' lang='lat' dir='ltr'>clamans</span> <span class='ocrx_word' id='word_1_152' title='bbox 680 2045 820 2104; x_wconf 84' lang='lat' dir='ltr'>“vanitas</span> <span class='ocrx_word' id='word_1_153' title='bbox 850 2045 1040 2120; x_wconf 83' lang='lat' dir='ltr'>vanitatum,</span> <span class='ocrx_word' id='word_1_154' title='bbox 1062 2052 1095 2103; x_wconf 88' lang='lat' dir='ltr'>ct</span> <span class='ocrx_word' id='word_1_155' title='bbox 1115 2042 1221 2105; x_wconf 82' lang='lat' dir='ltr'>omnia</span> 
     </span>
     <span class='ocr_line' id='line_1_21' title="bbox 130 2125 1220 2208; baseline -0.001 -26"><span class='ocrx_word' id='word_1_156' title='bbox 130 2125 285 2200; x_wconf 51' lang='lat' dir='ltr'>vanitas.’&#39;¹</span> <span class='ocrx_word' id='word_1_157' title='bbox 315 2125 546 2207; x_wconf 88' lang='lat' dir='ltr'>pertingentem</span> <span class='ocrx_word' id='word_1_158' title='bbox 566 2137 670 2188; x_wconf 88' lang='lat' dir='ltr'>autem</span> <span class='ocrx_word' id='word_1_159' title='bbox 697 2149 768 2188; x_wconf 90' lang='lat' dir='ltr'>eam</span> <span class='ocrx_word' id='word_1_160' title='bbox 791 2127 875 2188; x_wconf 83' lang='lat' dir='ltr'>iaxta</span> <span class='ocrx_word' id='word_1_161' title='bbox 897 2127 1094 2208; x_wconf 87' lang='lat' dir='ltr'>imperatoris</span> <span class='ocrx_word' id='word_1_162' title='bbox 1114 2126 1220 2187; x_wconf 86' lang='lat' dir='ltr'>triba.</span> 
     </span>
     <span class='ocr_line' id='line_1_22' title="bbox 131 2206 1221 2292; baseline 0.002 -26"><span class='ocrx_word' id='word_1_163' title='bbox 131 2206 178 2266; x_wconf 83' lang='lat' dir='ltr'>nal</span> <span class='ocrx_word' id='word_1_164' title='bbox 198 2227 342 2289; x_wconf 85' lang='lat' dir='ltr'>purpura</span> <span class='ocrx_word' id='word_1_165' title='bbox 363 2209 426 2268; x_wconf 87' lang='lat' dir='ltr'>eius</span> <span class='ocrx_word' id='word_1_166' title='bbox 447 2209 548 2270; x_wconf 85' lang='lat' dir='ltr'>ablata</span> <span class='ocrx_word' id='word_1_167' title='bbox 576 2231 714 2292; x_wconf 89' lang='lat' dir='ltr'>pronum</span> <span class='ocrx_word' id='word_1_168' title='bbox 743 2209 856 2271; x_wconf 88' lang='lat' dir='ltr'>eadere</span> <span class='ocrx_word' id='word_1_169' title='bbox 884 2219 917 2270; x_wconf 89' lang='lat' dir='ltr'>et</span> <span class='ocrx_word' id='word_1_170' title='bbox 944 2209 1077 2270; x_wconf 87' lang='lat' dir='ltr'>adorare</span> <span class='ocrx_word' id='word_1_171' title='bbox 1107 2211 1221 2292; x_wconf 63' lang='lat' dir='ltr'>coege-</span> 
     </span>
     <span class='ocr_line' id='line_1_23' title="bbox 132 2291 1219 2376; baseline 0.002 -27"><span class='ocrx_word' id='word_1_172' title='bbox 132 2302 203 2353; x_wconf 91' lang='lat' dir='ltr'>rant</span> <span class='ocrx_word' id='word_1_173' title='bbox 226 2291 460 2373; x_wconf 85' lang='lat' dir='ltr'>imperatorem.</span> <span class='ocrx_word' id='word_1_174' title='bbox 512 2301 544 2353; x_wconf 87' lang='lat' dir='ltr'>at</span> <span class='ocrx_word' id='word_1_175' title='bbox 566 2315 642 2354; x_wconf 91' lang='lat' dir='ltr'>vero</span> <span class='ocrx_word' id='word_1_176' title='bbox 664 2295 840 2376; x_wconf 88' lang='lat' dir='ltr'>imperator</span> <span class='ocrx_word' id='word_1_177' title='bbox 867 2295 1015 2355; x_wconf 87' lang='lat' dir='ltr'>Gelimeri</span> <span class='ocrx_word' id='word_1_178' title='bbox 1036 2291 1165 2374; x_wconf 86' lang='lat' dir='ltr'>praedia</span> <span class='ocrx_word' id='word_1_179' title='bbox 1187 2291 1219 2351; x_wconf 94' lang='lat' dir='ltr'>in</span> 
     </span>
     <span class='ocr_line' id='line_1_24' title="bbox 130 2374 1219 2458; baseline 0.005 -28"><span class='ocrx_word' id='word_1_180' title='bbox 130 2374 251 2434; x_wconf 70' lang='lat' dir='ltr'>Galatia</span> <span class='ocrx_word' id='word_1_181' title='bbox 273 2375 368 2434; x_wconf 89' lang='lat' dir='ltr'>malta</span> <span class='ocrx_word' id='word_1_182' title='bbox 393 2375 526 2436; x_wconf 86' lang='lat' dir='ltr'>eontulit</span> <span class='ocrx_word' id='word_1_183' title='bbox 546 2386 578 2438; x_wconf 89' lang='lat' dir='ltr'>et</span> <span class='ocrx_word' id='word_1_184' title='bbox 598 2399 741 2455; x_wconf 89' lang='lat' dir='ltr'>amoena,</span> <span class='ocrx_word' id='word_1_185' title='bbox 764 2384 795 2435; x_wconf 90' lang='lat' dir='ltr'>et</span> <span class='ocrx_word' id='word_1_186' title='bbox 818 2399 891 2436; x_wconf 90' lang='lat' dir='ltr'>eum</span> <span class='ocrx_word' id='word_1_187' title='bbox 914 2376 1057 2436; x_wconf 85' lang='lat' dir='ltr'>omnibus</span> <span class='ocrx_word' id='word_1_188' title='bbox 1080 2375 1219 2458; x_wconf 85' lang='lat' dir='ltr'>cognatis</span> 
     </span>
     <span class='ocr_line' id='line_1_25' title="bbox 130 2458 1220 2541; baseline 0.001 -25"><span class='ocrx_word' id='word_1_189' title='bbox 130 2459 188 2520; x_wconf 85' lang='lat' dir='ltr'>suis</span> <span class='ocrx_word' id='word_1_190' title='bbox 211 2459 241 2518; x_wconf 91' lang='lat' dir='ltr'>in</span> <span class='ocrx_word' id='word_1_191' title='bbox 263 2458 308 2519; x_wconf 88' lang='lat' dir='ltr'>his</span> <span class='ocrx_word' id='word_1_192' title='bbox 331 2458 474 2521; x_wconf 85' lang='lat' dir='ltr'>habitare</span> <span class='ocrx_word' id='word_1_193' title='bbox 491 2460 641 2541; x_wconf 88' lang='lat' dir='ltr'>permisit.</span> <span class='ocrx_word' id='word_1_194' title='bbox 691 2482 800 2519; x_wconf 89' lang='lat' dir='ltr'>verum</span> <span class='ocrx_word' id='word_1_195' title='bbox 822 2460 905 2520; x_wconf 90' lang='lat' dir='ltr'>hunc</span> <span class='ocrx_word' id='word_1_196' title='bbox 927 2462 958 2518; x_wconf 89' lang='lat' dir='ltr'>in</span> <span class='ocrx_word' id='word_1_197' title='bbox 979 2459 1105 2540; x_wconf 90' lang='lat' dir='ltr'>patricii</span> <span class='ocrx_word' id='word_1_198' title='bbox 1129 2458 1220 2518; x_wconf 84' lang='lat' dir='ltr'>ordi-</span> 
     </span>
     <span class='ocr_line' id='line_1_26' title="bbox 131 2540 1221 2627; baseline 0.001 -26"><span class='ocrx_word' id='word_1_199' title='bbox 131 2564 199 2602; x_wconf 88' lang='lat' dir='ltr'>nem</span> <span class='ocrx_word' id='word_1_200' title='bbox 223 2564 286 2603; x_wconf 90' lang='lat' dir='ltr'>nnu</span> <span class='ocrx_word' id='word_1_201' title='bbox 308 2544 462 2623; x_wconf 82' lang='lat' dir='ltr'>provexit,</span> <span class='ocrx_word' id='word_1_202' title='bbox 482 2564 520 2605; x_wconf 91' lang='lat' dir='ltr'>eo</span> <span class='ocrx_word' id='word_1_203' title='bbox 543 2544 629 2627; x_wconf 85' lang='lat' dir='ltr'>quod</span> <span class='ocrx_word' id='word_1_204' title='bbox 659 2544 697 2604; x_wconf 83' lang='lat' dir='ltr'>ab</span> <span class='ocrx_word' id='word_1_205' title='bbox 720 2543 787 2603; x_wconf 81' lang='lat' dir='ltr'>Arii</span> <span class='ocrx_word' id='word_1_206' title='bbox 806 2554 889 2603; x_wconf 84' lang='lat' dir='ltr'>secta</span> <span class='ocrx_word' id='word_1_207' title='bbox 910 2541 1070 2603; x_wconf 82' lang='lat' dir='ltr'>discedere</span> <span class='ocrx_word' id='word_1_208' title='bbox 1092 2540 1221 2602; x_wconf 87' lang='lat' dir='ltr'>minime</span> 
     </span>
     <span class='ocr_line' id='line_1_27' title="bbox 130 2626 330 2689; baseline 0.01 -4"><span class='ocrx_word' id='word_1_209' title='bbox 130 2626 330 2689; x_wconf 81' lang='lat' dir='ltr'>consentiret.</span> 
     </span>
    </p>
   </div>
   <div class='ocr_carea' id='block_1_3' title="bbox 127 2728 1311 3819">
    <p class='ocr_par' dir='ltr' id='par_1_3' title="bbox 127 2728 1311 3819">
     <span class='ocr_line' id='line_1_28' title="bbox 225 2728 1220 2817; baseline -0.001 -25"><span class='ocrx_word' id='word_1_210' title='bbox 225 2732 392 2796; x_wconf 89' lang='lat' dir='ltr'>Salomone</span> <span class='ocrx_word' id='word_1_211' title='bbox 408 2744 570 2817; x_wconf 86' lang='lat' dir='ltr'>praeterea</span> <span class='ocrx_word' id='word_1_212' title='bbox 602 2754 668 2795; x_wconf 91' lang='lat' dir='ltr'>rem</span> <span class='ocrx_word' id='word_1_213' title='bbox 688 2732 845 2815; x_wconf 87' lang='lat' dir='ltr'>publicam</span> <span class='ocrx_word' id='word_1_214' title='bbox 866 2731 1050 2794; x_wconf 87' lang='lat' dir='ltr'>moderante</span> <span class='ocrx_word' id='word_1_215' title='bbox 1068 2728 1220 2793; x_wconf 83' lang='lat' dir='ltr'>Maurusii</span> 
     </span>
     <span class='ocr_line' id='line_1_29' title="bbox 128 2814 1220 2900; baseline -0.002 -24"><span class='ocrx_word' id='word_1_216' title='bbox 128 2816 281 2897; x_wconf 86' lang='lat' dir='ltr'>praelium</span> <span class='ocrx_word' id='word_1_217' title='bbox 302 2816 445 2879; x_wconf 86' lang='lat' dir='ltr'>adversas</span> <span class='ocrx_word' id='word_1_218' title='bbox 466 2820 556 2879; x_wconf 83' lang='lat' dir='ltr'>hlros</span> <span class='ocrx_word' id='word_1_219' title='bbox 574 2824 750 2879; x_wconf 82' lang='lat' dir='ltr'>moverunt.</span> <span class='ocrx_word' id='word_1_220' title='bbox 794 2838 895 2900; x_wconf 86' lang='lat' dir='ltr'>porro</span> <span class='ocrx_word' id='word_1_221' title='bbox 917 2814 1066 2877; x_wconf 85' lang='lat' dir='ltr'>Maurusii</span> <span class='ocrx_word' id='word_1_222' title='bbox 1088 2837 1124 2876; x_wconf 82' lang='lat' dir='ltr'>ex</span> <span class='ocrx_word' id='word_1_223' title='bbox 1145 2836 1220 2897; x_wconf 87' lang='lat' dir='ltr'>geu-</span> 
     </span>
     <span class='ocr_line' id='line_1_30' title="bbox 127 2898 1219 2984; baseline 0 -25"><span class='ocrx_word' id='word_1_224' title='bbox 127 2902 206 2960; x_wconf 85' lang='lat' dir='ltr'>tihas</span> <span class='ocrx_word' id='word_1_225' title='bbox 230 2900 419 2963; x_wconf 82' lang='lat' dir='ltr'>descendunt</span> <span class='ocrx_word' id='word_1_226' title='bbox 451 2924 525 2984; x_wconf 88' lang='lat' dir='ltr'>quas</span> <span class='ocrx_word' id='word_1_227' title='bbox 561 2902 639 2962; x_wconf 88' lang='lat' dir='ltr'>lesus</span> <span class='ocrx_word' id='word_1_228' title='bbox 668 2904 751 2963; x_wconf 88' lang='lat' dir='ltr'>Nave</span> <span class='ocrx_word' id='word_1_229' title='bbox 773 2922 808 2962; x_wconf 84' lang='lat' dir='ltr'>ex</span> <span class='ocrx_word' id='word_1_230' title='bbox 838 2900 966 2982; x_wconf 80' lang='lat' dir='ltr'>regione</span> <span class='ocrx_word' id='word_1_231' title='bbox 982 2898 1219 2983; x_wconf 62' lang='lat' dir='ltr'>Phoenicuma</span> 
     </span>
     <span class='ocr_line' id='line_1_31' title="bbox 128 2982 1217 3069; baseline 0.003 -29"><span class='ocrx_word' id='word_1_232' title='bbox 128 2983 243 3045; x_wconf 89' lang='lat' dir='ltr'>Sidone</span> <span class='ocrx_word' id='word_1_233' title='bbox 263 2984 303 3045; x_wconf 88' lang='lat' dir='ltr'>ad</span> <span class='ocrx_word' id='word_1_234' title='bbox 331 2988 505 3069; x_wconf 50' lang='lat' dir='ltr'>hffivptum</span> <span class='ocrx_word' id='word_1_235' title='bbox 537 3006 634 3067; x_wconf 89' lang='lat' dir='ltr'>usqae</span> <span class='ocrx_word' id='word_1_236' title='bbox 663 2982 837 3045; x_wconf 81' lang='lat' dir='ltr'>habitantes</span> <span class='ocrx_word' id='word_1_237' title='bbox 867 2984 978 3066; x_wconf 81' lang='lat' dir='ltr'>abegit.</span> <span class='ocrx_word' id='word_1_238' title='bbox 1028 2985 1082 3067; x_wconf 94' lang='lat' dir='ltr'>qai</span> <span class='ocrx_word' id='word_1_239' title='bbox 1103 3002 1217 3064; x_wconf 85' lang='lat' dir='ltr'>perve-</span> 
     </span>
     <span class='ocr_line' id='line_1_32' title="bbox 130 3065 1218 3152; baseline -0.002 -26"><span class='ocrx_word' id='word_1_240' title='bbox 130 3066 245 3127; x_wconf 87' lang='lat' dir='ltr'>nientes</span> <span class='ocrx_word' id='word_1_241' title='bbox 267 3070 458 3152; x_wconf 80' lang='lat' dir='ltr'>Aegyptam,</span> <span class='ocrx_word' id='word_1_242' title='bbox 488 3078 521 3129; x_wconf 91' lang='lat' dir='ltr'>et</span> <span class='ocrx_word' id='word_1_243' title='bbox 543 3088 605 3127; x_wconf 91' lang='lat' dir='ltr'>non</span> <span class='ocrx_word' id='word_1_244' title='bbox 630 3069 748 3151; x_wconf 89' lang='lat' dir='ltr'>recepti</span> <span class='ocrx_word' id='word_1_245' title='bbox 770 3068 808 3127; x_wconf 88' lang='lat' dir='ltr'>ab</span> <span class='ocrx_word' id='word_1_246' title='bbox 831 3066 889 3142; x_wconf 87' lang='lat' dir='ltr'>eis,</span> <span class='ocrx_word' id='word_1_247' title='bbox 919 3066 958 3127; x_wconf 89' lang='lat' dir='ltr'>nd</span> <span class='ocrx_word' id='word_1_248' title='bbox 979 3065 1110 3149; x_wconf 79' lang='lat' dir='ltr'>bilsyam</span> <span class='ocrx_word' id='word_1_249' title='bbox 1131 3066 1218 3125; x_wconf 88' lang='lat' dir='ltr'>veui.</span> 
     </span>
     <span class='ocr_line' id='line_1_33' title="bbox 128 3149 1217 3231; baseline 0.001 -24"><span class='ocrx_word' id='word_1_250' title='bbox 128 3158 202 3223; x_wconf 88' lang='lat' dir='ltr'>nnt;</span> <span class='ocrx_word' id='word_1_251' title='bbox 223 3157 255 3211; x_wconf 85' lang='lat' dir='ltr'>et</span> <span class='ocrx_word' id='word_1_252' title='bbox 274 3150 355 3212; x_wconf 88' lang='lat' dir='ltr'>hane</span> <span class='ocrx_word' id='word_1_253' title='bbox 375 3150 616 3214; x_wconf 88' lang='lat' dir='ltr'>inhabitantibus</span> <span class='ocrx_word' id='word_1_254' title='bbox 638 3151 702 3227; x_wconf 86' lang='lat' dir='ltr'>eis,</span> <span class='ocrx_word' id='word_1_255' title='bbox 730 3150 896 3211; x_wconf 87' lang='lat' dir='ltr'>novissimo</span> <span class='ocrx_word' id='word_1_256' title='bbox 918 3159 1063 3231; x_wconf 87' lang='lat' dir='ltr'>ternpore</span> <span class='ocrx_word' id='word_1_257' title='bbox 1080 3149 1217 3228; x_wconf 87' lang='lat' dir='ltr'>impera·</span> 
     </span>
     <span class='ocr_line' id='line_1_34' title="bbox 131 3231 1311 3315; baseline -0.002 -24"><span class='ocrx_word' id='word_1_258' title='bbox 131 3240 212 3294; x_wconf 88' lang='lat' dir='ltr'>tores</span> <span class='ocrx_word' id='word_1_259' title='bbox 233 3234 364 3296; x_wconf 87' lang='lat' dir='ltr'>Romani</span> <span class='ocrx_word' id='word_1_260' title='bbox 396 3245 514 3297; x_wconf 88' lang='lat' dir='ltr'>terram</span> <span class='ocrx_word' id='word_1_261' title='bbox 548 3234 722 3296; x_wconf 88' lang='lat' dir='ltr'>obtinentes</span> <span class='ocrx_word' id='word_1_262' title='bbox 744 3233 825 3295; x_wconf 88' lang='lat' dir='ltr'>hane</span> <span class='ocrx_word' id='word_1_263' title='bbox 856 3234 944 3293; x_wconf 89' lang='lat' dir='ltr'>Hoea</span> <span class='ocrx_word' id='word_1_264' title='bbox 966 3231 1311 3315; x_wconf 74' lang='lat' dir='ltr'>nominaverant,p.311</span> 
     </span>
     <span class='ocr_line' id='line_1_35' title="bbox 129 3313 1216 3399; baseline -0.001 -24"><span class='ocrx_word' id='word_1_265' title='bbox 129 3324 294 3379; x_wconf 85' lang='lat' dir='ltr'>statuentes</span> <span class='ocrx_word' id='word_1_266' title='bbox 326 3320 431 3379; x_wconf 89' lang='lat' dir='ltr'>titulos</span> <span class='ocrx_word' id='word_1_267' title='bbox 466 3318 543 3381; x_wconf 87' lang='lat' dir='ltr'>duos</span> <span class='ocrx_word' id='word_1_268' title='bbox 572 3338 665 3399; x_wconf 88' lang='lat' dir='ltr'>supra</span> <span class='ocrx_word' id='word_1_269' title='bbox 698 3339 844 3399; x_wconf 88' lang='lat' dir='ltr'>magnam</span> <span class='ocrx_word' id='word_1_270' title='bbox 864 3318 984 3376; x_wconf 86' lang='lat' dir='ltr'>fontem</span> <span class='ocrx_word' id='word_1_271' title='bbox 1006 3335 1041 3376; x_wconf 83' lang='lat' dir='ltr'>ex</span> <span class='ocrx_word' id='word_1_272' title='bbox 1062 3313 1216 3396; x_wconf 88' lang='lat' dir='ltr'>lapidibus</span> 
     </span>
     <span class='ocr_line' id='line_1_36' title="bbox 129 3395 1217 3481; baseline 0 -23"><span class='ocrx_word' id='word_1_273' title='bbox 129 3399 265 3462; x_wconf 85' lang='lat' dir='ltr'>candidis</span> <span class='ocrx_word' id='word_1_274' title='bbox 287 3402 441 3481; x_wconf 85' lang='lat' dir='ltr'>concavis,</span> <span class='ocrx_word' id='word_1_275' title='bbox 460 3402 609 3467; x_wconf 88' lang='lat' dir='ltr'>babentes</span> <span class='ocrx_word' id='word_1_276' title='bbox 632 3402 749 3463; x_wconf 88' lang='lat' dir='ltr'>litteras</span> <span class='ocrx_word' id='word_1_277' title='bbox 764 3400 963 3474; x_wconf 87' lang='lat' dir='ltr'>Phoeniceas,</span> <span class='ocrx_word' id='word_1_278' title='bbox 982 3395 1119 3459; x_wconf 86' lang='lat' dir='ltr'>diceutes</span> <span class='ocrx_word' id='word_1_279' title='bbox 1141 3397 1217 3458; x_wconf 88' lang='lat' dir='ltr'>haec</span> 
     </span>
     <span class='ocr_line' id='line_1_37' title="bbox 131 3480 1216 3569; baseline -0.003 -25"><span class='ocrx_word' id='word_1_280' title='bbox 131 3486 205 3545; x_wconf 81' lang='lat' dir='ltr'>“nos</span> <span class='ocrx_word' id='word_1_281' title='bbox 233 3506 336 3548; x_wconf 86' lang='lat' dir='ltr'>sumus</span> <span class='ocrx_word' id='word_1_282' title='bbox 367 3485 420 3569; x_wconf 91' lang='lat' dir='ltr'>qui</span> <span class='ocrx_word' id='word_1_283' title='bbox 450 3488 582 3569; x_wconf 84' lang='lat' dir='ltr'>sugimus</span> <span class='ocrx_word' id='word_1_284' title='bbox 611 3506 627 3543; x_wconf 88' lang='lat' dir='ltr'>a</span> <span class='ocrx_word' id='word_1_285' title='bbox 658 3484 737 3547; x_wconf 86' lang='lat' dir='ltr'>lucie</span> <span class='ocrx_word' id='word_1_286' title='bbox 761 3486 828 3545; x_wconf 87' lang='lat' dir='ltr'>lesu</span> <span class='ocrx_word' id='word_1_287' title='bbox 853 3482 999 3557; x_wconf 86' lang='lat' dir='ltr'>latronis,</span> <span class='ocrx_word' id='word_1_288' title='bbox 1029 3481 1084 3542; x_wconf 90' lang='lat' dir='ltr'>lilii</span> <span class='ocrx_word' id='word_1_289' title='bbox 1104 3480 1216 3541; x_wconf 83' lang='lat' dir='ltr'>Nave.&#39;&#39;</span> 
     </span>
     <span class='ocr_line' id='line_1_38' title="bbox 128 3564 1215 3652; baseline -0.004 -26"><span class='ocrx_word' id='word_1_290' title='bbox 128 3578 216 3631; x_wconf 87' lang='lat' dir='ltr'>erant</span> <span class='ocrx_word' id='word_1_291' title='bbox 248 3580 352 3629; x_wconf 88' lang='lat' dir='ltr'>antem</span> <span class='ocrx_word' id='word_1_292' title='bbox 381 3578 413 3631; x_wconf 88' lang='lat' dir='ltr'>et</span> <span class='ocrx_word' id='word_1_293' title='bbox 443 3571 520 3633; x_wconf 87' lang='lat' dir='ltr'>aliae</span> <span class='ocrx_word' id='word_1_294' title='bbox 554 3576 658 3652; x_wconf 86' lang='lat' dir='ltr'>gentes</span> <span class='ocrx_word' id='word_1_295' title='bbox 682 3568 713 3628; x_wconf 89' lang='lat' dir='ltr'>in</span> <span class='ocrx_word' id='word_1_296' title='bbox 744 3567 848 3629; x_wconf 76' lang='lat' dir='ltr'>Africa</span> <span class='ocrx_word' id='word_1_297' title='bbox 874 3566 1014 3649; x_wconf 88' lang='lat' dir='ltr'>primam</span> <span class='ocrx_word' id='word_1_298' title='bbox 1034 3564 1215 3647; x_wconf 80' lang='lat' dir='ltr'>indigenae,</span> 
     </span>
     <span class='ocr_line' id='line_1_39' title="bbox 127 3647 1216 3791; baseline -0.004 -82"><span class='ocrx_word' id='word_1_299' title='bbox 127 3647 274 3715; x_wconf 85' lang='lat' dir='ltr'>habentes</span> <span class='ocrx_word' id='word_1_300' title='bbox 306 3673 410 3735; x_wconf 85' lang='lat' dir='ltr'>regem</span> <span class='ocrx_word' id='word_1_301' title='bbox 427 3653 618 3735; x_wconf 79' lang='lat' dir='ltr'>Asclepium,</span> <span class='ocrx_word' id='word_1_302' title='bbox 646 3652 700 3737; x_wconf 88' lang='lat' dir='ltr'>qai</span> <span class='ocrx_word' id='word_1_303' title='bbox 721 3650 867 3713; x_wconf 86' lang='lat' dir='ltr'>Heraclio</span> <span class='ocrx_word' id='word_1_304' title='bbox 888 3649 1100 3732; x_wconf 85' lang='lat' dir='ltr'>conregnavit,</span> <span class='ocrx_word' id='word_1_305' title='bbox 1122 3667 1216 3791; x_wconf 69' lang='lat' dir='ltr'>gueni</span> 
     </span>
     <span class='ocr_line' id='line_1_40' title="bbox 129 3728 1215 3819; baseline -0.003 -25"><span class='ocrx_word' id='word_1_306' title='bbox 129 3742 231 3796; x_wconf 87' lang='lat' dir='ltr'>terrae</span> <span class='ocrx_word' id='word_1_307' title='bbox 255 3737 352 3797; x_wconf 85' lang='lat' dir='ltr'>hlium</span> <span class='ocrx_word' id='word_1_308' title='bbox 373 3757 436 3799; x_wconf 83' lang='lat' dir='ltr'>esse</span> <span class='ocrx_word' id='word_1_309' title='bbox 456 3744 709 3798; x_wconf 85' lang='lat' dir='ltr'>asseveraverunt</span> <span class='ocrx_word' id='word_1_310' title='bbox 737 3735 792 3819; x_wconf 92' lang='lat' dir='ltr'>qni</span> <span class='ocrx_word' id='word_1_311' title='bbox 812 3734 1030 3817; x_wconf 84' lang='lat' dir='ltr'>Carthaginem</span> <span class='ocrx_word' id='word_1_312' title='bbox 1062 3749 1121 3791; x_wconf 90' lang='lat' dir='ltr'>con</span> <span class='ocrx_word' id='word_1_313' title='bbox 1146 3728 1215 3791; x_wconf 86' lang='lat' dir='ltr'>ide-</span> 
     </span>
    </p>
   </div>
   <div class='ocr_carea' id='block_1_4' title="bbox 129 3814 1438 4318">
    <p class='ocr_par' dir='ltr' id='par_1_4' title="bbox 129 3814 1438 4318">
     <span class='ocr_line' id='line_1_41' title="bbox 129 3814 1214 3901; baseline -0.005 -24"><span class='ocrx_word' id='word_1_314' title='bbox 129 3828 211 3879; x_wconf 86' lang='lat' dir='ltr'>runt.</span> <span class='ocrx_word' id='word_1_315' title='bbox 253 3820 400 3880; x_wconf 89' lang='lat' dir='ltr'>Salomon</span> <span class='ocrx_word' id='word_1_316' title='bbox 422 3830 558 3881; x_wconf 87' lang='lat' dir='ltr'>autema</span> <span class='ocrx_word' id='word_1_317' title='bbox 578 3817 765 3901; x_wconf 85' lang='lat' dir='ltr'>Carthagine</span> <span class='ocrx_word' id='word_1_318' title='bbox 784 3816 913 3900; x_wconf 86' lang='lat' dir='ltr'>sumptis</span> <span class='ocrx_word' id='word_1_319' title='bbox 934 3814 1115 3878; x_wconf 84' lang='lat' dir='ltr'>exercitibus</span> <span class='ocrx_word' id='word_1_320' title='bbox 1136 3833 1214 3874; x_wconf 88' lang='lat' dir='ltr'>con·</span> 
     </span>
     <span class='ocr_line' id='line_1_42' title="bbox 131 3897 1438 3986; baseline 0 -29"><span class='ocrx_word' id='word_1_321' title='bbox 131 3906 176 3959; x_wconf 86' lang='lat' dir='ltr'>tra</span> <span class='ocrx_word' id='word_1_322' title='bbox 196 3902 370 3965; x_wconf 84' lang='lat' dir='ltr'>Maurusios</span> <span class='ocrx_word' id='word_1_323' title='bbox 391 3904 583 3986; x_wconf 88' lang='lat' dir='ltr'>properavit,</span> <span class='ocrx_word' id='word_1_324' title='bbox 605 3902 660 3986; x_wconf 89' lang='lat' dir='ltr'>qni</span> <span class='ocrx_word' id='word_1_325' title='bbox 682 3902 714 3962; x_wconf 89' lang='lat' dir='ltr'>iu</span> <span class='ocrx_word' id='word_1_326' title='bbox 736 3902 842 3984; x_wconf 85' lang='lat' dir='ltr'>fugam</span> <span class='ocrx_word' id='word_1_327' title='bbox 861 3902 942 3963; x_wconf 87' lang='lat' dir='ltr'>versi</span> <span class='ocrx_word' id='word_1_328' title='bbox 964 3909 1047 3960; x_wconf 90' lang='lat' dir='ltr'>etse</span> <span class='ocrx_word' id='word_1_329' title='bbox 1069 3897 1100 3956; x_wconf 92' lang='lat' dir='ltr'>in</span> <span class='ocrx_word' id='word_1_330' title='bbox 1118 3916 1248 3980; x_wconf 77' lang='lat' dir='ltr'>prae-p,</span> <span class='ocrx_word' id='word_1_331' title='bbox 1265 3910 1316 3965; x_wconf 78' lang='lat'>312</span> <span class='ocrx_word' id='word_1_332' title='bbox 1338 3906 1369 3958; x_wconf 85' lang='lat'>15</span> <span class='ocrx_word' id='word_1_333' title='bbox 1436 3923 1438 3928; x_wconf 66' lang='grc'>’</span> 
     </span>
     <span class='ocr_line' id='line_1_43' title="bbox 129 3983 1211 4069; baseline -0.004 -26"><span class='ocrx_word' id='word_1_334' title='bbox 129 3983 238 4065; x_wconf 76' lang='lat' dir='ltr'>cipitia</span> <span class='ocrx_word' id='word_1_335' title='bbox 265 3988 477 4069; x_wconf 84' lang='lat' dir='ltr'>demergentes</span> <span class='ocrx_word' id='word_1_336' title='bbox 505 3994 601 4049; x_wconf 86' lang='lat' dir='ltr'>semet</span> <span class='ocrx_word' id='word_1_337' title='bbox 630 3987 711 4069; x_wconf 89' lang='lat' dir='ltr'>ipsos</span> <span class='ocrx_word' id='word_1_338' title='bbox 742 3984 947 4046; x_wconf 79' lang='lat' dir='ltr'>interficiant.</span> <span class='ocrx_word' id='word_1_339' title='bbox 989 3991 1115 4042; x_wconf 89' lang='lat' dir='ltr'>mortua</span> <span class='ocrx_word' id='word_1_340' title='bbox 1135 4002 1211 4042; x_wconf 85' lang='lat' dir='ltr'>vero</span> 
     </span>
     <span class='ocr_line' id='line_1_44' title="bbox 133 4065 1213 4153; baseline -0.005 -28"><span class='ocrx_word' id='word_1_341' title='bbox 133 4076 199 4127; x_wconf 87' lang='lat' dir='ltr'>sunt</span> <span class='ocrx_word' id='word_1_342' title='bbox 221 4070 251 4129; x_wconf 93' lang='lat' dir='ltr'>in</span> <span class='ocrx_word' id='word_1_343' title='bbox 276 4070 337 4131; x_wconf 89' lang='lat' dir='ltr'>hoe</span> <span class='ocrx_word' id='word_1_344' title='bbox 357 4071 438 4131; x_wconf 88' lang='lat' dir='ltr'>hello</span> <span class='ocrx_word' id='word_1_345' title='bbox 452 4070 684 4133; x_wconf 88' lang='lat' dir='ltr'>Maurusiorum</span> <span class='ocrx_word' id='word_1_346' title='bbox 701 4068 928 4153; x_wconf 86' lang='lat' dir='ltr'>qninquaginta</span> <span class='ocrx_word' id='word_1_347' title='bbox 947 4065 1042 4139; x_wconf 90' lang='lat' dir='ltr'>milia,</span> <span class='ocrx_word' id='word_1_348' title='bbox 1057 4065 1213 4125; x_wconf 85' lang='lat' dir='ltr'>Romano.</span> 
     </span>
     <span class='ocr_line' id='line_1_45' title="bbox 132 4149 1213 4235; baseline 0 -28"><span class='ocrx_word' id='word_1_349' title='bbox 132 4167 197 4209; x_wconf 79' lang='lat' dir='ltr'>rant</span> <span class='ocrx_word' id='word_1_350' title='bbox 216 4174 292 4213; x_wconf 85' lang='lat' dir='ltr'>vero</span> <span class='ocrx_word' id='word_1_351' title='bbox 315 4155 437 4235; x_wconf 78' lang='lat' dir='ltr'>panitas</span> <span class='ocrx_word' id='word_1_352' title='bbox 458 4154 567 4215; x_wconf 87' lang='lat' dir='ltr'>nullas.</span> <span class='ocrx_word' id='word_1_353' title='bbox 616 4151 692 4235; x_wconf 89' lang='lat' dir='ltr'>quin</span> <span class='ocrx_word' id='word_1_354' title='bbox 723 4173 782 4213; x_wconf 89' lang='lat' dir='ltr'>nec</span> <span class='ocrx_word' id='word_1_355' title='bbox 802 4153 899 4213; x_wconf 90' lang='lat' dir='ltr'>ictum</span> <span class='ocrx_word' id='word_1_356' title='bbox 919 4149 1082 4233; x_wconf 78' lang='lat' dir='ltr'>quisquam</span> <span class='ocrx_word' id='word_1_357' title='bbox 1103 4170 1213 4209; x_wconf 86' lang='lat' dir='ltr'>eoram</span> 
     </span>
     <span class='ocr_line' id='line_1_46' title="bbox 131 4232 1212 4318; baseline 0.001 -31"><span class='ocrx_word' id='word_1_358' title='bbox 131 4232 222 4297; x_wconf 88' lang='lat' dir='ltr'>ullam</span> <span class='ocrx_word' id='word_1_359' title='bbox 236 4237 367 4318; x_wconf 86' lang='lat' dir='ltr'>accepit,</span> <span class='ocrx_word' id='word_1_360' title='bbox 383 4237 435 4299; x_wconf 88' lang='lat' dir='ltr'>sed</span> <span class='ocrx_word' id='word_1_361' title='bbox 458 4258 562 4302; x_wconf 89' lang='lat' dir='ltr'>omnes</span> <span class='ocrx_word' id='word_1_362' title='bbox 580 4236 753 4297; x_wconf 84' lang='lat' dir='ltr'>iueolames</span> <span class='ocrx_word' id='word_1_363' title='bbox 774 4235 939 4300; x_wconf 87' lang='lat' dir='ltr'>victoriam</span> <span class='ocrx_word' id='word_1_364' title='bbox 952 4234 1111 4295; x_wconf 87' lang='lat' dir='ltr'>consecuti</span> <span class='ocrx_word' id='word_1_365' title='bbox 1132 4239 1212 4292; x_wconf 87' lang='lat' dir='ltr'>sunt.</span> 
     </span>
    </p>
   </div>
   <div class='ocr_carea' id='block_1_5' title="bbox 0 0 1530 4900">
    <p class='ocr_par' dir='ltr' id='par_1_5' title="bbox 0 0 1530 4900">
     <span class='ocr_line' id='line_1_47' title="bbox 0 0 1530 4900; baseline 0 0"><span class='ocrx_word' id='word_1_366' title='bbox 0 0 1530 4900; x_wconf 95' lang='lat' dir='ltr'> </span> 
     </span>
    </p>
   </div>
  </div>
 </body>
</html>
