3050 4900
270 250 344 319 232
422 250 631 316 snastssn
662 246 857 315 illSTOth
880 237 1188 311 tcmtstssrtca

272 432 346 485 runt
365 420 478 505 dogma
499 418 694 491 huiusmodi,
726 428 759 480 at
788 416 980 479 introierunt
1001 413 1209 497 Manrophorl
1228 410 1357 477 domum

270 504 389 569 erroris
409 504 466 582 sui,
484 514 517 565 et
538 501 720 564 occiderunt
735 502 905 583 clavigeros
921 498 1045 562 uomina
1066 495 1122 559 60.
1162 505 1196 559 et
1214 498 1358 559 exierunt

271 588 396 674 quidum
417 589 448 647 in
473 588 641 662 Basrason,
677 595 708 647 et
739 585 978 668 captivaverunt
998 584 1132 658 multos,
1160 588 1193 644 et
1210 581 1357 663 pecunias

271 692 448 735 numerosas
467 678 673 753 sumpserunt.

352 781 442 839 Anno
470 776 594 860 imperii
618 772 812 838 Constantini
841 772 880 836 91
908 772 1092 835 seditionem
1120 769 1359 833 concitaverunt

270 862 427 924 cassiotae
448 871 559 923 contra
581 858 812 942 Maurophoros
837 866 975 941 propter
999 856 1161 918 mulieress
1182 862 1359 915 manserant

270 946 353 1008 enim
375 966 411 1006 ex
431 944 473 1006 cis
493 945 524 1005 in
556 944 650 1007 domo
682 942 713 1003 in
738 962 799 1027 qua
821 950 884 1003 tres
912 940 1229 1014 fratres'manehant,
1249 947 1358 1000 etro-

270 1028 396 1090 luerunt
416 1048 527 1089 uxores
557 1046 668 1088 eorum
699 1027 731 1087 in
760 1025 884 1107 pelagus
914 1024 1025 1085 iacere.
1077 1030 1234 1105 surgentes
1257 1028 1359 1082 autem

245 1106 335 1174 ¹tres
358 1112 470 1171 fratres
487 1110 670 1171 occiderunt
698 1119 729 1171 et
749 1109 926 1171 obruerunt
953 1106 1031 1185 illos,
1054 1106 1107 1169 sed
1131 1115 1163 1168 et
1184 1104 1360 1167 coacervati

272 1192 457 1257 occiderunt
479 1188 572 1255 etiam
594 1192 738 1275 reliquos.
783 1201 901 1253 etcum
922 1191 1049 1251 misisset
1069 1188 1205 1251 Selichus
1226 1185 1359 1265 militias,

271 1276 488 1339 fraudulenter
506 1297 620 1339 venere
640 1296 734 1359 super
754 1274 832 1352 illos,
854 1285 886 1336 et
907 1273 1136 1356 comprehensis
1153 1273 1196 1333 eis
1217 1271 1369 1355 patibulo

270 1358 498 1442 suspenderunt
519 1368 581 1421 tres
601 1361 723 1435 fratres,
747 1368 781 1424 et
800 1357 913 1420 multos
931 1358 1007 1418 alios
1025 1359 1217 1419 occiderunt.
1259 1376 1360 1437 porro

270 1444 436 1505 festivitate
456 1443 593 1527 paschali
622 1445 773 1527 ingressus
792 1450 837 1503 ert
857 1442 898 1502 ad
917 1449 1054 1501 sanctam
1076 1440 1237 1502 collectam
1258 1440 1288 1498 in
1309 1460 1361 1499 ca·

269 1527 384 1588 tholica
409 1527 545 1588 ecclesis.
596 1546 729 1609 cumque
758 1522 1017 1606 metropolitauus
1048 1526 1210 1605 episcopus
1233 1530 1360 1599 astaret,

270 1620 302 1671 et
321 1610 506 1671 exclamaret
524 1630 614 1671 more
634 1612 727 1669 solito
748 1608 808 1669 deo
830 1607 935 1669 dicens
957 1608 1063 1690 “plebs
1077 1608 1156 1669 enim
1181 1616 1234 1666 tua
1257 1614 1290 1667 et
1307 1627 1361 1667 ec-

271 1694 360 1755 clesia
381 1703 439 1753 tua
456 1693 610 1775 supplicat
634 1696 704 1767 ta,'’
723 1698 750 1767 *)
777 1688 951 1754 eduxerunt
972 1714 1043 1753 enm
1064 1700 1096 1751 et
1118 1690 1308 1752 incluserunt
1328 1691 1361 1751 in

170 1800 198 1855 p.
211 1784 263 1840 aar
274 1796 412 1849 carcere,
434 1787 467 1838 et
488 1775 564 1837 alius
594 1776 762 1857 complevit
783 1784 921 1836 sanctum
949 1774 1120 1850 collectam,
1143 1783 1174 1835 et
1197 1776 1294 1834 factus
1315 1780 1362 1834 est

273 1862 371 1923 timor
390 1880 538 1940 magnum
568 1868 600 1921 at
630 1858 687 1919 nisi
713 1858 916 1939 metropolita
943 1858 1122 1919 moralitate
1139 1879 1176 1917 ac
1195 1856 1362 1917 humilibus

272 1942 376 2004 verbis
396 1942 563 2025 mitigasset
584 1964 665 2020 eum,
686 1941 802 2002 malum
822 1942 967 2023 profecto
989 1942 1093 2024 ingens
1115 1939 1261 2001 hora-illa
1283 1960 1364 2000 oon.

273 2036 461 2093 summatum
481 2026 594 2087 fuisset.
638 2033 707 2088 arat
728 2034 832 2086 antem
850 2023 902 2085 hic
928 2025 1119 2088 beatissimus
1138 2024 1321 2090 Anastasius.

356 2132 477 2198 Eodem
511 2154 574 2217 quo
600 2154 639 2196 ue
671 2154 754 2195 anno
787 2141 819 2194 et
845 2132 1063 2195 Constantinus
1091 2128 1276 2214 persecutor
1296 2134 1363 2193 An..

274 2216 380 2279 dream
413 2154 648 2279 memorabilem
677 2215 886 2293 monachum,
916 2216 971 2300 qui
1005 2216 1170 2278 dicebatur
1197 2216 1362 2300 calybites,

274 2300 358 2383 apud
380 2300 565 2363 Blachernas
586 2300 690 2383 llagris
711 2300 743 2361 in
763 2298 996 2383 Hippudromio
1022 2300 1056 2361 S.
1078 2302 1204 2378 Mamae,
1217 2300 1362 2383 peremit,

276 2383 514 2468 redarguentem
535 2383 727 2468 impietatem
749 2384 823 2461 eins,
844 2391 877 2445 at
897 2382 1184 2446 valentinianistam
1204 2406 1241 2445 nc
1266 2386 1363 2444 lulia-

274 2489 351 2530 num
381 2469 586 2551 appellantem
614 2491 702 2542 cum;
738 2489 832 2552 quesn
851 2467 940 2530 etin
965 2468 1094 2529 rheuma
1127 2467 1220 2530 maris
1251 2467 1365 2530 iactari

275 2553 445 2636 praecepit,
467 2553 524 2614 nisi
544 2573 669 2615 sorores
690 2552 754 2614 eius
775 2551 861 2613 hune
881 2551 1037 2635 rapientes
1058 2552 1091 2612 in
1109 2551 1255 2636 emporio
1279 2554 1362 2615 Len-

277 2635 357 2698 cadii
379 2635 565 2718 sepelissent.

359 2745 449 2802 Anno
470 2743 592 2825 imperii
606 2743 799 2805 Constantini
810 2743 851 2805 22
870 2743 1017 2828 apparuit
1035 2741 1152 2808 docites
1170 2745 1201 2808 in
1223 2746 1364 2824 Oriente,

276 2831 310 2889 ct
330 2825 511 2888 interfectus
535 2836 581 2888 est
601 2827 680 2887 lilius
703 2827 873 2889 Phatimae.
930 2838 1064 2890 at·vero
1089 2829 1239 2913 Volgares
1259 2831 1364 2892 insur-

275 2917 380 2990 gentes
403 2909 586 2972 occiderunt
612 2908 753 2972 dominos
775 2932 845 2974 suos
867 2909 907 2972 ad
933 2933 964 2973 se
983 2911 1015 2972 in
1037 2913 1115 2972 iram
1134 2914 1311 2992 derivatos,
1334 2921 1366 2974 et

274 3001 453 3053 statuerunt
472 2993 576 3053 virum
598 2993 783 3055 insensatum
813 2995 938 3057 nomine
965 2995 1111 3074 Zeletzin,
1131 2995 1171 3058 30
1193 3019 1264 3057 cum
1286 3004 1365 3059 esset

276 3095 443 3136 annorum.
484 3077 573 3137 multi
594 3085 758 3158 praeterea
781 3077 882 3140 Sclavi
906 3079 1057 3161 fugientes
1077 3079 1115 3140 ad
1140 3080 1365 3161 imperatorem

276 3159 503 3237 confluxerunt,
526 3181 604 3243 quos
625 3161 787 3222 constituit
808 3183 904 3244 super
924 3167 1082 3226 Artanam.
1124 3183 1225 3246 porro
1251 3161 1289 3226 tt
1306 3163 1364 3224 ka-

276 3239 380 3304 lendas
410 3243 500 3304 iulias
535 3243 629 3304 crivit
658 3243 832 3326 imperator
861 3246 893 3306 iu
913 3245 1085 3320 Thracem,
1108 3247 1199 3310 misso
1259 3268 1366 3330 noque

176 3327 400 3406 p.668navigin
430 3347 489 3407 per
517 3327 672 3388 Euxinum
701 3336 859 3410 pontum,
878 3349 976 3470 napae
994 3325 1035 3390 ad
1053 3329 1115 3392 80⁰
1134 3270 1293 3392 chelandia
1308 3331 1364 3392 lfa.

275 3410 377 3472 sentia
399 3408 558 3471 duodenos
581 3431 688 3492 equos.
744 3419 778 3472 at
805 3432 882 3474 vero
935 3413 1037 3475 eletzis
1069 3413 1174 3475 audita
1201 3424 1365 3476 contrusa

275 3503 341 3556 tam
359 3515 417 3574 per
439 3503 554 3554 terram
578 3515 671 3576 qoam
690 3516 749 3576 per
762 3517 848 3557 mare
870 3496 951 3557 facta
972 3499 1184 3560 commotione
1204 3495 1365 3578 assumpsit

274 3575 307 3636 in
329 3576 474 3638 auxilium
497 3597 533 3638 ex
564 3579 776 3640 adiacentibus
801 3579 859 3640 sibi
887 3579 1063 3642 nationibus
1085 3581 1126 3642 20
1146 3581 1239 3658 milia,
1264 3579 1364 3642 ethis

274 3658 306 3720 in
329 3658 551 3722 munitionibus
571 3660 746 3724 constitutis
760 3680 793 3724 se
811 3671 981 3724 cautumet
1001 3663 1191 3746 intrepidum
1214 3661 1364 3726 reddidit.

274 3750 323 3804 ast
343 3743 515 3824 imperator
536 3764 607 3804 oum
629 3745 768 3821 venisset,
790 3754 888 3808 castra
907 3755 1038 3808 metatus
1057 3758 1101 3809 est
1122 3751 1153 3810 in
1166 3769 1277 3831 campo
1297 3750 1364 3809 dn·

274 3825 380 3898 chiali;
403 3836 436 3890 et
457 3825 561 3908 psidie
581 3827 641 3891 tat.
662 3827 752 3890 lulius
780 3830 902 3911 primae
924 3830 1120 3911 indictionis,
1143 3831 1223 3895 feria
1242 3831 1364 3917 quinta,

310 4025 391 4093 Ἧι]
411 4025 449 4075 sie
466 4025 621 4078 Vaticanus.
656 4025 788 4079 Thoanus
813 4036 903 4082 numm
933 4030 994 4084 tibi.
1024 4038 1167 4102 utromque
1190 4037 1293 4085 rectum
1313 4037 1363 4084 est·

342 4093 406 4148 ride
421 4096 581 4150 Prisciannm
599 4117 627 4168 p.
645 4095 779 4151 ilde-ed.
807 4099 911 4153 Petsch.
949 4101 1028 4154 Fam.
