3050 4900
300 386 349 460 90
631 391 843 458 ANASTASll
863 391 1060 458 HISTORIA

296 549 397 610 luslns
417 565 534 606 annum
557 543 588 608 1.
909 543 1390 612 nnenimfleraclimetllanm.

295 630 371 694 Levi
392 651 489 690 annos
503 623 534 690 4.
908 629 1074 693 etiterum
1094 640 1259 696 revocatus
1278 654 1297 693 a
1309 631 1391 690 Gra·

296 715 411 776 Ell'rem
429 733 524 774 anuos
544 708 576 772 4.
908 713 995 775 tiano
1032 713 1063 775 in
1103 713 1237 777 secunda
1268 711 1390 799 synodo

297 797 409 880 loseph
429 817 525 858 annos
548 793 577 854 9.
908 795 1111 857 Constantino
1138 798 1181 860 oli
1217 809 1263 863 est
1300 816 1390 861 rece·

257 923 261 936 .
297 879 386 944 ludus
405 901 501 941 annos
523 877 552 939 9.
908 889 991 962 ptus.
1032 819 1243 946 simulaturos
1262 877 1314 947 49.

295 967 419 1028 Marcus
443 982 538 1024 annos
558 959 590 1022 8.
866 963 995 1025 loannes
1016 984 1113 1026 annos
1138 961 1189 1026 16.

297 1049 455 1110 Cassianus
476 1065 572 1106 annos
594 1045 627 1106 5.
866 1046 1010 1110 Parillius
1031 1067 1127 1108 anuos
1149 1047 1202 1110 90.

295 1133 445 1194 Maximus
467 1149 564 1190 annos
584 1126 619 1192 4.
867 1129 1018 1194 luvenalis
1039 1132 1071 1190 in
1098 1131 1220 1194 duobus
1241 1133 1390 1214 conciliis,

297 1215 432 1277 lulianus
455 1233 551 1288 annos
576 1211 609 1274 9.
907 1213 1067 1296 Ephesino
1087 1215 1204 1277 scilieet
1219 1226 1251 1278 el
1263 1217 1390 1279 Chalce-

298 1298 432 1360 Galanus
454 1317 550 1358 annos
570 1293 600 1356 3.
908 1295 1048 1379 dunensi,
1069 1308 1212 1380 repertus
1235 1299 1389 1363 annosas.

295 1379 496 1466 Symmachus
518 1398 614 1440 annos
633 1373 665 1440 9.
866 1377 1070 1458 Theodosius,
1083 1381 1138 1465 qui
1151 1385 1265 1445 eiectus
1278 1387 1390 1445 aMar·

297 1465 387 1528 Caius
410 1485 507 1526 annos
528 1461 558 1524 3.
909 1465 1010 1545 ciana,
1034 1471 1066 1524 et
1086 1465 1202 1528 iterum
1230 1468 1390 1548 luvenalis,

296 1549 430 1610 lulianus
451 1565 548 1608 annos
568 1537 599 1608 4.
909 1568 1006 1609 annos
1026 1541 1077 1610 48.

201 1633 287 1704 nidd
298 1633 367 1695 Heli
390 1651 486 1692 annos
509 1629 538 1698 9.
866 1630 1044 1693 Anastasius
1066 1651 1162 1693 annos
1185 1629 1234 1693 18.

298 1715 410 1796 Capito
433 1735 529 1776 annos
543 1707 574 1776 4.
868 1714 1034 1796 Salustius,
1060 1713 1117 1776 sub
1149 1736 1213 1798 qno
1233 1717 1390 1778 Romanus

296 1800 445 1860 Maximus
467 1805 564 1857 andos
584 1789 617 1854 4.
910 1799 1074 1879 episcopus
1092 1801 1293 1878 seseparavit
1312 1820 1391 1883 pro·

294 1882 469 1944 Antoninus
493 1897 590 1940 annos
612 1875 641 1938 5.
908 1889 983 1963 pter
1001 1881 1175 1942 unitoriam
1183 1883 1324 1960 Zenonis,
1336 1905 1391 1944 an.

296 1965 408 2026 Valens
432 1983 528 2024 annos
548 1957 577 2028 3.
909 1984 965 2024 nos
986 1963 1019 2026 8.

295 2047 450 2109 Narcissus
472 2041 620 2107 annos4.
868 2045 994 2126 Helias,
1028 2045 1083 2146 qni
1110 2047 1254 2130 expulsus
1275 2058 1321 2110 est
1350 2048 1390 2110 als

295 2131 373 2193 Diua
395 2150 490 2191 annos
510 2127 559 2189 8..
910 2135 1069 2194 Anastasio
1081 2129 1284 2214 imperatore,
1293 2152 1391 2194 annos

296 2213 458 2276 Sermanio
483 2232 580 2274 annos
600 2207 631 2272 4.
909 2213 960 2275 23.

298 2297 432 2359 Gordias
452 2315 547 2357 anuos
569 2293 601 2356 5.
868 2297 998 2361 loannes
1022 2317 1118 2359 annos
1140 2296 1189 2358 11.
1285 2307 1291 2320 ‘

297 2381 456 2526 Νανοίωῗὸ
464 2376 615 2442 secundus
627 2385 819 2465 marlyran.
865 2381 988 2528 Ροὲὃω,
1011 2381 1066 2467 qui
1086 2379 1271 2463 Iustiniano,
1293 2401 1391 2442 annos

339 2485 394 2525 nos
460 2509 469 2525 .
951 2512 960 2531 .

298 2548 472 2611 Alexander
501 2551 624 2628 martyr
647 2565 745 2608 annos
768 2543 818 2607 15.
866 2552 893 2627 *l
917 2544 1115 2610 Alexandrini
1138 2588 1309 2609 ......

296 2632 477 2693 lllnsabanes
495 2649 591 2690 annos
613 2626 662 2689 91.
866 2632 975 2715 Usque
999 2652 1081 2692 nunc
1093 2650 1129 2691 ex
1148 2630 1275 2712 paganis
1287 2633 1391 2714 lmpe.
1399 2666 1430 2723 p,
1439 2648 1505 2704 ⁶179

298 2716 485 2776 Himenaens
510 2731 605 2773 annos
626 2709 680 2773 93.
911 2725 1032 2777 ratores
1062 2723 1095 2776 et
1115 2723 1339 2797 persecutores.

299 2798 418 2859 Zabdas
439 2816 534 2858 annos
558 2790 607 2853 10.

299 2880 438 2943 Hermon
461 2898 557 2941 annos
578 2872 608 2937 9.
869 2860 916 2926 Et
934 2864 995 2962 qui⁸
1002 2876 1072 2948 post
1089 2885 1228 2963 magmas
1249 2864 1393 2927 Commu·

300 2964 407 3049 Usque
432 2961 470 3025 ad
485 2962 542 3023 hos
560 2960 689 3021 fuerunt
704 2980 739 3022 ex
761 2980 822 3043 pa.
969 2960 1064 3009 aruns
1082 2961 1298 3033 unpemsosem.

341 3047 427 3133 garris¹
446 3048 652 3128 imperatores
672 3053 704 3106 et
718 3046 757 3108 als
779 3043 822 3107 eis
869 3094 1002 3159 Achiua,
1023 3116 1105 3158 mmo
1129 3060 1160 3158 s·

343 3134 582 3216 Paucum&
870 3178 1051 3258 Alexander,
1073 3180 1129 3263 qui
1149 3182 1180 3241 in
1197 3178 1299 3263 prima
1318 3200 1395 3263 syn-

200 3330 203 3335 .
302 3282 347 3344 Et
377 3292 448 3364 qamt
474 3292 632 3365 postquam
662 3276 825 3339 clv-Arm
913 3264 990 3343 odo,
1007 3264 1097 3363 annis
1121 3261 1172 3325 93.
1279 3346 1287 3361 ⁰

363 3364 451 3443 sacti
464 3378 531 3425 Sim!
550 3366 749 3447 impemtores,
870 3348 1051 3446 Athanasius
1071 3350 1199 3443 Magnus
1215 3368 1305 3445 anule
1323 3343 1375 3405 49.

872 3434 1043 3515 Gregorius
1063 3432 1213 3492 Arrianus
1235 3452 1321 3491 anuis
1341 3425 1394 3490 46.

304 3506 468 3596 Macarius,
478 3512 532 3659 ‹Bui
542 3514 572 3577 in
582 3513 683 3599 prima
691 3509 823 3597 synodo,
874 3515 1054 3579 Athanasius
1064 3514 1187 3591 ilerum,
1208 3514 1263 3597 qui
1283 3534 1394 3575 secun.

347 3621 444 3663 annos
467 3598 485 3659 9
511 3642 518 3659 .
914 3597 955 3659 do
975 3597 1043 3661 exul
1062 3598 1187 3659 effectus
1204 3605 1251 3659 est
1268 3596 1307 3657 ab
1326 3596 1394 3679 ipso

307 3725 453 3745 .....
475 3682 623 3744 Maximus
644 3702 740 3743 annos
760 3676 791 3741 6.
918 3680 1132 3759 Constantino,
1155 3681 1241 3741 annis
1261 3679 1311 3743 48.

208 3804 234 3855 p,
246 3766 450 3852 767Cyrillus,
473 3769 527 3851 qui
538 3767 641 3848 pulsus
657 3776 702 3827 est
712 3766 750 3828 ab
763 3767 825 3825 Ar·
874 3764 1045 3848 Gregorius
1064 3765 1212 3825 Arrianus
1233 3765 1319 3824 annis
1341 3754 1394 3823 49.

348 3850 453 3913 rionis.
468 3870 528 3933 pro
543 3871 580 3913 eo
590 3850 825 3930 lactisuntlres,
873 3846 1055 3911 Athanasius
1064 3848 1205 3911 similiter
1215 3847 1323 3929 tertio,
1339 3844 1396 3931 qui

286 4004 289 4019 '
377 3998 473 4069 ¹)llir
490 4014 591 4067 magna
615 4008 655 4053 sat
681 3998 788 4053 laeena
811 4013 906 4053 errore
929 3997 1062 4059 librarii,
1091 3995 1198 4068 decepsi
1214 3978 1397 4049 similisuds'ns

376 4066 495 4123 eiusdem
512 4070 642 4121 nominis.
678 4066 779 4123 δοεωιε
794 4082 885 4122 cutem
899 4082 1011 4139 praeces·
1034 4081 1187 4151 pamma
1201 4069 1311 4140 aliquos
1329 4066 1398 4117 His·
1519 4103 1520 4108 ¹

377 4140 589 4205 rosolymilenos
604 4140 722 4193 Ilomasss'
739 4150 767 4191 st
785 4139 926 4209 Cpoliseni
942 4141 1064 4210 episcopi
1072 4178 1082 4199 ,
1102 4152 1130 4191 et
1140 4157 1231 4209 pressa
1245 4154 1313 4206 pars
1330 4137 1397 4189 Ala-

376 4209 589 4262 sanda-snorum.
618 4206 715 4261 desuem
733 4212 816 4262 suam
834 4212 866 4261 in
883 4212 1030 4263 cassinensi
1047 4206 1142 4263 codiee
1160 4223 1188 4265 st
1204 4206 1310 4263 duobus
1328 4206 1398 4259 eliis

378 4278 584 4354 nrarsuscripsis.
601 4276 736 4335 videndus
748 4279 930 4353 direpiam.
965 4280 1111 4335 Furiosus.
