3050 4900
587 378 738 443 NOTAE.
1142 366 1214 443 545

134 554 244 637 στέφει
264 572 301 614 τε
322 548 425 632 adesir
453 549 655 635 Αὐγούστου,
686 552 743 617 καί
762 552 809 641 τῷ
828 550 890 653 oiqi
910 548 1023 633 ζεύξας
1044 550 1101 618 τὸν
1120 553 1226 635 rupis

135 640 281 700 ἐπιτελεῖ.
323 635 468 699 adhunc
497 660 593 721 usque
624 661 741 699 anuum
772 638 935 701 historiam
965 637 1111 721 perduxit
1130 642 1226 702 Nice·

135 721 263 805 phorus.
305 720 363 783 sibi
386 720 444 803 ipsi
463 721 547 783 testis
564 722 710 805 deinceps
730 723 793 783 erit
812 721 1027 806 Theophanes.

68 814 71 827 ’
217 817 289 899 687,
317 821 365 887 11.
420 815 572 891 οὖντοῖς
598 818 723 901 γυναιξὶ
742 819 1020 900 προϋπουτοόυτωυ]
1040 824 1108 906 quis
1128 824 1228 905 impe·

138 904 260 965 ratricia
282 924 319 964 uc
342 925 442 965 novae
464 924 593 987 sponsae
622 905 652 965 in
683 907 794 966 urbem
818 908 991 983 comitatus,
1010 916 1044 967 et
1067 907 1228 991 ingressus,

137 996 169 1049 et
190 995 225 1048 ut
245 1008 263 1049 a
284 988 519 1069 praestantioris
544 987 699 1071 dignitatis
722 990 862 1049 foeminis
877 989 1055 1071 excipienda
1078 1001 1110 1051 et
1131 989 1231 1052 dedu·

138 1070 237 1132 cauda
254 1071 416 1215 ¹praecipit
447 1079 479 1133 et
511 1070 668 1133 describit
692 1072 831 1135 Codinus
861 1072 900 1135 de
931 1072 1038 1134 officiis
1062 1072 1150 1135 aulae
1169 1072 1230 1134 ΟΡ.

138 1176 206 1237 cap.
229 1176 249 1215 υ

220 1250 292 1331 688,
314 1252 344 1315 8.
395 1249 559 1316 &vivesse
590 1250 703 1334 στολὴυ
725 1248 851 1335 λευκήν]
883 1251 971 1338 nigra
993 1254 1137 1319 videlicet
1159 1279 1231 1315 mo.

140 1336 279 1414 nacholi,
302 1360 319 1397 s
353 1358 414 1420 qua
448 1338 491 1399 illi
512 1338 813 1421 μελανοφορυῦυτες,
834 1348 866 1399 et
884 1338 1087 1421 μαυροφόροι
1110 1362 1230 1402 nuncu·

137 1422 215 1505 pati,
239 1422 374 1483 reiecta:
398 1430 430 1483 et
445 1422 576 1483 candida
600 1423 735 1484 laetitiae
757 1423 903 1504 pronuba
928 1434 1067 1503 accepta.

220 1520 302 1583 Ibid.
320 1520 367 1580 15.
410 1514 583 1604 ὠνομάσθη
607 1522 843 1592 Κωυσταυτῖυος
866 1521 983 1597 ζυῖυτος
1001 1518 1048 1583 ἔτι
1061 1522 1233 1583 Korosea-

140 1605 224 1665 τιύου
245 1602 303 1664 τοῦ
321 1598 463 1685 πάππου]
485 1626 586 1687 puero
611 1606 709 1689 putris
731 1614 785 1665 aut
805 1606 853 1665 avi
870 1628 985 1667 nomen
1008 1628 1046 1668 ne
1061 1606 1234 1688 imponant,
1325 1646 1333 1658 .

141 1688 278 1747 Graecos
310 1686 442 1767 impedit
470 1688 660 1770 superstitio.
714 1697 749 1750 ut
781 1689 884 1766 enim,
906 1690 1011 1761 aiunt,
1033 1699 1157 1772 patrem
1181 1696 1236 1749 aut

143 1791 236 1830 avum
256 1770 382 1830 nomine
398 1770 504 1849 reffert,
526 1772 568 1833 ita
582 1794 744 1855 personam
758 1782 980 1853 repraesentat,
1001 1781 1033 1833 et
1052 1773 1084 1833 iu
1106 1773 1171 1835 eius
1185 1771 1234 1832 io.

144 1874 216 1915 cum
238 1852 446 1915 substituitur.
488 1866 611 1936 patrem
632 1855 738 1938 itaque
759 1855 943 1938 quantocius
965 1856 1155 1918 moriturum
1179 1855 1238 1916 de·

144 1938 257 2019 signat,
280 1947 312 1998 et
335 1936 363 1997 ei
372 1958 581 2080 peccessorem
604 1960 636 2001 se
657 1940 812 2000 advenisse
826 1940 1008 2021 profitetur.
1051 1961 1117 2001 rem
1140 1940 1237 2021 igitur

144 2020 311 2096 insolitam,
333 2042 370 2077 ve
406 2022 516 2082 ominis
539 2023 662 2084 infausti
676 2020 880 2105 Theophanes
904 2024 1083 2100 observans,
1105 2024 1238 2105 scripsit.

143 2097 572 2205 aiaopcindq-Iicovoaovsi'aoc
592 2106 705 2181 ζῶντος
725 2099 771 2167 ἔτι
795 2104 1040 2168 Κωυσταυτίυου
1069 2106 1128 2168 τοῦ
1148 2100 1236 2167 πάπ-

146 2206 207 2247 που
232 2204 345 2246 αυτου.

227 2281 309 2345 Ibid.
328 2281 379 2344 20.
422 2282 486 2344 suiv
499 2281 750 2369 Bovxsiiopt'wv]
774 2286 949 2362 Buceiiarii,
972 2288 1145 2366 aitSuidas,
1161 2288 1236 2349 Gai.

148 2367 300 2449 io-graeci
326 2367 545 2443 nominantur,
566 2380 598 2429 et
621 2360 732 2429 soriam
764 2371 850 2452 regio
875 2371 1130 2454 Gallo-graecias
1154 2372 1237 2432 unde

147 2451 181 2512 hi
201 2451 320 2534 equites
341 2461 431 2512 erant
446 2451 591 2533 expediti.
633 2453 851 2514 Constantinus
876 2453 1175 2537 Porphyrogenneta
1198 2453 1237 2516 de

144 2534 331 2597 thematibus
346 2537 429 2596 inter
444 2535 601 2614 isauriam,
615 2546 646 2598 et
658 2536 887 2618 Cappadociam
897 2537 1122 2598 Buccellasium
1142 2541 1236 2604 locat.

145 2619 319 2680 describens
334 2621 416 2680 enim
431 2615 703 2699 deusutiqhabet,
726 2619 839 2702 iuquit,
854 2642 871 2681 a
884 2619 1007 2681 sinistra
1021 2631 1126 2703 partes
1147 2643 1237 2704 quas-

145 2701 217 2763 dam
237 2702 440 2779 Bucceiiarii‚
463 2711 494 2764 et
516 2703 638 2764 initium
653 2703 887 2787 cappadociam
910 2703 949 2764 ad
969 2704 1110 2766 dextram
1131 2713 1237 2767 autem

146 2789 304 2851 isauriam.
354 2787 437 2848 unde
465 2807 540 2847 sero
567 2787 652 2850 iocus
673 2787 901 2850 Buccellas-ium
930 2787 971 2850 sit
991 2798 1130 2867 vocatus,
1154 2789 1236 2850 idem

146 2871 230 2932 infre
252 2869 355 2952 aperit
384 2869 519 2933 themate
547 2882 644 2934 serto.
688 2873 812 2949 thema,
834 2871 946 2955 inquit,
966 2870 1237 2934 Bucceiiariorum

146 2975 211 3014 non
231 2977 248 3016 e
271 2958 342 3014 ioco
366 2953 471 3037 atiquo
494 2955 734 3037 appeliationem
755 2956 885 3037 accipit,
906 2977 1007 3038 neque
1029 2978 1048 3016 a
1067 2963 1160 3038 gente
1182 2955 1239 3016 ali.

148 3059 210 3120 qua
234 3059 315 3121 quse
346 3037 390 3100 ita
419 3050 604 3117 vocaretur,
623 3037 675 3100 scd
706 3039 793 3122 qnod
822 3039 957 3100 militum
980 3041 1110 3102 asseclae
1128 3049 1237 3116 essent,

146 3129 179 3182 et
202 3131 410 3183 commeatum
429 3120 580 3185 veherent
599 3123 808 3185 Bucoeherius
829 3123 911 3184 euim
922 3123 1031 3183 Latina
1054 3123 1157 3205 lingua
1177 3142 1239 3183 vo·

147 3213 238 3266 catur
261 3209 300 3282 is,
322 3207 376 3288 qui
406 3204 452 3266 rei
484 3206 632 3286 panariae
660 3229 769 3269 curam
788 3208 880 3289 gerit,
901 3215 936 3267 ut
956 3206 1068 3266 milites
1092 3205 1238 3286 expediti,

148 3300 180 3349 et
202 3289 241 3349 ab
264 3290 348 3351 omni
379 3311 474 3350 onere
499 3289 592 3352 tiberi
615 3290 654 3351 ad
684 3291 799 3352 bellum
822 3297 929 3351 essent.
971 3291 1132 3351 Bacceiins
1154 3290 1238 3350 enim

147 3381 282 3433 vocatur
304 3381 402 3433 torta
432 3373 518 3456 panis
544 3375 729 3437 circularem
762 3375 893 3454 figuram
927 3373 959 3432 in
978 3373 1083 3433 medio
1108 3393 1237 3433 vacuam

148 3456 409 3538 praeseferens.
453 3457 595 3518 cellarius
624 3468 728 3519 autem
749 3467 853 3519 custos
872 3457 980 3538 panis:
1002 3457 1136 3538 proprio
1159 3477 1236 3515 vero

149 3549 181 3600 et
205 3539 396 3601 Graecanico
426 3543 551 3603 nomine
581 3541 613 3603 hi
634 3540 836 3624 Maryundeui
864 3549 1039 3600 vocantur:
1063 3549 1135 3600 suut
1154 3539 1240 3599 enim

150 3622 279 3684 Galatae
299 3621 519 3706 cognominati.
561 3625 675 3686 borum
696 3627 815 3686 Graeca
836 3623 962 3704 profert
977 3624 1135 3706 Rigaitius.
1157 3622 1239 3683 Pan·

151 3705 278 3766 ciroiius
301 3706 340 3768 de
364 3705 472 3768 iisdem
494 3729 561 3790 cap.
581 3704 621 3770 47
646 3715 713 3769 aot.
729 3709 803 3788 imp.
827 3705 949 3767 Orient.

234 3801 305 3876 669,
330 3805 377 3869 13.
429 3805 613 3888 υουλουκηυ]
643 3807 787 3870 catulum.
810 3807 930 3889 ipsique
951 3805 1098 3891 patrique
1117 3802 1240 3866 Lache·

152 3885 327 3950 uodraconi
349 3891 475 3954 nomine
496 3889 677 3969 δυσώνυμοι.

235 3987 315 4049 thid.
356 3982 636 4074 κουτζοδοέυτυλου]
657 3988 764 4074 digitis
779 3989 974 4050 denotatwn.
998 3987 1068 4050 side
1088 3987 1239 4050 noniuum

153 4069 400 4154 improbitatem.

196 4170 313 4313 aldid·
337 4169 384 4234 19.
428 4173 472 4246 εἰς
497 4167 724 4257 φυλακτήριον]
747 4173 780 4266 in
798 4193 921 4237 saonam
944 4173 1118 4255 aemesam,
1139 4173 1236 4244 etsui

155 4273 195 4315 co
224 4275 336 4315 oium.

249 4376 428 4450 Tissaphernes
448 4379 487 4432 11.
1008 4373 1045 4432 dd
