3050 4900
639 369 789 432 noran.
827 313 830 324 ’
1173 357 1245 430 nos

159 543 255 607 sniis
282 539 339 607 sir
362 543 432 621 βίον
466 541 668 624 machonem,
696 543 732 607 ir
761 541 884 614 τούτοις
913 540 995 622 ἡμᾶς
1023 539 1075 604 ini
1094 536 1130 602 si
1153 530 1248 618 sipon

157 629 212 708 τῆς
248 620 421 708 διηγήσεως
442 625 659 705 noosyiifinoes.
714 628 895 710 Theophani
921 647 993 686 sarie
1019 625 1136 685 nitidam
1164 647 1249 685 sorra

154 713 324 796 presbyteri
359 709 503 791 dignitate
526 707 685 793 provecto,
720 725 750 770 et
782 711 990 771 monachorum
1022 711 1104 789 gregi
1133 709 1250 768 adiecto

159 797 252 856 Beati
270 795 354 854 hum
375 797 442 853 uim
458 793 611 854 elaborata
629 807 681 853 est.
723 814 827 854 venam
855 813 945 876 quam
979 793 1144 877 msrltajlle
1160 813 1251 874 pmec

159 880 258 940 sen'its
281 875 364 960 qnod
381 897 454 960 oprn
479 876 573 936 ninia
592 877 725 959 quadam
732 879 946 954 fistinatione,
978 895 1029 936 neo
1051 895 1163 934 morose
1181 876 1252 934 sotis

159 961 351 1022 contemsit.
408 961 441 1019 ia
457 960 564 1100 ysitius
583 972 681 1019 tamen
703 959 792 1019 Beati
817 962 900 1020 hru'ns
923 962 1017 1018 vitam
1037 960 1198 1028 construxit,
1221 971 1254 1016 nt

162 1046 291 1127 spatum
307 1063 367 1126 per
386 1061 457 1124 amp
469 1043 514 1100 ins
535 1044 736 1103 narrationem
752 1043 1003 1126 protendamus,
1023 1043 1055 1101 in
1074 1041 1177 1100 iisdem
1200 1041 1252 1100 ille

160 1147 214 1190 nos
233 1126 397 1223 promouit.
440 1124 502 1184 iam
524 1126 610 1207 qnod
632 1123 752 1186 existis
779 1145 842 1186 oon
864 1145 942 1186 nous
961 1124 1162 1207 Byzantinam
1183 1132 1252 1182 tra-

162 1216 259 1272 ctavit
278 1207 451 1284 historiam,
469 1206 589 1290 primus
609 1207 766 1279 videlicet,
786 1209 906 1284 tertius,
929 1215 1067 1291 quartus,
1087 1217 1197 1284 sextus,
1220 1215 1252 1268 et

164 1292 314 1369 ultimus;
343 1312 401 1352 nec
428 1291 536 1352 unicus
569 1311 670 1351 sacrus
692 1290 830 1352 laudavit
850 1292 1016 1371 imagines,
1036 1300 1178 1373 quartus,
1199 1287 1251 1350 in·

163 1397 268 1460 qnam,
289 1384 321 1436 et
339 1374 468 1456 retiqui;
490 1374 539 1436 vel
565 1395 626 1456 pro
655 1395 765 1436 eurum
785 1376 985 1438 veneratione
1007 1374 1122 1434 tuendo
1146 1381 1252 1434 certa.

162 1481 235 1522 men
255 1458 373 1536 inierit,
399 1456 486 1518 velut
504 1467 647 1540 quartus,
669 1479 706 1519 ao
719 1457 861 1541 quintus;
883 1469 920 1520 ut
941 1457 1064 1519 atterius
1088 1455 1154 1516 vice
1173 1476 1251 1516 unus

163 1562 388 1625 nonnunquam
409 1539 619 1602 adduceretur
638 1542 672 1604 in
692 1541 852 1618 medium,¹
865 1549 898 1603 et
919 1561 999 1624 quae
1020 1539 1074 1599 uni
1097 1549 1180 1622 gesta
1203 1537 1253 1598 vei

163 1627 289 1708 scripta,
311 1625 527 1685 tribuerentur
545 1625 646 1701 atteri,
668 1645 730 1685 non
746 1623 869 1685 difficile
891 1623 1033 1704 contigit.
1076 1621 1151 1705 quid
1170 1621 1252 1682 enim

163 1707 349 1791 Theophani
371 1708 465 1791 magis
485 1706 604 1786 simile,
625 1729 718 1792 qnam
738 1705 960 1791 Tbeopbnnesi
982 1705 1181 1788 Mitylenaeus
1203 1702 1254 1766 ute

163 1795 347 1868 Romanam,
359 1792 538 1874 Byzantius,
560 1791 614 1873 qni
636 1793 719 1852 inter
739 1792 872 1853 n'ominis
892 1791 981 1852 baius
995 1788 1164 1870 scriptores
1185 1795 1255 1848 ter..

165 1876 236 1954 tius,
245 1877 418 1938 Romanam
437 1875 567 1954 pariter,
587 1874 701 1936 diversi
721 1874 796 1937 ticet
815 1873 976 1956 temporis,
998 1873 1134 1934 contexit
1154 1869 1253 1931 histo.

165 1963 256 2020 mam.
298 1959 463 2042 Byzantius
485 1957 567 2018 idem
586 1959 707 2036 tertius,
729 1978 800 2019 cum
824 1969 931 2020 nostro
953 1957 1074 2040 pariter
1093 1954 1253 2040 Byzantio,

166 2041 349 2126 Byzantinus
371 2063 420 2102 res
450 2049 577 2102 tractat.
630 2051 730 2103 sertus
751 2050 784 2102 et
806 2049 932 2103 octavus
956 2041 1152 2121 privatorum
1175 2038 1254 2099 vitas

163 2125 314 2202 scribunt,
336 2145 470 2208 quntum
482 2123 577 2186 tectio
590 2121 631 2184 ad
641 2127 883 2211 byzantinorum
895 2125 1037 2187 notitiam
1050 2120 1179 2186 accedit.
1201 2121 1226 2180 N
1230 2121 1255 2182 i·

129 2232 136 2240 ·
166 2231 277 2270 mensas
305 2211 427 2290 praesut
452 2205 659 2290 Theophanes
688 2208 728 2269 ad
762 2207 860 2270 instar
877 2208 1031 2293 Byzantii,
1056 2207 1111 2290 qui
1133 2203 1254 2280 tertius,

166 2311 266 2354 sacras
284 2291 466 2374 propugnat
485 2290 644 2372 imagines.
684 2292 756 2352 hinc
780 2293 909 2368 incerta,
929 2291 1178 2373 perturbataque
1193 2287 1255 2348 hu-

169 2371 215 2436 ius
232 2384 265 2436 et
284 2375 407 2436 atterius
430 2374 578 2457 cognitio,
602 2375 664 2436 imo
676 2397 793 2435 summa
808 2375 890 2436 inter
904 2394 957 2436 eos
978 2373 1129 2451 contusio,
1151 2379 1183 2432 et
1206 2370 1256 2432 vix

167 2458 418 2520 constituendum
441 2458 624 2521 discrimen:
658 2460 736 2520 adeo
768 2466 805 2519 ut
826 2460 880 2541 qni
900 2478 1016 2540 paucos
1038 2454 1201 2531 recensuit,
1224 2462 1255 2515 et

164 2543 355 2625 distinguere
385 2541 518 2603 tentavit
544 2540 689 2618 Vossius,
726 2542 909 2624 Byzantium
939 2548 1080 2601 nostrum
1106 2539 1191 2599 annis
1213 2532 1254 2599 30

165 2626 372 2708 superiorem,
393 2634 425 2687 et
446 2627 507 2687 iam
526 2633 688 2686 mortuum
705 2645 777 2686 cum
795 2617 986 2767 Theophane
1005 2622 1202 2718 presbytero,
1225 2626 1257 2684 et

168 2710 350 2793 praeposito
362 2708 532 2789 Nicephori
552 2714 759 2789 praecone‘se
776 2708 872 2769 consu
897 2709 951 2769 isse
972 2728 1035 2767 non
1059 2704 1256 2765 anrmndver.

166 2794 252 2857 ses-it.
306 2792 440 2853 eundem
462 2812 544 2852 nunc
564 2802 707 2853 nostrum
726 2812 762 2853 er
785 2792 919 2873 puritate
940 2810 1011 2850 cum
1034 2789 1159 2871 reliquis
1180 2806 1257 2847 oon·-

167 2874 287 2939 terami
329 2896 451 2954 nomen,
472 2873 585 2947 studia,
608 2874 730 2957 religio,
750 2874 859 2955 pietas,
881 2873 964 2936 vitae
981 2874 1144 2955 professio,
1165 2870 1257 2931 labo-

168 2980 231 3038 res,
255 2980 335 3041 quae
357 2958 388 3018 iu
419 2956 485 3019 aliis
513 2968 599 3019 certa
622 2958 780 3019 varietatis
801 2954 923 3034 indicia,
944 2956 975 3017 in
995 2957 1058 3019 istis
1079 2952 1257 3017 similitudi.

168 3062 240 3104 nem
266 3041 435 3120 obtinent,
457 3050 490 3103 et
519 3040 684 3103 discrimen
705 3042 863 3103 auferunt.
914 3039 1015 3102 dicam
1034 3038 1258 3119 'Itseophanem

168 3124 253 3187 hunc
272 3133 415 3187 nostrum
437 3145 474 3185 ex
494 3122 620 3187 diversis
640 3124 730 3207 gestis
754 3124 786 3184 in
810 3124 888 3187 duos
909 3124 1044 3184 Burunio
1066 3121 1196 3181 divisum
1218 3116 1259 3180 ad

171 3230 288 3269 znnnm
308 3206 424 3269 Christi
441 3204 504 3269 816
524 3229 608 3269 num.
634 3208 651 3269 1
673 3218 714 3269 et
735 3205 877 3269 Andreae
896 3208 1010 3269 Scorso
1031 3204 1188 3287 prooemii
1210 3223 1259 3264 se-

168 3291 267 3354 cundi
285 3299 362 3354 sect.
385 3292 401 3353 1
425 3290 458 3350 iu
477 3290 701 3373 Theophanem
713 3290 918 3352 Cerameumi
938 3289 1008 3373 ipsi,
1030 3287 1116 3370 quod
1137 3286 1259 3345 miran-

170 3375 258 3452 dum,
279 3376 491 3457 eloquuntur,
510 3382 543 3437 et
560 3396 721 3457 errorem,
744 3396 816 3435 curn
845 3396 882 3435 ex
902 3370 1099 3454 Tbeophanis
1121 3368 1259 3431 eiusdem

170 3458 270 3520 nostri
288 3460 363 3534 sita,
385 3466 510 3519 tamer
531 3458 716 3520 succedente
739 3464 815 3518 nota
846 3454 1106 3530 convincendum,
1126 3451 1258 3515 demon.

168 3550 280 3603 strant.
320 3562 394 3602 sane
415 3539 613 3623 Theophanis
649 3542 743 3623 ipsius
759 3542 840 3617 vita,
862 3550 1008 3623 gestaque
1027 3537 1121 3599 scriis
1143 3556 1178 3598 ex
1201 3556 1259 3596 au-

168 3626 309 3687 ctoribus
331 3624 480 3701 collecta,
500 3625 556 3685 snb
572 3636 774 3706 conspectum
794 3626 910 3706 posita,
940 3620 1027 3707 quod
1058 3622 1157 3703 ipsum
1178 3618 1261 3679 inter

170 3708 374 3791 retiquosque
390 3708 560 3784 intercidit,
582 3708 765 3769 discriminis
792 3707 907 3768 indicia
926 3707 1105 3789 proferunt.
1129 3712 1260 3778 tantum,

171 3812 253 3876 quae
272 3793 305 3853 in
326 3791 385 3851 ittis
407 3789 491 3852 haud
517 3789 628 3852 ieviter
654 3789 897 3871 praetereunda,
916 3791 1016 3851 tector
1038 3808 1101 3850 non
1121 3788 1261 3847 incautus

170 3896 293 3937 mecum
311 3874 391 3937 baec
412 3874 603 3937 observabit.
649 3875 665 3934 1
686 3875 769 3935 vitae
790 3872 988 3955 Theophanis
1010 3868 1261 3951 sMetaphrmts,

171 3958 223 4020 vel
241 3980 278 4021 ex
297 3958 426 4020 Baronii
446 3956 562 4019 indicio
593 3980 610 4017 a
629 3955 804 4017 Theodoro
835 3955 950 4019 studita
973 3954 1167 4037 conscriptae
1186 3972 1262 4014 ven·

170 4042 258 4103 sione
277 4044 404 4117 Latina,
425 4042 559 4103 eundem
585 4041 734 4101 Iroacs'rsm
755 4060 882 4123 qnoque
911 4038 1049 4114 dictum,
1081 4058 1115 4098 er
1139 4036 1262 4118 liuguae
1348 4074 1351 4079 ι

171 4127 312 4189 Graecae
330 4125 463 4200 inscitia,
487 4123 636 4187 affirmari
656 4123 742 4204 apud
762 4122 931 4187 Baronium
955 4144 983 4183 a,
1005 4121 1039 4181 C.
1063 4117 1123 4181 777
1146 4117 1262 4181 num.3

173 4206 396 4273 acetosum.
418 4211 447 4273 1.
499 4210 582 4272 tecto
600 4206 728 4293 ‘qnippe
751 4208 834 4295 sitae
860 4212 1111 4292 programmate,
1136 4192 1262 4287 Oropi·
