3050 4900
616 363 766 428 NOTAE.
1150 363 1220 466 3·ss

137 533 235 610 tensis,
253 539 287 594 ct
310 528 487 594 diebostttt]
507 531 578 593 solis
598 533 700 594 sedem
722 533 855 594 tenulsse
876 539 1016 594 testatur.
1058 537 1224 596 successori

139 615 313 680 Alexandro
336 635 433 676 annos
447 616 498 694 22,
523 616 588 677 dies
610 615 671 678 303
691 618 830 679 ascribit.

223 718 316 800 19,t
366 717 465 807 τούτῳ
484 722 527 807 τῷ
549 717 610 784 ἔτει
637 725 889 801 Κωοοταοτῖνος]
918 723 1106 784 Barberians
1131 723 1226 785 codex

138 810 170 870 in
194 807 335 890 margine
355 808 498 887 opposita
520 807 640 868 scribit.
659 805 757 890 τούτῳ
780 807 824 892 regi
847 803 906 868 ἔτει
922 805 1138 889 Μητροφιένης
1161 802 1227 867 iut'·

138 886 255 964 σκοπὸς
282 890 340 952 τοῦ
359 885 536 964 Βυζαντίου
569 889 805 972 ἐχειροτονήθη.
848 890 955 951 eadent
983 892 1012 949 in
1036 911 1131 972 marg.
1155 889 1226 951 eod.

141 974 212 1052 154,
234 995 329 1057 quern
348 993 404 1034 nos
427 973 613 1035 Vaticanum
630 975 768 1056 primurn
790 972 931 1035 dicimus.
984 974 1125 1054 optime:
1149 971 1228 1034 inl'e.

139 1059 204 1120 rius
227 1059 346 1141 quippe
359 1057 397 1118 ad
413 1059 578 1118 eunonium
592 1057 695 1117 annia
717 1056 826 1118 muudi
848 1056 978 1118 conditu
1000 1055 1093 1135 5809,
1114 1078 1230 1116 annrtm

139 1141 355 1224 Metroplranis
378 1148 523 1201 octavum
551 1161 587 1201 ac
607 1140 737 1202 subinde
756 1161 874 1202 nonum
900 1147 1023 1201 notatos
1047 1139 1178 1200 observo
1199 1141 1230 1198 in

139 1225 244 1308 regio:
280 1245 378 1306 qnare
404 1224 522 1305 primus
552 1225 645 1284 debet
672 1245 735 1286 esse
762 1223 815 1284 hic
842 1221 924 1286 5802
945 1222 984 1284 ab
1007 1224 1136 1284 auctore
1160 1245 1232 1284 curn

140 1308 338 1392 sequentibus
357 1327 406 1366 sex
422 1309 667 1389 praetermissus:
684 1328 761 1390 quos
777 1316 880 1370 tamen
898 1327 1002 1368 ornnes
1024 1307 1233 1377 inconleetum

141 1417 161 1455 a
182 1393 271 1453 nobis
293 1390 461 1452 canoniam
485 1391 684 1474 reponendos
704 1388 979 1474 operaepretium
1000 1389 1150 1455 duximus.

224 1499 305 1559 thid.
348 1498 586 1569 Κωνσταπῖνος
606 1491 623 1557 ὅ
643 1492 824 1580 θειότατος]
840 1497 1028 1558 Maxentium
1050 1498 1234 1558 aConstan.

141 1583 199 1644 tini
221 1583 254 1642 iu
279 1583 503 1662 imperatorem
524 1581 736 1662 designatione
766 1601 829 1641 non
850 1581 942 1664 longe
963 1579 1158 1664 tyrannidem
1180 1599 1237 1664 ar.

145 1665 275 1747 ripuisse
301 1663 498 1726 subindicant
529 1667 677 1726 Eusebius
706 1665 738 1724 in
761 1664 923 1737 chronico,
945 1665 1086 1724 Aurelius
1109 1663 1235 1739 Victor,

143 1748 327 1830 Eutropius,
349 1758 473 1809 etcum
496 1747 542 1808 bis
562 1749 707 1810 Petavius
730 1748 783 1809 lib.
796 1747 833 1807 11
858 1748 896 1809 de
918 1747 1001 1808 doct.
1027 1767 1094 1830 cap.
1108 1743 1160 1806 37.
1182 1765 1237 1807 ve-

145 1854 214 1894 ram
237 1853 273 1893 ex
296 1831 488 1914 panegyricis
513 1833 610 1894 verba
640 1833 695 1893 ista
723 1831 762 1892 dc
782 1831 938 1892 Maxentio
958 1830 1056 1892 refert
1077 1829 1147 1890 loco
1171 1850 1238 1889 rne-

144 1925 280 1977 morato.
323 1916 511 1991 Maxentius,
533 1928 705 1998 consumpto
721 1934 783 1998 per
800 1914 936 1975 desidias
945 1915 1105 1989 sexennio,
1127 1912 1239 1990 (itala.

144 1999 279 2082 gendum
299 1999 428 2080 probat)
444 2019 482 2059 ne
495 2001 697 2083 septenariam
708 1999 795 2058 illum
812 2019 967 2057 numerum
983 2017 1104 2058 sacrum
1127 2009 1156 2056 et
1167 1995 1240 2056 reli.

143 2086 258 2166 giosum
275 2082 407 2143 violant
427 2089 486 2144 etc.
510 2101 608 2166 quare
622 2078 736 2142 merito
755 2079 916 2141 concludit
930 2080 1080 2141 Eusebius
1102 2079 1132 2140 iu
1145 2078 1241 2139 chro-

146 2167 242 2226 nico:
265 2165 441 2226 dlueentius
462 2168 552 2228 tiata
566 2178 687 2249 pontem
702 2165 845 2225 Milvinm
867 2187 887 2224 a
910 2165 1100 2224 Constantino
1118 2183 1151 2222 su
1173 2182 1241 2222 era-

146 2263 192 2310 tras
211 2249 361 2325 occiditur,
385 2267 465 2331 anuo
487 2251 610 2330 imperii
627 2250 674 2309 sni
692 2261 795 2309 sexto.-
817 2268 910 2333 quem
933 2246 1065 2307 eundem
1090 2183 1183 2306 eladis
1206 2251 1239 2305 et

148 2333 261 2392 mortis
281 2331 382 2392 illatae
396 2340 489 2414 putat
510 2333 651 2396 chronic.
675 2329 820 2392 Alexand.
863 2329 946 2390 baud
970 2331 1012 2390 ita
1031 2329 1157 2411 planum
1181 2327 1242 2411 igi.

151 2425 205 2477 tur
225 2415 366 2477 Maxentii
390 2415 516 2476 caedem
543 2436 624 2476 anno
648 2415 842 2475 Constantini
867 2413 1001 2495 septimo
1025 2413 1161 2475 obeunte
1184 2429 1242 2471 nu-

148 2497 338 2572 merandam,
363 2509 461 2582 prout
482 2500 649 2563 Eusebiani
672 2500 795 2560 codices
817 2500 931 2557 lerunt.

230 2606 309 2667 Ibr'd.
331 2605 364 2667 8.
408 2605 521 2667 ἐδεδίει
548 2604 605 2679 τὰς
631 2603 816 2679 Μοξοοτιόο
844 2600 1006 2687 γοητείας]
1040 2600 1079 2663 ab
1106 2598 1246 2663 Eusebio

148 2690 201 2753 lib.
225 2692 241 2751 1
263 2691 301 2751 de
328 2692 389 2749 vita
413 2692 519 2752 Const.
544 2713 612 2773 cap.
635 2688 676 2751 30
700 2687 822 2753 relatas.
1104 2722 1107 2729 ·

229 2798 312 2858 Ibid.
337 2796 384 2859 10.
426 2786 523 2879 ὤφθη
544 2797 644 2883 αὐτῷ]
676 2798 757 2860 idem
777 2794 925 2859 Eusebius
957 2816 1024 2878 cap.
1046 2793 1087 2856 22
1108 2790 1243 2856 ciusdem

150 2884 202 2945 lib.
227 2904 285 2943 nec
307 2881 533 2964 noricapp.93
556 2879 596 2943 24
616 2882 656 2943 31
677 2880 719 2943 39
738 2889 770 2942 et
790 2878 869 2974 33‘.
1220 2868 1234 2891 ⁶

232 2989 283 3068 20,
305 2991 333 3053 2.
375 2982 468 3050 πόλιν
501 2986 772 3072 στεφανώσαντες]
800 2988 882 3049 festis
904 3008 941 3047 ac
963 2984 1113 3067 triumphi
1136 2982 1243 3045 <liebus

149 3100 306 3160 Romanos
327 3098 439 3159 urbem
461 3117 635 3173 coronasse,
656 3096 719 3156 boc
740 3104 794 3169 est,
818 3094 926 3155 domos
945 3104 976 3154 et
996 3094 1111 3174 templa
1132 3090 1243 3153 laureis

151 3182 277 3243 corollis
301 3200 424 3244 ornasse
436 3182 562 3263 legimus
584 3180 666 3262 apud
678 3178 907 3241 Tertullianum
922 3178 952 3238 in
967 3176 1089 3259 apolog.
1106 3172 1241 3256 capbb.

150 3286 207 3325 eor
225 3266 276 3326 dic
297 3268 379 3327 laeto
402 3267 512 3325 luroris
527 3278 626 3346 postes
648 3285 707 3325 non
720 3263 951 3324 obumbramus?
972 3260 1010 3319 ad
1033 3280 1162 3319 uxorem
1186 3256 1242 3317 lib.

152 3351 171 3409 9
193 3370 262 3431 cop.
273 3346 303 3409 6.
341 3348 480 3433 procedit
500 3346 540 3407 de
560 3351 653 3407 ianne
676 3348 813 3407 laureata
835 3360 864 3405 ct
884 3344 1045 3417 lucernata,
1066 3354 1097 3401 ut
1116 3342 1154 3400 de
1166 3360 1244 3425 ιιοοο

151 3434 325 3494 coruistorr‘o
341 3434 534 3517 publicorum
555 3431 722 3490 libidinum.
746 3428 785 3491 de
807 3448 925 3489 corona
947 3424 1051 3485 militis
1076 3446 1102 3485 c.
1128 3422 1173 3485 13.
1195 3434 1243 3481 at-

151 3518 231 3576 enim
247 3514 432 3575 Christianus
453 3534 507 3575 nec
519 3513 643 3573 domum
663 3530 756 3574 suom
776 3512 892 3573 laureis
913 3509 1084 3591 infamabit.
1106 3506 1145 3568 de
1167 3504 1243 3565 idol.

152 3620 224 3678 cap.
249 3596 297 3659 15.
319 3602 382 3658 seio
390 3598 527 3674 fratrem
559 3617 617 3679 per
647 3601 796 3657 visionem
822 3594 929 3655 eadem
958 3604 1045 3655 nocte
1069 3594 1244 3673 castigatum

149 3685 294 3763 graviter,
315 3682 397 3765 quod
415 3683 542 3742 iarusom
564 3682 626 3739 eius
640 3682 735 3739 subito
764 3677 948 3739 armuntiatis
969 3676 1089 3757 gaudiis
1115 3672 1246 3757 publicis

151 3767 238 3827 servi
251 3776 476 3845 „comrmssenss
508 3777 537 3823 et
563 3776 664 3822 tamen
689 3766 754 3844 ipse
776 3784 836 3823 non
856 3772 1062 3821 coronaverat.

236 3872 326 3934 thid:
339 3869 368 3931 7.
420 3864 492 3951 t‘sor'p
525 3868 613 3950 ταφῇ
632 3865 872 3951 παραδοθῆναι]
909 3868 949 3927 ob
973 3872 1095 3947 partum
1116 3860 1156 3922 de
1176 3860 1245 3923 Ma.

152 3955 257 4017 xcutio
278 3954 445 4015 victoriam
465 3952 617 4014 Barooius
640 3952 875 4014 Constantinum
897 3952 1109 4011 celebraturus
1131 3943 1168 4005 ad
1190 3964 1246 4002 an.

154 4058 228 4099 num
253 4038 368 4098 Christi
390 4036 453 4099 312
473 4056 557 4097 num.
579 4033 629 4095 79.
680 4056 738 4095 nec
766 4034 1054 4117 praetermittimus,
1079 4028 1189 4109 inquit,
1208 4024 1247 4085 de

154 4121 246 4184 rebus
266 4132 374 4182 tuma
404 4118 610 4181 Constantino
632 4120 751 4180 Itomae
784 4118 874 4199 gestis
899 4116 972 4175 illud
995 4134 1164 4195 apponere,
1189 4130 1247 4169 cu-

154 4224 235 4268 rasse
255 4205 417 4284 nimirum,
440 4212 475 4265 ut
497 4204 550 4264 SS.
572 4213 747 4285 martyrum
765 4220 902 4284 corpora
922 4196 1146 4283 persecutionis
1168 4200 1247 4255 tem·
