3050 4900
493 418 544 481 EX
576 418 833 486 THEOPthlll.
1142 412 1213 490 242

117 586 279 652 diffamans
302 608 364 649 uua
396 605 470 651 cum
486 586 520 650 la
543 589 667 668 clamo,
691 598 726 651 ut
746 591 946 673 praedictum
967 604 1024 673 est,
1045 596 1216 658 interfecit.

113 674 195 735 decit
216 682 323 733 auteur
353 670 515 733 abundare
547 670 651 733 borno
682 676 799 755 species
830 676 863 737 iu
893 678 990 740 urba:
1016 699 1114 741 nouus
1134 680 1219 742 enim

117 758 217 819 Midas
238 757 339 817 fuctus
356 775 469 816 aurum
483 756 680 819 coacervavit
701 768 733 819 et
752 756 902 821 auriculis
921 760 1103 841 denudavit,
1123 773 1157 825 et
1174 764 1216 825 uh

119 840 317 903 tributorum
341 838 533 901 exactionem
558 834 753 923 cogebantur
770 806 912 907 homines
933 844 1032 929 largas
1055 846 1107 908 dei
1127 846 1318 931 geni-putu

117 918 240 986 minum
263 918 487 986 munificentias
520 921 609 984 facile
631 942 685 984 seu
707 925 761 987 vili
784 926 890 1009 pretio
913 928 1105 992 venundare.
1198 934 1205 947 '

204 1046 390 1129 Eodemque
405 1066 487 1109 auno
501 1045 623 1109 Nicetes
637 1047 704 1109 falsi
721 1050 855 1113 nominis
868 1051 1048 1136 patriarcba
1063 1055 1167 1117 iconas
1182 1076 1220 1118 ex

116 1130 221 1193 musio
242 1132 349 1206 luctas,
370 1132 498 1213 quaein
522 1130 714 1213 patriarchio
729 1133 856 1198 ·Secreti
877 1136 1010 1201 minoris
1023 1148 1124 1218 erant,
1145 1160 1219 1203 era·

117 1216 170 1293 sit,
191 1225 224 1277 et
246 1214 389 1296 imagines
409 1214 512 1296 magni
535 1214 668 1291 secreti,
693 1236 774 1298 quae
794 1219 859 1279 scul
883 1230 935 1283 tae
955 1222 988 1282 iu
1011 1222 1093 1305 ligno
1115 1231 1219 1301 eruut,

120 1298 291 1380 deposuit,
312 1304 344 1357 et
365 1306 541 1359 ceterarum
557 1296 726 1383 imaginum
744 1300 838 1364 facies
859 1240 1013 1368 hatiniait.
1057 1306 1112 1369 sed
1129 1316 1164 1369 et
1186 1306 1220 1367 in

119 1382 274 1445 Abramie
298 1380 442 1443 similiter
462 1381 546 1443 lecit.

206 1506 297 1567 Anno
337 1501 462 1589 imperii
490 1504 537 1567 sui
569 1498 611 1566 28
645 1506 813 1569 coronavit
844 1508 1020 1593 imperator
1044 1509 1219 1574 Eudociam

120 1610 254 1651 uxorem
267 1610 365 1667 suam,
384 1610 454 1651 cum
476 1595 553 1650 esset
568 1588 717 1671 trigamus
738 1599 772 1651 et
786 1590 863 1653 baec
878 1602 956 1656 esset
971 1594 1071 1657 'tertia
1093 1596 1221 1673 coniux,

121 1676 155 1735 in
169 1673 339 1735 tribunatio
363 1670 476 1734 decem·
491 1681 521 1734 ct
538 1692 651 1733 novem
671 1670 873 1737 accubituum
895 1676 1034 1739 kalendis
1044 1678 1219 1760 Aprilibus:

121 1756 203 1819 filios
225 1778 299 1818 vero
320 1776 390 1819 suos
410 1776 446 1817 ex
468 1756 533 1837 ipsa
552 1765 747 1837 procreatos,
763 1756 1028 1841 Christuphu'rmn
1049 1759 1167 1823 scilicet
1188 1766 1223 1823 et

119 1838 353 1924 Nicephorum,
384 1848 510 1921 postera
534 1839 606 1917 dre,
626 1862 690 1925 qua
715 1852 857 1903 sanatum
879 1844 1070 1905 celebratum
1096 1852 1141 1906 est
1160 1865 1220 1928 pa-

120 1924 205 2001 scha,
227 1925 371 1985 Caesares
392 1922 568 2001 ordinavit,
628 1924 788 1986 atriarcha
816 1927 994 1990 orationem
1024 1929 1166 2005 faciente,
1188 1938 1221 1990 et

120 2008 365 2090 imperatoribus
385 2026 479 2089 super
500 2026 552 2069 eos
573 1944 748 2092 chlamydes
770 2018 804 2071 et
819 2010 1004 2073 Caesarieius
1017 2012 1221 2095 imponenti.

118 2090 180 2155 bns
202 2092 309 2173 galeas.
352 2092 421 2172 pari
443 2089 538 2152 modo
560 2097 592 2151 et
607 2091 755 2168 ilicetum,
786 2094 986 2157 novissimum
1010 2088 1141 2157 fratrem
1162 2116 1221 2157 eo.

120 2196 213 2251 rum,
243 2174 432 2235 nobilissimo
454 2174 557 2251 sacto,
579 2174 781 2257 superposuit
810 2176 840 2238 ei
872 2176 1071 2276 chlamydem
1091 2200 1220 2241 auream

122 2266 159 2319 et
180 2276 345 2330 coronam
380 2266 413 2319 et
432 2256 474 2319 ita
498 2266 735 2340 processerunt,
754 2258 943 2323 iactantibus
975 2263 1221 2345 imperatoribus
1275 2298 1278 2302 ·
1324 2282 1329 2323 a

119 2340 282 2427 hypatium
302 2340 431 2404 trimisia
445 2344 472 2421 *l
493 2350 525 2403 et
545 2340 665 2402 semisia
688 2350 721 2405 et
740 2342 925 2407 numismata
946 2366 1040 2425 nova,
1060 2366 1158 2430 usque
1178 2342 1219 2406 ad

119 2446 267 2510 magnam
285 2424 454 2488 ecclesiam.

205 2543 294 2604 duno
316 2541 438 2625 imperii
477 2539 672 2604 Constantini
695 2535 736 2603 29
768 2540 903 2626 ingressa
934 2551 984 2630 est,
1004 2543 1117 2606 urbem
1139 2543 1360 2630 liehpwg

98 2623 198 2688 'rene
221 2625 260 2690 ab
282 2625 409 2688 Athenis
438 2627 563 2688 veniens
585 2623 791 2688 dromonibus
823 2635 855 2688 et
874 2623 1043 2689 chelandiis
1064 2627 1217 2710 piurimis,

118 2707 281 2772 adornatis
304 2711 407 2771 sericis
429 2707 552 2791 palliis,
585 2717 618 2772 et
649 2709 836 2792 proceribus
866 2710 953 2772 urbis
974 2731 1047 2772 cum
1069 2709 1217 2773 uxoribus

120 2793 248 2855 obviarn
271 2793 508 2856 occurrentibus
543 2801 574 2855 et
593 2791 854 2876 praecedentibus
882 2814 962 2856 eam.
1005 2814 1141 2878 cumque
1162 2817 1218 2878 pa·

9 2945 14 2960 .
120 2875 264 2938 triarcha
286 2877 416 2940 uenisset
438 2877 477 2938 ud
499 2877 650 2958 palatium
678 2876 710 2936 iu
730 2875 890 2938 eeclesiam
910 2875 1017 2953 Phari,
1041 2877 1122 2939 faeta
1145 2887 1219 2940 suut

120 2959 162 3022 ad
182 2959 314 3022 eandem
338 2961 501 3022 Heirenem
523 2959 636 3022 Leonis
667 2959 868 3042 imperatoris
889 2961 1052 3044 sponsalia,
1074 2971 1107 3024 et
1131 2961 1217 3024 deci.

117 3053 259 3106 maseato
282 3043 425 3106 kalendas
447 3043 603 3104 lanuarias
623 3054 777 3105 coronata
797 3052 843 3106 est
859 3043 890 3106 in
908 3044 1046 3107 triclinio
1060 3045 1218 3128 Aeginetae

117 3127 303 3210 imperatrix
324 3129 471 3190 lleirene.
521 3147 603 3211 quae
630 3145 702 3187 cum
731 3125 770 3187 ad
799 3127 977 3190 oratoriam
1005 3128 1037 3189 S.
1064 3127 1215 3210 Stephani

116 3212 213 3274 situm
235 3213 267 3273 in
289 3212 422 3294 Daphne
456 3211 599 3289 abiisset,
622 3211 744 3293 accepit
776 3213 958 3293 nuptiarum
980 3231 1131 3273 coronam
1153 3233 1217 3273 una

118 3315 194 3357 eum
216 3295 281 3356 lilio
305 3294 518 3371 Constantini,
544 3295 689 3377 praelato
716 3291 860 3356 videlicet
888 3295 1082 3376 imperatore
1099 3295 1215 3357 Leone.

117 3377 184 3439 hue
203 3379 297 3439 etiam
318 3399 400 3440 anno
420 3379 501 3439 facta
522 3388 567 3441 est
579 3379 786 3440 cummutatio
808 3377 950 3462 insyria
968 3377 1029 3439 viri
1051 3377 1216 3440 advirum

117 3472 152 3524 et
176 3463 311 3525 feminae
343 3461 382 3524 ud
412 3461 558 3525 feminam
588 3472 621 3524 et
649 3462 740 3544 pueri
761 3461 905 3524 similiter
936 3461 976 3523 ad
998 3481 1142 3544 puerum.
1183 3471 1216 3522 et

118 3545 287 3692 praecepit
304 3545 433 3608 Abdelas
449 3544 517 3607 radi
535 3546 648 3608 barbas
668 3564 790 3624 eorum,
812 3553 845 3607 et
863 3543 932 3608 fieri
944 3545 1136 3607 calamaucos
1156 3564 1215 3606 ca.

144 3630 181 3692 ili
204 3629 294 3690 unius
316 3637 349 3692 et
367 3630 464 3692 semis.

204 3739 294 3799 Anno
319 3737 442 3820 imperii
464 3734 659 3798 Constantini
682 3733 722 3798 30
749 3734 903 3798 Adrianus
922 3735 1002 3798 sedis
1023 3734 1215 3819 apostolicae

117 3821 246 3904 praesul
267 3820 410 3884 babetur.
433 3821 545 3882 eodem
565 3839 648 3882 anno
672 3819 773 3880 movit
794 3818 964 3882 exercitum
977 3820 1112 3882 Bnuacus
1135 3841 1215 3881 cuu-

116 3913 171 3969 tra
190 3905 385 3986 Romaniam,
410 3913 443 3968 et
463 3903 576 3967 multos
596 3904 736 3988 captivos
758 3901 895 3982 abduxit,
917 3912 949 3966 et
962 3905 1095 3970 Romani
1114 3921 1311 3995 quar-pm

153 4139 325 4212 ¹)trimiala]
344 4139 435 4190 ducat:
462 4137 496 4189 lu
521 4137 605 4189 exilio
626 4137 652 4190 S.
672 4135 768 4188 Mart:
792 4149 879 4206 usqua
906 4133 942 4186 ad
961 4148 1045 4184 uuum
1071 4113 1214 4188 trimisium

189 4208 358 4334 meappm
384 4207 454 4332 Aaptant
471 4223 636 4280 comparere·
649 4223 678 4264 ν·
696 4207 825 4275 Scalipsn
844 4206 879 4262 sle
899 4222 928 4258 rs
944 4221 1046 4258 numm.
1065 4204 1213 4260 eaSauaas
1285 4241 1290 4251 x

220 4389 398 4463 stropham
415 4391 455 4446 ts.
867 4342 870 4351 ‘
977 4385 1013 4440 16
