3050 4900
442 317 519 387 ἘΙ
550 316 807 386 TOEOPHANE.
1129 311 1178 386 65

123 483 222 546 bbulis
247 485 462 553 mdlarantea.
504 491 638 572 quadam
672 511 748 574 ergo
766 489 817 554 dis
835 489 1009 554 damuante
1026 498 1125 567 terra,
1147 500 1183 552 et

120 568 188 665 omni
207 570 292 651 plebe
311 571 457 634 attentius
486 575 674 636 exclamante
702 569 793 656 adpre
812 573 949 656 ὖλέησον,
967 575 1051 636 eirca
1069 573 1183 634 horam

119 659 226 714 tenram
244 655 384 719 omnihus
408 656 582 720 videntibus
604 657 737 740 contigit
764 679 784 718 a
800 655 906 719 divina
926 659 1044 719 virtute
1062 657 1183 718 sustolli

118 736 252 815 quendam
278 737 543 803 adolescentulum
572 741 603 802 iu
623 744 711 818 aire,
733 749 766 802 et
786 741 890 802 audiri
915 740 1052 802 divinam
1071 761 1183 800 vocem

118 816 314 911 admonentem
337 843 408 884 eum
432 825 588 905 ¹episcopo
623 846 659 886 ac
679 823 801 906 populo
824 825 971 886 nuntiare
1000 834 1036 885 ut
1057 823 1183 885 letanias

115 903 301 966 asciscerent
324 914 357 967 et
377 906 519 970 dicerent
547 907 687 970 “sanctus
709 908 805 980 Dans,
827 908 958 968 Sanctus
980 907 1080 988 fortis,
1103 906 1184 966 San-

114 993 169 1048 ctus
181 987 370 1068 immortalis,
390 989 534 1056 miserere
547 991 665 1068 nobis,”
686 987 764 1050 nihil
775 989 860 1051 aliud
879 1001 1084 1073 apponentes.
1098 990 1185 1050 Pro-

116 1067 286 1164 rimantem
306 1071 365 1134 hac
385 1082 525 1156 suscepta
545 1073 697 1136 sententia
717 1073 880 1155 praecepit
909 1073 1029 1155 populo
1052 1073 1183 1155 psallere

115 1171 157 1231 ac,
174 1161 203 1214 ot
219 1155 322 1216 atatim
344 1163 448 1220 terrae
464 1165 566 1218 motus
588 1158 727 1220 cessavit.
777 1178 879 1239 porro
907 1158 999 1220 beata
1020 1155 1188 1218 Pulcheria

116 1255 195 1330 super
213 1238 365 1300 miraculo
382 1261 442 1302 una
464 1262 535 1302 cum
554 1240 654 1303 fratre
671 1261 766 1322 snpra
789 1241 919 1302 modurn
940 1240 1091 1302 admirata
1114 1261 1188 1299 san-

115 1326 151 1378 nt
177 1339 233 1402 per
262 1323 442 1392 universnm
464 1325 575 1386 orbem
601 1324 741 1386 divinum
757 1323 842 1384 hunc
862 1323 994 1404 psallere
1016 1323 1190 1407 hymnum

116 1410 141 1461 ct
157 1424 188 1465 er
210 1415 287 1550 trppo
309 1427 457 1490 recepere
477 1427 582 1470 omnes
610 1407 757 1472 acclesiae
776 1426 835 1490 par
862 1409 998 1491 singulos
1018 1406 1082 1469 dies
1103 1405 1189 1467 hunc

116 1505 212 1550 maere
253 1510 303 1552 eo.

179 1589 227 1650 Dc
252 1597 360 1651 cetero
394 1588 565 1672 imperante
592 1589 771 1654 Theodosio
801 1589 925 1652 iuniore
953 1585 1281 1660 valentinianus-144
1299 1588 1332 1639 ¹7

116 1688 165 1730 non
185 1673 288 1734 solum
308 1673 499 1734 Britanniam
519 1681 551 1734 et
573 1673 703 1736 Galliam
734 1683 768 1737 ct
787 1674 968 1756 Hispaniam
989 1675 1108 1735 salvare
1130 1696 1190 1735 ue-

117 1754 285 1836 misitsed
306 1767 338 1816 et
360 1756 584 1818 occidentalem
604 1758 661 1818 Lib
684 1779 743 1837 am,
766 1777 847 1840 quaa
865 1757 1008 1819 videlicet
1019 1758 1106 1840 regio
1128 1779 1191 1818 ao-

113 1845 189 1930 catnr
203 1840 369 1916 Afrorum,
392 1839 493 1900 amisit
512 1839 574 1901 hoc
594 1843 648 1902 ino
672 1862 700 1906 ο.
743 1840 808 1902 dno
823 1849 986 1922 praetores
1005 1849 1106 1914 erant,
1129 1843 1193 1901 Αἰκ-

115 1925 162 2012 tans
179 1923 300 1986 scilicet
321 1931 353 1984 et
366 1923 550 2001 Boniiacius,
573 1945 651 2008 quos
665 1923 859 1988 Theodosius
880 1923 1059 2007 postulante
1072 1924 1193 1985 Valen-

113 2003 372 2098 arianonorum
394 2006 514 2073 direxit.
557 2007 878 2092 cumqneBonifacius
898 2007 1113 2089 principatum
1135 2027 1195 2068 oc-

111 2086 283 2152 edentulam
313 2091 430 2172 Libyae
460 2091 667 2173 percepisset,
699 2089 814 2152 invidia
849 2091 1055 2152 inflammatus
1087 2091 1193 2151 ditius

111 2173 328 2234 accusationem
339 2175 415 2234 facit
427 2171 569 2237 adversus
583 2195 652 2236 eum
665 2184 814 2259 tanquam
826 2173 1028 2236 rebellionem
1039 2171 1195 2235 meditan-

109 2261 162 2314 tem
175 2265 206 2317 et
219 2257 369 2320 obtinere
376 2256 506 2340 Libyam
522 2268 721 2340 satagentem.
743 2269 777 2320 et
795 2256 874 2319 haec
895 2256 1021 2340 quidem
1039 2256 1195 2318 Placidiae

110 2335 269 2432 lptebatur,
294 2339 502 2402 Valentiniani
519 2343 624 2403 matri·
655 2350 795 2403 ceterum
805 2340 966 2401 Bonifacio
988 2340 1098 2401 scribit
1120 2340 1195 2423 quia

108 2439 129 2479 ει
147 2425 315 2487 accersitus
337 2423 442 2503 fueris,
462 2423 611 2487 accedere
631 2424 711 2486 noli:
734 2424 889 2485 incusatus
919 2423 1001 2485 enim
1028 2443 1079 2501 as,
1099 2431 1131 2485 et
1163 2430 1196 2483 te

108 2501 202 2569 dolose
224 2510 341 2569 volunt
362 2507 566 2590 imperatores
578 2548 711 2568 .....
730 2508 808 2568 haec
828 2506 997 2586 suscipiens
1009 2504 1195 2584 bonifacius,

107 2594 134 2649 et
152 2590 249 2655 veluti
282 2592 421 2674 proprio
447 2612 538 2655 servo
559 2590 648 2653 Ae'tio
671 2588 818 2670 credens,
845 2588 1012 2650 accersitus
1043 2588 1194 2649 accedere

107 2670 225 2743 distulit.
271 2686 351 2737 tunc
366 2674 569 2755 imperatores
583 2674 705 2737 Aetium
726 2673 812 2757 quasi
825 2669 974 2735 devotum
995 2680 1194 2754 receperunt.

105 2768 185 2821 erant
207 2768 320 2821 autem
340 2756 438 2821 Gothi
459 2758 534 2821 tnnc'
554 2766 586 2821 et
605 2766 709 2842 gentes
730 2758 846 2817 multae
867 2754 1083 2831 acamarimae,
1105 2762 1192 2816 trans

103 2837 282 2905 Danubium
306 2840 337 2903 in
358 2840 570 2925 Hyperboreis
595 2840 670 2903 locis
703 2838 923 2917 inhabitantes,
945 2861 981 2901 cx
1003 2840 1115 2923 quibus
1138 2859 1194 2898 ra-
1300 2825 1330 2913 γ’

104 2923 317 2989 tinnabiliores
361 2932 492 2986 uattuor
513 2932 593 3003 sunt,
614 2924 712 2987 Gothi
733 2922 852 2986 scilicet
874 2932 906 2984 et
925 2921 1118 3006 Hypogothi,
1132 2921 1193 2982 Gi-

102 3008 186 3087 pedca
206 3020 241 3073 et
272 2948 431 3091 Vanilali,
467 3030 580 3071 nomen
610 3016 731 3071 tautam
760 3013 793 3070 et
824 3004 903 3066 nihil
923 3004 1007 3066 aliud
1027 3013 1193 3084 mutantes,

101 3110 221 3179 unaque
253 3094 364 3175 lingua
394 3100 525 3159 utentes.
579 3110 684 3155 omnes
717 3098 821 3152 autem
849 3086 921 3150 fidei
949 3096 1038 3151 crant
1059 3088 1193 3148 Arianae

99 3176 315 3260 malignitatis.
359 3174 410 3237 isti
431 3174 487 3236 sub
508 3172 642 3239 Arcadio
672 3180 704 3237 et
725 3172 1070 3235 Honorio'nanubium
1089 3179 1193 3231 trans-

101 3271 202 3322 euntes
226 3260 261 3322 in
286 3268 375 3322 terra
396 3258 487 3319 locati
507 3268 579 3321 sant
597 3260 825 3337 Romanorum.
848 3263 881 3317 et
901 3254 1033 3337 Gipedes
1055 3253 1191 3337 quidem,

98 3362 128 3403 ar
158 3344 283 3428 quihus
311 3342 511 3427 postmodum
535 3339 626 3404 divisi
661 3351 733 3403 snut
761 3338 964 3421 Longohardi
1002 3346 1034 3398 at
1055 3342 1190 3411 Avares,

98 3426 178 3488 villas
203 3434 386 3511 quaesunt
407 3424 490 3487 circa
512 3424 712 3508 Siggidonem
735 3430 767 3485 et
789 3421 937 3483 Sirmium
957 3419 1191 3483 habitaverunt.

97 3506 287 3593 Hypogothi
309 3530 387 3571 vero
407 3517 480 3590 post
499 3510 654 3570 Alaricum
674 3508 805 3568 Romam
824 3504 1047 3586 depopulantes
1070 3505 1101 3565 in
1115 3502 1193 3563 Gol-

95 3590 144 3654 lias
165 3596 295 3676 abiere,
317 3602 348 3653 et
368 3610 450 3675 quae
477 3591 592 3653 ibidem
610 3598 683 3652 sunt
712 3590 927 3651 obtinuerunt.
969 3586 1068 3648 Gothi
1089 3588 1330 3661 setempltw

91 3674 297 3739 Pannoniam
314 3675 493 3737 habuerunt
511 3676 657 3757 primum,
679 3672 751 3735 dein
774 3671 896 3735 decimo
918 3690 1004 3731 nono
1026 3690 1108 3729 anno
1129 3668 1193 3727 im·

91 3764 231 3839 perantia
257 3757 432 3821 Theodosii
464 3759 594 3819 iunioris
614 3755 872 3819 Thraciaerillas
893 3752 1115 3815 habitaverunt
1132 3770 1192 3832 per
1292 3801 1297 3813 .

93 3843 331 3941 quinquaginta
344 3851 418 3904 octo
438 3862 533 3904 annos
545 3842 577 3902 in
587 3840 710 3903 Thrace
730 3846 896 3921 morantes,
912 3836 1095 3919 Hesperium
1107 3854 1192 3919 quo·
1263 3906 1273 3922 .

92 3948 147 4009 que
176 3930 402 3991 obtinuerunt
431 3925 653 4007 principatum.
708 3942 809 4005 porro
837 3919 969 3985 Vandali
1001 3918 1104 3981 Alanis
1133 3918 1192 3979 sibi

91 4014 235 4086 sociatis,
273 4020 307 4071 ct
335 4009 514 4085 Germanis,
543 4008 597 4092 qui
628 4028 711 4069 nnuc
731 4005 846 4069 Franci
876 4012 1049 4078 vocantur,
1081 4000 1191 4077 ascitis,

90 4104 300 4159 transeuntes
314 4094 427 4153 Ninum
450 4092 579 4153 fluvium
599 4088 781 4173 Modigisclo
804 4088 883 4150 duce
901 4086 1009 4149 habito
1029 4084 1193 4147 habitave-

92 4192 162 4242 runt
182 4182 219 4241 in
245 4176 411 4259 Hispania,
433 4198 513 4260 quae
533 4185 575 4239 cst
606 4175 708 4259 prima
726 4174 874 4255 Europae
894 4168 1130 4252 provinciarum
1151 4169 1191 4226 nb

190 4300 383 4373 Timophanes
402 4302 436 4355 11.
988 4293 1004 4341 5
