3050 4900
307 354 381 431 324
675 363 718 426 ΙΝ
745 353 1021 424 morutium

306 536 451 596 cntionem
474 531 606 608 adhibet,
628 531 782 593 secondum
804 527 1016 612 qrmmnntolis
1033 523 1242 603 Dionysiam
1258 525 1397 588 comit

306 640 388 678 anno
405 617 509 677 mundi
521 613 613 697 5403,
636 617 819 676 Graecorum
836 634 905 672 vero
917 609 1058 672 sententie
1070 606 1162 671 5500.
1185 616 1315 669 atcerte
1330 629 1398 668 eam

308 723 371 764 esse
391 698 586 783 Theophani,
608 721 687 782 quac
713 698 850 777 Georgio
866 693 1009 778 syncello
1023 691 1223 774 computandi
1245 710 1399 766 nonnam,

308 785 563 866 Georgicum,
586 803 665 865 quae
687 780 812 841 Graecis
839 779 1058 860 Dionysiannm
1083 797 1186 836 aerum
1210 796 1291 836 anno
1313 773 1395 835 5500

307 866 511 929 statuentibus
542 865 609 948 ipse
628 863 832 946 Theophanes
852 861 883 920 in
908 860 1090 942 prooemio,
1111 869 1142 920 et
1163 858 1317 940 Georgius
1338 877 1394 918 suo

308 951 340 1010 in
357 970 464 1030 opere,
486 961 516 1010 et
539 950 701 1030 utriusque
721 947 837 1027 scrip'ta
859 945 898 1006 ad
921 945 1051 1004 invicem
1072 950 1254 1024 comparata
1276 949 1395 1004 testan-

308 1041 379 1095 tur:
403 1033 441 1094 de
462 1033 573 1116 quihus
593 1053 688 1114 supra
715 1029 748 1091 iu
772 1027 924 1090 annotinis
946 1026 984 1088 ed
1009 1027 1215 1109 prooemium.

391 1155 514 1232 31,17.
555 1150 666 1234 πρώτη
692 1149 823 1224 σύνοδος
851 1151 888 1236 τῇ
915 1143 955 1230 ili
990 1149 1172 1228 ἰνδικτιοῖνι]
1202 1149 1396 1212 manifestum

308 1239 506 1321 Theophanis
528 1237 710 1299 indictiones
730 1235 783 1296 hie
802 1235 938 1318 primum
960 1234 1159 1296 memorantis
1181 1255 1321 1296 errorem
1344 1232 1397 1295 bio

309 1325 473 1386 detectura
496 1321 648 1405 quaedam
665 1319 756 1402 prius
773 1326 945 1381 occurrunt
960 1315 1171 1400 supponenda.
1215 1317 1242 1380 1.
1257 1321 1394 1380 Graecos

231 1424 235 1433 ’
307 1407 424 1470 Latinis
445 1405 477 1465 iu
498 1403 717 1466 indictionibus
738 1401 935 1464 numerandis
956 1401 1119 1463 adsentiris
1140 1399 1281 1484 adeoque
1304 1421 1397 1480 anno,

310 1512 375 1574 quo
397 1490 535 1550 Christus
557 1487 656 1548 lucem
676 1484 801 1568 aspexit,
824 1506 916 1545 unam
938 1483 1021 1564 apud
1043 1493 1193 1568 utrosque
1216 1483 1307 1568 affigi,
1328 1494 1398 1545 ter.

308 1577 384 1636 tiam
403 1570 558 1648 videlicet,
579 1580 611 1632 et
629 1589 710 1630 anno
732 1569 889 1652 praesenti
906 1565 984 1630 1650
1006 1567 1130 1629 tertiam
1144 1568 1265 1650 pariter
1287 1589 1398 1629 recen.

309 1656 381 1719 seri.
424 1655 454 1716 2.
475 1652 622 1716 aGhristi
646 1652 792 1713 natalitiis
811 1649 850 1712 ad
868 1649 997 1712 huiusce
1021 1652 1094 1712 anni
1116 1651 1245 1714 limitem
1266 1649 1399 1712 eundem

309 1761 380 1884 3⁸⁸⁶,
396 1733 1399 1881 3310333ῗῖ1ἶὶῃῗῖ““οἰὲξὲἷ”1ἳὶἲωωῗ301011ἱῖῗί

311 1867 498 1967 celebriores
518 1901 637 1964 modos.
693 1899 726 1960 hi
779 1839 874 1984 uipipe
894 1899 1001 1962 muudi
1021 1899 1114 1978 5493,
1135 1839 1193 1961 isti
1205 1898 1296 1980 5500,
1340 1921 1400 1964 uae

311 1987 442 2069 Georgii
465 1985 597 2069 Syncelli
612 1924 858 2066 etTheopihanis
878 1985 1028 2046 sententia
1050 1993 1105 2061 est,
1126 1985 1177 2046 alii
1198 1981 1280 2044 5508
1304 1921 1400 2044 chari.

311 2079 394 2132 stum
415 2077 489 2130 ortu
516 2089 572 2129 suo
606 2077 706 2129 terres
726 2088 919 2130 consecrasse
950 2068 1142 2150 praedicant.
1184 2065 1230 2128 his
1251 2066 1402 2149 praernis-
1441 2091 1450 2103 ·

311 2154 369 2215 sis:
394 2151 499 2214 demus
512 2150 707 2232 Theophani,
730 2150 813 2212 insta
835 2172 894 2234 pro
920 2150 981 2212 rios
1002 2151 1058 2212 sibi
1081 2148 1214 2212 calculos
1235 2150 1401 2212 Nicaenam

312 2237 467 2320 synodum
489 2257 570 2296 auno
592 2236 631 2294 ab
655 2233 733 2295 orbe
752 2234 881 2295 condito
897 2171 983 2296 bSlG
1007 2243 1039 2295 et
1060 2256 1077 2295 a
1098 2231 1221 2296 Christe
1243 2244 1317 2294 nato
1338 2229 1401 2296 316

313 2319 525 2380 celebratam:
560 2339 632 2378 cnm
660 2316 712 2379 ille
741 2327 829 2378 ortus
851 2315 898 2378 sui
929 2317 1074 2380 comitem
1105 2315 1250 2378 habuerit
1277 2316 1402 2378 tertiam

314 2403 540 2465 indictionem:
569 2401 701 2462 Nicaeua
724 2401 858 2485 synodus
879 2419 942 2463 non
964 2401 995 2461 in
1019 2400 1067 2480 12,
1088 2400 1140 2463 sed
1163 2401 1193 2462 iu
1215 2398 1236 2461 4
1256 2397 1403 2461 indictio.

314 2508 386 2548 nem
410 2486 589 2569 reperietur
620 2484 782 2563 incidere,
804 2506 839 2545 ac
872 2484 962 2546 simul
985 2504 1127 2546 errorem
1151 2485 1181 2544 in
1205 2484 1304 2565 posita
1322 2483 1404 2545 indi·

315 2572 421 2714 plliople
442 2588 595 2711 argueras
626 2568 674 2710 pel
698 2568 728 2666 in
751 2569 912 2711 adversups
934 2567 1070 2710 ilicuenpl
1097 2566 1405 2710 syupdodipdictioni

340 2676 380 2713 uc
406 2673 871 2725 ecrmaearaa,1samean
897 2672 945 2711 ern
973 2671 985 2709 s
1010 2672 1048 2711 no
1073 2673 1124 2711 um
1169 2672 1207 2709 au
1251 2672 1406 2710 ramam-

315 2737 397 2817 plius
420 2736 452 2795 in
474 2733 582 2794 mundi
597 2672 737 2794 081660
758 2734 874 2795 Christi
903 2731 973 2794 316.
987 2672 1125 2795 yverum
1145 2734 1175 2793 iu
1195 2734 1302 2795 mundi
1322 2726 1407 2795 5894

318 2828 351 2878 et
365 2816 477 2877 Christi
500 2813 562 2877 304
583 2816 758 2893 incurrere,
783 2838 820 2877 ac
840 2816 929 2877 simul
951 2814 1173 2879 hallucinatum
1182 2815 1406 2899 Theophanem

234 2966 242 2977 .
319 2898 596 2980 deprehendemus.
638 2900 755 2960 erroris
778 2920 900 2961 causam
926 2906 958 2961 et
982 2900 1149 2985 rtparandi
1167 2898 1293 2962 modurn
1312 2906 1419 2983 οντα·-Ι

319 2984 456 3043 misimus
477 2991 551 3042 uota
574 2982 604 3041 in
626 2982 729 3065 operis
753 2984 879 3045 titulum
899 2992 993 3045 sexta.

404 3104 486 3169 Ihid.
510 3102 560 3165 19.
598 3102 689 3201 ,μηνὶ
707 3102 809 3191 Morini
828 3098 875 3182 κ’]
909 3129 944 3169 ex
968 3106 1098 3169 Socrate
1119 3107 1172 3170 lib.
1196 3108 1210 3169 1
1234 3130 1301 3191 cap.
1323 3104 1344 3171 0
1366 3108 1408 3171 ed

321 3190 448 3251 calcem.
498 3184 516 3246 ὅ
543 3207 657 3265 χρονος
681 3187 716 3250 di
737 3192 792 3267 τῆς
814 3182 968 3265 συνόδου,
999 3187 1043 3261 οὖς
1061 3190 1095 3252 ἐν
1114 3184 1411 3273 παρασημειεὸσεσνν

322 3266 471 3353 εὕρομεν,
501 3263 655 3342 ὑπατείας
685 3270 854 3334 nauticos
887 3272 941 3333 καί
957 3270 1132 3335 ’lactasset
1157 3277 1196 3357 τῇ
1218 3272 1320 3337 εἰκάδι
1350 3274 1413 3337 τοῦ

322 3356 438 3416 Maleo
460 3346 567 3434 μηνός.
616 3352 726 3437 quoad
753 3369 869 3437 tempus
889 3358 1013 3417 concilii
1038 3360 1153 3437 σιτίοισι,
1178 3370 1316 3419 coactum
1336 3358 1410 3439 qui·

321 3438 389 3498 dem
404 3438 475 3519 suit,
493 3437 569 3497 sicut
585 3458 628 3496 ex
655 3438 815 3498 annalium
842 3442 1062 3501 coementariis
1083 3453 1206 3517 constat,
1227 3442 1361 3502 Poulbso
1380 3452 1411 3502 et

322 3520 445 3581 Iuliano
465 3540 539 3581 coss.
564 3522 671 3580 niensis
681 3520 766 3580 Μαίί
783 3520 833 3581 die
850 3523 996 3587 vicesimo.
1018 3524 1122 3585 subdit
1140 3524 1299 3585 Socratess
1318 3522 1414 3583 rosim·

324 3600 361 3663 di
382 3593 418 3679 ἢν
437 3592 656 3676 ἑξακοσιοστὸν
669 3597 853 3681 τριακοστὸν
867 3604 954 3666 ἓκτσν
965 3598 1031 3677 ἔτος
1052 3601 1112 3666 dni
1127 3607 1184 3685 τῆς
1199 3599 1412 3685 Ἀλεξάνδρου

208 3756 217 3771 ⁹
324 3684 383 3746 rosi
407 3681 593 3755 Μακεδόνος
612 3686 785 3759 βασιλείας.
834 3702 900 3747 ενοι
923 3708 1018 3770 perro
1034 3690 1075 3749 ab
1102 3690 1278 3751 Alexandri
1298 3688 1412 3751 Mace·

324 3768 411 3829 dorsis
430 3768 557 3850 imperio
577 3788 673 3828 annus
686 3765 759 3830 636.
800 3768 1021 3853 Theophanem
1035 3766 1285 3849 τεσσαρακοστὸν
1306 3771 1415 3853 legisse

326 3863 415 3933 puto.
467 3871 539 3909 cum
569 3851 650 3911 enim
679 3851 831 3932 Georgius
852 3854 1026 3935 Syncellus,
1058 3878 1151 3938 quem
1175 3856 1225 3917 illc
1257 3856 1412 3937 sequitur,

327 3931 491 3995 Alexandri
507 3941 641 3994 mortem
657 3954 738 3997 euno
754 3933 951 3999 mundi5170
974 3940 1185 4013 coniunxerim
1206 3939 1252 4000 his
1271 3937 1327 3998 nisi
1342 3958 1415 3999 sex·

328 4028 434 4078 centos
454 4014 658 4097 quadraginta
680 4027 711 4078 ct
729 4038 779 4080 ser
801 4040 895 4081 annes
917 4020 1091 4096 addidisset,
1113 4023 1280 4083 Nicaenurn
1302 4020 1413 4082 conci-

328 4098 404 4158 lium
425 4121 508 4161 anco
530 4099 637 4162 mundi
650 4098 732 4162 5816
754 4122 817 4163 nou
840 4102 1010 4189 collegisset
1029 4092 1230 4182 celebratum,
1250 4104 1308 4167 nisi
1328 4107 1415 4165 ferte

330 4181 370 4243 ad
393 4203 517 4245 annum·
529 4182 612 4245 5180
632 4184 796 4247 Alexandri
819 4186 939 4249 obitum
969 4188 1159 4271 reposuisset.
1202 4210 1238 4253 ex
1268 4186 1328 4249 hac
1355 4186 1416 4249 So-
