<?xml version="1.0" encoding="UTF-8"?>
<!DOCTYPE html PUBLIC "-//W3C//DTD XHTML 1.0 Transitional//EN"
    "http://www.w3.org/TR/xhtml1/DTD/xhtml1-transitional.dtd">
<html xmlns="http://www.w3.org/1999/xhtml" xml:lang="en" lang="en">
 <head>
  <title>
</title>
<meta http-equiv="Content-Type" content="text/html;charset=utf-8" />
  <meta name='ocr-system' content='tesseract 3.04.00' />
  <meta name='ocr-capabilities' content='ocr_page ocr_carea ocr_par ocr_line ocrx_word'/>
</head>
<body>
  <div class='ocr_page' id='page_1' title='image "./corpusscriptoru34theogoog_0106.png"; bbox 0 0 3050 4900; ppageno 0'>
   <div class='ocr_carea' id='block_1_1' title="bbox 523 311 1233 424">
    <p class='ocr_par' dir='ltr' id='par_1_1' title="bbox 523 311 1233 424">
     <span class='ocr_line' id='line_1_1' title="bbox 523 311 1233 424; baseline 0.003 -2"><span class='ocrx_word' id='word_1_1' title='bbox 523 357 574 422; x_wconf 84' lang='lat' dir='ltr'>ax</span> <span class='ocrx_word' id='word_1_2' title='bbox 602 311 861 424; x_wconf 66' lang='lat' dir='ltr'>nuncnune</span> <span class='ocrx_word' id='word_1_3' title='bbox 1184 351 1233 424; x_wconf 83' lang='lat' dir='ltr'>os</span> 
     </span>
    </p>
   </div>
   <div class='ocr_carea' id='block_1_2' title="bbox 139 527 1234 781">
    <p class='ocr_par' dir='ltr' id='par_1_2' title="bbox 139 527 1234 781">
     <span class='ocr_line' id='line_1_2' title="bbox 142 527 1231 614; baseline -0.001 -22"><span class='ocrx_word' id='word_1_4' title='bbox 142 527 325 592; x_wconf 85' lang='lat' dir='ltr'>lastinianus</span> <span class='ocrx_word' id='word_1_5' title='bbox 355 527 531 612; x_wconf 83' lang='lat' dir='ltr'>imperator</span> <span class='ocrx_word' id='word_1_6' title='bbox 558 528 684 610; x_wconf 86' lang='lat' dir='ltr'>promul</span> <span class='ocrx_word' id='word_1_7' title='bbox 724 528 771 592; x_wconf 84' lang='lat' dir='ltr'>vit</span> <span class='ocrx_word' id='word_1_8' title='bbox 790 549 831 593; x_wconf 86' lang='lat' dir='ltr'>ne</span> <span class='ocrx_word' id='word_1_9' title='bbox 850 527 1022 596; x_wconf 85' lang='lat' dir='ltr'>militarent</span> <span class='ocrx_word' id='word_1_10' title='bbox 1040 528 1153 614; x_wconf 80' lang='lat' dir='ltr'>pagani</span> <span class='ocrx_word' id='word_1_11' title='bbox 1174 551 1231 591; x_wconf 89' lang='lat' dir='ltr'>neo</span> 
     </span>
     <span class='ocr_line' id='line_1_3' title="bbox 140 608 1234 692; baseline 0 -18"><span class='ocrx_word' id='word_1_12' title='bbox 140 613 299 689; x_wconf 86' lang='lat' dir='ltr'>haeretici,</span> <span class='ocrx_word' id='word_1_13' title='bbox 324 611 380 674; x_wconf 85' lang='lat' dir='ltr'>nisi</span> <span class='ocrx_word' id='word_1_14' title='bbox 400 610 458 672; x_wconf 87' lang='lat' dir='ltr'>soli</span> <span class='ocrx_word' id='word_1_15' title='bbox 480 608 648 674; x_wconf 79' lang='lat' dir='ltr'>orthodoxi</span> <span class='ocrx_word' id='word_1_16' title='bbox 670 613 695 672; x_wconf 90' lang='lat' dir='ltr'>C</span> <span class='ocrx_word' id='word_1_17' title='bbox 718 611 847 692; x_wconf 86' lang='lat' dir='ltr'>ristiani,</span> <span class='ocrx_word' id='word_1_18' title='bbox 875 614 949 677; x_wconf 87' lang='lat' dir='ltr'>dans</span> <span class='ocrx_word' id='word_1_19' title='bbox 968 616 1027 680; x_wconf 87' lang='lat' dir='ltr'>illis</span> <span class='ocrx_word' id='word_1_20' title='bbox 1047 623 1080 678; x_wconf 88' lang='lat' dir='ltr'>et</span> <span class='ocrx_word' id='word_1_21' title='bbox 1097 612 1234 676; x_wconf 72' lang='lat' dir='ltr'>indutias</span> 
     </span>
     <span class='ocr_line' id='line_1_4' title="bbox 139 694 847 781; baseline 0 -23"><span class='ocrx_word' id='word_1_22' title='bbox 139 719 240 781; x_wconf 86' lang='lat' dir='ltr'>usque</span> <span class='ocrx_word' id='word_1_23' title='bbox 261 697 300 757; x_wconf 89' lang='lat' dir='ltr'>ad</span> <span class='ocrx_word' id='word_1_24' title='bbox 321 715 438 757; x_wconf 87' lang='lat' dir='ltr'>menses</span> <span class='ocrx_word' id='word_1_25' title='bbox 457 701 519 756; x_wconf 86' lang='lat' dir='ltr'>tres</span> <span class='ocrx_word' id='word_1_26' title='bbox 540 695 579 756; x_wconf 88' lang='lat' dir='ltr'>ad</span> <span class='ocrx_word' id='word_1_27' title='bbox 602 694 847 759; x_wconf 75' lang='lat' dir='ltr'>conversionem.</span> 
     </span>
    </p>
   </div>
   <div class='ocr_carea' id='block_1_3' title="bbox 129 799 1370 3735">
    <p class='ocr_par' dir='ltr' id='par_1_3' title="bbox 129 799 1370 3735">
     <span class='ocr_line' id='line_1_5' title="bbox 224 799 1367 886; baseline 0 -23"><span class='ocrx_word' id='word_1_28' title='bbox 224 803 366 886; x_wconf 88' lang='lat' dir='ltr'>Septimo</span> <span class='ocrx_word' id='word_1_29' title='bbox 395 799 518 884; x_wconf 88' lang='lat' dir='ltr'>imperii</span> <span class='ocrx_word' id='word_1_30' title='bbox 549 800 708 864; x_wconf 86' lang='lat' dir='ltr'>lastiniani</span> <span class='ocrx_word' id='word_1_31' title='bbox 740 822 822 865; x_wconf 87' lang='lat' dir='ltr'>anno</span> <span class='ocrx_word' id='word_1_32' title='bbox 856 803 941 865; x_wconf 77' lang='lat' dir='ltr'>sacta</span> <span class='ocrx_word' id='word_1_33' title='bbox 967 809 1040 864; x_wconf 86' lang='lat' dir='ltr'>sunt</span> <span class='ocrx_word' id='word_1_34' title='bbox 1060 801 1232 867; x_wconf 72' lang='lat' dir='ltr'>vandalica</span> <span class='ocrx_word' id='word_1_35' title='bbox 1242 825 1265 877; x_wconf 85' lang='lat' dir='ltr'>p.</span> <span class='ocrx_word' id='word_1_36' title='bbox 1275 811 1326 866; x_wconf 78' lang='lat'>287</span> <span class='ocrx_word' id='word_1_37' title='bbox 1351 811 1367 863; x_wconf 77' lang='lat' dir='ltr'>ti</span> 
     </span>
     <span class='ocr_line' id='line_1_6' title="bbox 139 883 1231 972; baseline -0.002 -22"><span class='ocrx_word' id='word_1_38' title='bbox 139 886 239 963; x_wconf 85' lang='lat' dir='ltr'>bella,</span> <span class='ocrx_word' id='word_1_39' title='bbox 266 896 299 948; x_wconf 91' lang='lat' dir='ltr'>et</span> <span class='ocrx_word' id='word_1_40' title='bbox 330 886 451 968; x_wconf 87' lang='lat' dir='ltr'>recepit</span> <span class='ocrx_word' id='word_1_41' title='bbox 477 883 639 947; x_wconf 85' lang='lat' dir='ltr'>Belisarius</span> <span class='ocrx_word' id='word_1_42' title='bbox 668 883 815 948; x_wconf 79' lang='lat' dir='ltr'>Africam.</span> <span class='ocrx_word' id='word_1_43' title='bbox 868 885 1004 972; x_wconf 82' lang='lat' dir='ltr'>denique</span> <span class='ocrx_word' id='word_1_44' title='bbox 1022 888 1156 951; x_wconf 76' lang='lat' dir='ltr'>Vandali</span> <span class='ocrx_word' id='word_1_45' title='bbox 1175 889 1231 962; x_wconf 78' lang='lat' dir='ltr'>sab</span> 
     </span>
     <span class='ocr_line' id='line_1_7' title="bbox 139 965 1232 1066; baseline 0.001 -34"><span class='ocrx_word' id='word_1_46' title='bbox 139 969 274 1032; x_wconf 78' lang='lat' dir='ltr'>Arcadio</span> <span class='ocrx_word' id='word_1_47' title='bbox 295 977 328 1032; x_wconf 89' lang='lat' dir='ltr'>et</span> <span class='ocrx_word' id='word_1_48' title='bbox 346 967 498 1066; x_wconf 45' lang='lat' dir='ltr'>Honorio·</span> <span class='ocrx_word' id='word_1_49' title='bbox 515 965 554 1029; x_wconf 85' lang='lat' dir='ltr'>ad</span> <span class='ocrx_word' id='word_1_50' title='bbox 573 967 756 1066; x_wconf 63' lang='lat' dir='ltr'>ilupaniam</span> <span class='ocrx_word' id='word_1_51' title='bbox 781 968 939 1032; x_wconf 83' lang='lat' dir='ltr'>venientes</span> <span class='ocrx_word' id='word_1_52' title='bbox 963 993 1035 1033; x_wconf 87' lang='lat' dir='ltr'>cam</span> <span class='ocrx_word' id='word_1_53' title='bbox 1054 969 1232 1054; x_wconf 82' lang='lat' dir='ltr'>Godigisclo</span> 
     </span>
     <span class='ocr_line' id='line_1_8' title="bbox 139 1050 1233 1221; baseline 0 -22"><span class='ocrx_word' id='word_1_54' title='bbox 139 1050 1006 1218; x_wconf 40' lang='lat' dir='ltr'>tta-:sttstatut:tettbtttttttttu&#39;tt</span> <span class='ocrx_word' id='word_1_55' title='bbox 1019 1054 1233 1221; x_wconf 66' lang='lat' dir='ltr'>{ttttltt</span> 
     </span>
     <span class='ocr_line' id='line_1_9' title="bbox 138 1217 1232 1306; baseline 0 -24"><span class='ocrx_word' id='word_1_56' title='bbox 138 1221 281 1302; x_wconf 79' lang='lat' dir='ltr'><strong>suscepit.</strong></span> <span class='ocrx_word' id='word_1_57' title='bbox 324 1219 374 1281; x_wconf 90' lang='lat' dir='ltr'>cui</span> <span class='ocrx_word' id='word_1_58' title='bbox 402 1219 545 1281; x_wconf 64' lang='lat' dir='ltr'>succesit</span> <span class='ocrx_word' id='word_1_59' title='bbox 574 1217 774 1281; x_wconf 87' lang='lat' dir='ltr'>Honorichus</span> <span class='ocrx_word' id='word_1_60' title='bbox 805 1219 980 1300; x_wconf 82' lang='lat' dir='ltr'>filiuseius,</span> <span class='ocrx_word' id='word_1_61' title='bbox 1005 1243 1135 1306; x_wconf 81' lang='lat' dir='ltr'>regnum</span> <span class='ocrx_word' id='word_1_62' title='bbox 1155 1222 1232 1283; x_wconf 84' lang='lat' dir='ltr'>adc-</span> 
     </span>
     <span class='ocr_line' id='line_1_10' title="bbox 138 1301 1232 1389; baseline -0.001 -23"><span class='ocrx_word' id='word_1_63' title='bbox 138 1315 229 1386; x_wconf 86' lang='lat' dir='ltr'>ptas;</span> <span class='ocrx_word' id='word_1_64' title='bbox 252 1301 309 1388; x_wconf 89' lang='lat' dir='ltr'>qai</span> <span class='ocrx_word' id='word_1_65' title='bbox 335 1302 433 1363; x_wconf 87' lang='lat' dir='ltr'>multa</span> <span class='ocrx_word' id='word_1_66' title='bbox 457 1302 537 1363; x_wconf 86' lang='lat' dir='ltr'>mala</span> <span class='ocrx_word' id='word_1_67' title='bbox 560 1301 739 1364; x_wconf 85' lang='lat' dir='ltr'>Christianis</span> <span class='ocrx_word' id='word_1_68' title='bbox 770 1302 825 1386; x_wconf 87' lang='lat' dir='ltr'>qui</span> <span class='ocrx_word' id='word_1_69' title='bbox 846 1303 877 1364; x_wconf 89' lang='lat' dir='ltr'>in</span> <span class='ocrx_word' id='word_1_70' title='bbox 897 1305 998 1389; x_wconf 85' lang='lat' dir='ltr'>Libya</span> <span class='ocrx_word' id='word_1_71' title='bbox 1015 1314 1107 1368; x_wconf 91' lang='lat' dir='ltr'>erant</span> <span class='ocrx_word' id='word_1_72' title='bbox 1129 1314 1232 1366; x_wconf 88' lang='lat' dir='ltr'>osten·</span> 
     </span>
     <span class='ocr_line' id='line_1_11' title="bbox 139 1384 1231 1471; baseline 0.001 -23"><span class='ocrx_word' id='word_1_73' title='bbox 139 1387 206 1465; x_wconf 82' lang='lat' dir='ltr'>dit,</span> <span class='ocrx_word' id='word_1_74' title='bbox 233 1393 266 1448; x_wconf 89' lang='lat' dir='ltr'>et</span> <span class='ocrx_word' id='word_1_75' title='bbox 294 1385 468 1448; x_wconf 83' lang='lat' dir='ltr'>arisaiaare</span> <span class='ocrx_word' id='word_1_76' title='bbox 503 1384 626 1468; x_wconf 73' lang='lat' dir='ltr'>coegit,</span> <span class='ocrx_word' id='word_1_77' title='bbox 658 1393 691 1448; x_wconf 89' lang='lat' dir='ltr'>et</span> <span class='ocrx_word' id='word_1_78' title='bbox 713 1385 828 1448; x_wconf 86' lang='lat' dir='ltr'>multos</span> <span class='ocrx_word' id='word_1_79' title='bbox 847 1387 982 1466; x_wconf 88' lang='lat' dir='ltr'>occidit,</span> <span class='ocrx_word' id='word_1_80' title='bbox 1004 1399 1037 1451; x_wconf 83' lang='lat' dir='ltr'>et</span> <span class='ocrx_word' id='word_1_81' title='bbox 1057 1387 1231 1471; x_wconf 83' lang='lat' dir='ltr'>linguama</span> 
     </span>
     <span class='ocr_line' id='line_1_12' title="bbox 140 1467 1232 1555; baseline -0.005 -24"><span class='ocrx_word' id='word_1_82' title='bbox 140 1478 268 1555; x_wconf 76' lang='lat' dir='ltr'>gutture</span> <span class='ocrx_word' id='word_1_83' title='bbox 291 1467 493 1554; x_wconf 84' lang='lat' dir='ltr'>quorundam</span> <span class='ocrx_word' id='word_1_84' title='bbox 516 1467 656 1548; x_wconf 82' lang='lat' dir='ltr'><strong>abscidit,</strong></span> <span class='ocrx_word' id='word_1_85' title='bbox 679 1469 734 1552; x_wconf 89' lang='lat' dir='ltr'>qai</span> <span class='ocrx_word' id='word_1_86' title='bbox 749 1469 844 1532; x_wconf 89' lang='lat' dir='ltr'>etiam</span> <span class='ocrx_word' id='word_1_87' title='bbox 864 1469 913 1531; x_wconf 88' lang='lat' dir='ltr'>dei</span> <span class='ocrx_word' id='word_1_88' title='bbox 927 1471 1029 1554; x_wconf 80' lang='lat' dir='ltr'>gratia</span> <span class='ocrx_word' id='word_1_89' title='bbox 1048 1481 1158 1554; x_wconf 87' lang='lat' dir='ltr'>postea</span> <span class='ocrx_word' id='word_1_90' title='bbox 1181 1473 1232 1532; x_wconf 93' lang='lat' dir='ltr'>lo.</span> 
     </span>
     <span class='ocr_line' id='line_1_13' title="bbox 140 1549 1370 1639; baseline -0.005 -23"><span class='ocrx_word' id='word_1_91' title='bbox 140 1553 326 1639; x_wconf 87' lang='lat' dir='ltr'>qaebantur.</span> <span class='ocrx_word' id='word_1_92' title='bbox 376 1553 540 1635; x_wconf 88' lang='lat' dir='ltr'>episcopus</span> <span class='ocrx_word' id='word_1_93' title='bbox 571 1561 674 1614; x_wconf 87' lang='lat' dir='ltr'>autem</span> <span class='ocrx_word' id='word_1_94' title='bbox 705 1549 833 1635; x_wconf 86' lang='lat' dir='ltr'>quidam</span> <span class='ocrx_word' id='word_1_95' title='bbox 862 1553 1029 1616; x_wconf 84' lang='lat' dir='ltr'>Orientalis</span> <span class='ocrx_word' id='word_1_96' title='bbox 1050 1555 1148 1637; x_wconf 87' lang='lat' dir='ltr'>partis</span> <span class='ocrx_word' id='word_1_97' title='bbox 1170 1555 1230 1615; x_wconf 85' lang='lat' dir='ltr'>im.</span> <span class='ocrx_word' id='word_1_98' title='bbox 1240 1573 1267 1626; x_wconf 84' lang='lat' dir='ltr'>p.</span> <span class='ocrx_word' id='word_1_99' title='bbox 1280 1553 1370 1610; x_wconf 76' lang='lat'>291³</span> 
     </span>
     <span class='ocr_line' id='line_1_14' title="bbox 139 1633 1232 1722; baseline 0 -23"><span class='ocrx_word' id='word_1_100' title='bbox 139 1648 321 1722; x_wconf 82' lang='lat' dir='ltr'>perstarem</span> <span class='ocrx_word' id='word_1_101' title='bbox 341 1635 543 1698; x_wconf 87' lang='lat' dir='ltr'>lastinianum</span> <span class='ocrx_word' id='word_1_102' title='bbox 563 1633 727 1714; x_wconf 84' lang='lat' dir='ltr'>deterruit,</span> <span class='ocrx_word' id='word_1_103' title='bbox 752 1636 857 1699; x_wconf 89' lang='lat' dir='ltr'>diceus</span> <span class='ocrx_word' id='word_1_104' title='bbox 871 1655 908 1698; x_wconf 87' lang='lat' dir='ltr'>ex</span> <span class='ocrx_word' id='word_1_105' title='bbox 922 1635 982 1700; x_wconf 87' lang='lat' dir='ltr'>deo</span> <span class='ocrx_word' id='word_1_106' title='bbox 1004 1636 1062 1699; x_wconf 88' lang='lat' dir='ltr'>sibi</span> <span class='ocrx_word' id='word_1_107' title='bbox 1083 1638 1232 1700; x_wconf 78' lang='lat' dir='ltr'>visionem</span> 
     </span>
     <span class='ocr_line' id='line_1_15' title="bbox 140 1719 1231 1804; baseline -0.001 -21"><span class='ocrx_word' id='word_1_108' title='bbox 140 1723 271 1799; x_wconf 77' lang='lat' dir='ltr'>lamam,</span> <span class='ocrx_word' id='word_1_109' title='bbox 296 1719 457 1781; x_wconf 88' lang='lat' dir='ltr'>iubentem</span> <span class='ocrx_word' id='word_1_110' title='bbox 485 1719 544 1780; x_wconf 91' lang='lat' dir='ltr'>sibi</span> <span class='ocrx_word' id='word_1_111' title='bbox 565 1719 606 1782; x_wconf 84' lang='lat' dir='ltr'>ad</span> <span class='ocrx_word' id='word_1_112' title='bbox 629 1719 854 1802; x_wconf 79' lang='lat' dir='ltr'>imperatorem</span> <span class='ocrx_word' id='word_1_113' title='bbox 877 1720 1048 1800; x_wconf 76' lang='lat' dir='ltr'><strong>accedere,</strong></span> <span class='ocrx_word' id='word_1_114' title='bbox 1069 1729 1101 1784; x_wconf 92' lang='lat' dir='ltr'>et</span> <span class='ocrx_word' id='word_1_115' title='bbox 1121 1729 1231 1804; x_wconf 84' lang='lat' dir='ltr'>posta·</span> 
     </span>
     <span class='ocr_line' id='line_1_16' title="bbox 139 1799 1232 1948; baseline 0.002 -82"><span class='ocrx_word' id='word_1_116' title='bbox 139 1805 203 1868; x_wconf 90' lang='lat' dir='ltr'>lare</span> <span class='ocrx_word' id='word_1_117' title='bbox 223 1801 473 1902; x_wconf 61' lang='lat' dir='ltr'>utsshristiaaos</span> <span class='ocrx_word' id='word_1_118' title='bbox 503 1799 566 1948; x_wconf 41' lang='lat' dir='ltr'>spui·</span> <span class='ocrx_word' id='word_1_119' title='bbox 587 1809 678 1902; x_wconf 77' lang='lat' dir='ltr'>erant</span> <span class='ocrx_word' id='word_1_120' title='bbox 700 1801 733 1864; x_wconf 92' lang='lat' dir='ltr'>in</span> <span class='ocrx_word' id='word_1_121' title='bbox 753 1803 853 1888; x_wconf 83' lang='lat' dir='ltr'>Libya</span> <span class='ocrx_word' id='word_1_122' title='bbox 871 1801 1022 1868; x_wconf 85' lang='lat' dir='ltr'>liberaret</span> <span class='ocrx_word' id='word_1_123' title='bbox 1043 1826 1061 1866; x_wconf 90' lang='lat' dir='ltr'>a</span> <span class='ocrx_word' id='word_1_124' title='bbox 1080 1803 1232 1889; x_wconf 82' lang='lat' dir='ltr'>tyrannis·</span> 
     </span>
     <span class='ocr_line' id='line_1_17' title="bbox 139 1887 1233 2052; baseline 0 -20"><span class='ocrx_word' id='word_1_125' title='bbox 139 1889 752 2034; x_wconf 59' lang='lat' dir='ltr'>ttbttttttttm‘t&#39;ttt&#39;t‘ttt</span> <span class='ocrx_word' id='word_1_126' title='bbox 766 1887 1233 2052; x_wconf 64' lang='lat' dir='ltr'>tsstltttlt‘tttttt&#39;t</span> 
     </span>
     <span class='ocr_line' id='line_1_18' title="bbox 139 2052 1230 2139; baseline 0 -23"><span class='ocrx_word' id='word_1_127' title='bbox 139 2053 360 2138; x_wconf 83' lang='lat' dir='ltr'>praeparavit,</span> <span class='ocrx_word' id='word_1_128' title='bbox 381 2052 626 2138; x_wconf 89' lang='lat' dir='ltr'>Belisariumque</span> <span class='ocrx_word' id='word_1_129' title='bbox 657 2053 689 2116; x_wconf 95' lang='lat' dir='ltr'>in</span> <span class='ocrx_word' id='word_1_130' title='bbox 725 2054 896 2138; x_wconf 87' lang='lat' dir='ltr'>procinctu</span> <span class='ocrx_word' id='word_1_131' title='bbox 923 2075 986 2119; x_wconf 86' lang='lat' dir='ltr'>esse</span> <span class='ocrx_word' id='word_1_132' title='bbox 1016 2055 1179 2139; x_wconf 89' lang='lat' dir='ltr'>praecepit</span> <span class='ocrx_word' id='word_1_133' title='bbox 1198 2054 1230 2116; x_wconf 90' lang='lat' dir='ltr'>in</span> 
     </span>
     <span class='ocr_line' id='line_1_19' title="bbox 136 2137 1229 2224; baseline -0.005 -24"><span class='ocrx_word' id='word_1_134' title='bbox 136 2137 267 2224; x_wconf 80' lang='lat' dir='ltr'>Libyam</span> <span class='ocrx_word' id='word_1_135' title='bbox 286 2145 469 2220; x_wconf 77' lang='lat' dir='ltr'><strong>praetorem</strong></span> <span class='ocrx_word' id='word_1_136' title='bbox 490 2137 688 2214; x_wconf 82' lang='lat' dir='ltr'>mittendam,</span> <span class='ocrx_word' id='word_1_137' title='bbox 710 2157 804 2222; x_wconf 88' lang='lat' dir='ltr'>quem</span> <span class='ocrx_word' id='word_1_138' title='bbox 835 2146 867 2201; x_wconf 88' lang='lat' dir='ltr'>et</span> <span class='ocrx_word' id='word_1_139' title='bbox 887 2146 1071 2224; x_wconf 76' lang='lat' dir='ltr'><strong>praetorem</strong></span> <span class='ocrx_word' id='word_1_140' title='bbox 1090 2138 1229 2222; x_wconf 85' lang='lat' dir='ltr'>impera.</span> 
     </span>
     <span class='ocr_line' id='line_1_20' title="bbox 136 2220 1326 2304; baseline 0.007 -21"><span class='ocrx_word' id='word_1_141' title='bbox 136 2231 191 2284; x_wconf 91' lang='lat' dir='ltr'>tor</span> <span class='ocrx_word' id='word_1_142' title='bbox 211 2220 440 2304; x_wconf 80' lang='lat' dir='ltr'>principaliter,</span> <span class='ocrx_word' id='word_1_143' title='bbox 463 2227 496 2282; x_wconf 89' lang='lat' dir='ltr'>et</span> <span class='ocrx_word' id='word_1_144' title='bbox 516 2221 548 2281; x_wconf 94' lang='lat' dir='ltr'>in</span> <span class='ocrx_word' id='word_1_145' title='bbox 561 2221 705 2282; x_wconf 89' lang='lat' dir='ltr'>omnibus</span> <span class='ocrx_word' id='word_1_146' title='bbox 726 2221 844 2284; x_wconf 72' lang='lat' dir='ltr'>statuit.</span> <span class='ocrx_word' id='word_1_147' title='bbox 886 2233 956 2286; x_wconf 89' lang='lat' dir='ltr'>erat</span> <span class='ocrx_word' id='word_1_148' title='bbox 975 2231 1169 2285; x_wconf 82' lang='lat' dir='ltr'>autemeam</span> <span class='ocrx_word' id='word_1_149' title='bbox 1190 2235 1326 2304; x_wconf 68' lang='lat' dir='ltr'>capnos</span> 
     </span>
     <span class='ocr_line' id='line_1_21' title="bbox 135 2300 1230 2390; baseline -0.003 -21"><span class='ocrx_word' id='word_1_150' title='bbox 135 2315 169 2368; x_wconf 89' lang='lat' dir='ltr'>et</span> <span class='ocrx_word' id='word_1_151' title='bbox 188 2305 384 2387; x_wconf 81' lang='lat' dir='ltr'>Procopius,</span> <span class='ocrx_word' id='word_1_152' title='bbox 405 2300 516 2365; x_wconf 82' lang='lat' dir='ltr'>irarum</span> <span class='ocrx_word' id='word_1_153' title='bbox 539 2325 646 2366; x_wconf 91' lang='lat' dir='ltr'>rerum</span> <span class='ocrx_word' id='word_1_154' title='bbox 667 2305 878 2390; x_wconf 79' lang='lat' dir='ltr'>conscriptor.</span> <span class='ocrx_word' id='word_1_155' title='bbox 919 2307 1154 2388; x_wconf 87' lang='lat' dir='ltr'>proficiscentes</span> <span class='ocrx_word' id='word_1_156' title='bbox 1174 2328 1230 2367; x_wconf 88' lang='lat' dir='ltr'>au·</span> 
     </span>
     <span class='ocr_line' id='line_1_22' title="bbox 137 2385 1233 2486; baseline 0.005 -38"><span class='ocrx_word' id='word_1_157' title='bbox 137 2397 201 2453; x_wconf 81' lang='lat' dir='ltr'>tem</span> <span class='ocrx_word' id='word_1_158' title='bbox 220 2407 239 2448; x_wconf 86' lang='lat' dir='ltr'>a</span> <span class='ocrx_word' id='word_1_159' title='bbox 261 2388 348 2471; x_wconf 81' lang='lat' dir='ltr'>regia</span> <span class='ocrx_word' id='word_1_160' title='bbox 362 2387 446 2485; x_wconf 73' lang='lat' dir='ltr'>urbe</span> <span class='ocrx_word' id='word_1_161' title='bbox 466 2387 612 2451; x_wconf 88' lang='lat' dir='ltr'>adierunt</span> <span class='ocrx_word' id='word_1_162' title='bbox 625 2385 780 2485; x_wconf 72' lang='lat' dir='ltr'>Aisydum.</span> <span class='ocrx_word' id='word_1_163' title='bbox 814 2387 982 2486; x_wconf 30' lang='lat' dir='ltr'>&#39;Belisarius</span> <span class='ocrx_word' id='word_1_164' title='bbox 1001 2390 1233 2454; x_wconf 81' lang='lat' dir='ltr'>vero-curabat</span> 
     </span>
     <span class='ocr_line' id='line_1_23' title="bbox 136 2472 1313 2639; baseline -0.002 -20"><span class='ocrx_word' id='word_1_165' title='bbox 136 2472 724 2637; x_wconf 49' lang='lat' dir='ltr'>ttt&#39;”itut0ttttst⁰¹“ttttt</span> <span class='ocrx_word' id='word_1_166' title='bbox 742 2474 1233 2639; x_wconf 63' lang='lat' dir='ltr'>tttttl‘tttsszttt</span> <span class='ocrx_word' id='word_1_167' title='bbox 1309 2544 1313 2553; x_wconf 52' lang='lat'><em>¹</em></span> 
     </span>
     <span class='ocr_line' id='line_1_24' title="bbox 133 2637 1232 2722; baseline 0.001 -22"><span class='ocrx_word' id='word_1_168' title='bbox 133 2640 177 2701; x_wconf 82' lang='lat' dir='ltr'>sit</span> <span class='ocrx_word' id='word_1_169' title='bbox 201 2638 397 2722; x_wconf 62' lang='lat' dir='ltr'>Procopium</span> <span class='ocrx_word' id='word_1_170' title='bbox 424 2638 673 2721; x_wconf 79' lang='lat' dir='ltr'>conscriptorem</span> <span class='ocrx_word' id='word_1_171' title='bbox 695 2637 903 2721; x_wconf 82' lang='lat' dir='ltr'>syracusam,</span> <span class='ocrx_word' id='word_1_172' title='bbox 924 2640 950 2700; x_wconf 87' lang='lat' dir='ltr'>si</span> <span class='ocrx_word' id='word_1_173' title='bbox 971 2638 1057 2701; x_wconf 81' lang='lat' dir='ltr'>forte</span> <span class='ocrx_word' id='word_1_174' title='bbox 1075 2639 1232 2703; x_wconf 82' lang='lat' dir='ltr'>inveniret</span> 
     </span>
     <span class='ocr_line' id='line_1_25' title="bbox 134 2719 1231 2807; baseline 0.003 -24"><span class='ocrx_word' id='word_1_175' title='bbox 134 2721 289 2807; x_wconf 86' lang='lat' dir='ltr'>quosdam</span> <span class='ocrx_word' id='word_1_176' title='bbox 309 2721 414 2805; x_wconf 89' lang='lat' dir='ltr'>quise</span> <span class='ocrx_word' id='word_1_177' title='bbox 435 2720 467 2781; x_wconf 91' lang='lat' dir='ltr'>ia</span> <span class='ocrx_word' id='word_1_178' title='bbox 486 2722 618 2805; x_wconf 84' lang='lat' dir='ltr'>Libyam</span> <span class='ocrx_word' id='word_1_179' title='bbox 639 2719 800 2788; x_wconf 86' lang='lat' dir='ltr'>ducerent.</span> <span class='ocrx_word' id='word_1_180' title='bbox 852 2722 862 2781; x_wconf 94' lang='lat' dir='ltr'>i</span> <span class='ocrx_word' id='word_1_181' title='bbox 900 2740 1014 2785; x_wconf 80' lang='lat' dir='ltr'>evera</span> <span class='ocrx_word' id='word_1_182' title='bbox 1035 2722 1116 2784; x_wconf 87' lang='lat' dir='ltr'>stolo</span> <span class='ocrx_word' id='word_1_183' title='bbox 1138 2742 1231 2786; x_wconf 85' lang='lat' dir='ltr'>acee-</span> 
     </span>
     <span class='ocr_line' id='line_1_26' title="bbox 132 2740 1231 2891; baseline 0.001 -23"><span class='ocrx_word' id='word_1_184' title='bbox 132 2816 195 2891; x_wconf 87' lang='lat' dir='ltr'>pto</span> <span class='ocrx_word' id='word_1_185' title='bbox 217 2804 256 2868; x_wconf 82' lang='lat' dir='ltr'>ad</span> <span class='ocrx_word' id='word_1_186' title='bbox 276 2806 452 2867; x_wconf 64' lang='lat' dir='ltr'>&amp;uernam</span> <span class='ocrx_word' id='word_1_187' title='bbox 472 2804 658 2888; x_wconf 81' lang='lat' dir='ltr'>properavit</span> <span class='ocrx_word' id='word_1_188' title='bbox 684 2805 808 2882; x_wconf 67' lang='lat' dir='ltr'>milam,</span> <span class='ocrx_word' id='word_1_189' title='bbox 828 2740 899 2868; x_wconf 55' lang='lat' dir='ltr'>itii</span> <span class='ocrx_word' id='word_1_190' title='bbox 914 2825 933 2867; x_wconf 88' lang='lat' dir='ltr'>a</span> <span class='ocrx_word' id='word_1_191' title='bbox 952 2805 1105 2889; x_wconf 80' lang='lat' dir='ltr'>Syracusa</span> <span class='ocrx_word' id='word_1_192' title='bbox 1124 2805 1231 2869; x_wconf 84' lang='lat' dir='ltr'>stadiis</span> 
     </span>
     <span class='ocr_line' id='line_1_27' title="bbox 133 2888 1231 2973; baseline 0 -21"><span class='ocrx_word' id='word_1_193' title='bbox 133 2890 341 2953; x_wconf 77' lang='lat' dir='ltr'>differentem.</span> <span class='ocrx_word' id='word_1_194' title='bbox 382 2888 557 2971; x_wconf 83' lang='lat' dir='ltr'>Procopius</span> <span class='ocrx_word' id='word_1_195' title='bbox 576 2906 653 2970; x_wconf 81' lang='lat' dir='ltr'>ergo</span> <span class='ocrx_word' id='word_1_196' title='bbox 673 2888 859 2973; x_wconf 76' lang='lat' dir='ltr'>syracusam</span> <span class='ocrx_word' id='word_1_197' title='bbox 876 2889 1028 2973; x_wconf 76' lang='lat' dir='ltr'>ingressus</span> <span class='ocrx_word' id='word_1_198' title='bbox 1050 2908 1132 2953; x_wconf 85' lang='lat' dir='ltr'>escas</span> <span class='ocrx_word' id='word_1_199' title='bbox 1153 2890 1231 2953; x_wconf 87' lang='lat' dir='ltr'>emit</span> 
     </span>
     <span class='ocr_line' id='line_1_28' title="bbox 132 2968 1229 3055; baseline 0.002 -20"><span class='ocrx_word' id='word_1_200' title='bbox 132 2972 220 3055; x_wconf 79' lang='lat' dir='ltr'>apud</span> <span class='ocrx_word' id='word_1_201' title='bbox 250 2968 517 3050; x_wconf 80' lang='lat' dir='ltr'>Amalasuntham,</span> <span class='ocrx_word' id='word_1_202' title='bbox 546 2989 676 3034; x_wconf 80' lang='lat' dir='ltr'>uxorem</span> <span class='ocrx_word' id='word_1_203' title='bbox 702 2971 914 3034; x_wconf 84' lang='lat' dir='ltr'>Theoderichi</span> <span class='ocrx_word' id='word_1_204' title='bbox 926 3015 937 3052; x_wconf 82' lang='lat'>,</span> <span class='ocrx_word' id='word_1_205' title='bbox 964 2982 1097 3036; x_wconf 87' lang='lat' dir='ltr'>matrem</span> <span class='ocrx_word' id='word_1_206' title='bbox 1124 2982 1229 3037; x_wconf 85' lang='lat' dir='ltr'>autem</span> 
     </span>
     <span class='ocr_line' id='line_1_29' title="bbox 132 3054 1229 3139; baseline 0.001 -20"><span class='ocrx_word' id='word_1_207' title='bbox 132 3054 306 3119; x_wconf 74' lang='lat' dir='ltr'>Atalnichi</span> <span class='ocrx_word' id='word_1_208' title='bbox 327 3056 407 3139; x_wconf 83' lang='lat' dir='ltr'>regis</span> <span class='ocrx_word' id='word_1_209' title='bbox 429 3054 544 3132; x_wconf 87' lang='lat' dir='ltr'>ltaliae,</span> <span class='ocrx_word' id='word_1_210' title='bbox 565 3054 731 3116; x_wconf 88' lang='lat' dir='ltr'>amicitiam</span> <span class='ocrx_word' id='word_1_211' title='bbox 743 3074 817 3138; x_wconf 77' lang='lat' dir='ltr'>erga</span> <span class='ocrx_word' id='word_1_212' title='bbox 831 3056 1033 3117; x_wconf 87' lang='lat' dir='ltr'>lastinianum</span> <span class='ocrx_word' id='word_1_213' title='bbox 1051 3056 1229 3120; x_wconf 87' lang='lat' dir='ltr'>habentem.</span> 
     </span>
     <span class='ocr_line' id='line_1_30' title="bbox 132 3137 1229 3223; baseline -0.005 -21"><span class='ocrx_word' id='word_1_214' title='bbox 132 3146 320 3203; x_wconf 84' lang='lat' dir='ltr'>consecutus</span> <span class='ocrx_word' id='word_1_215' title='bbox 343 3158 472 3223; x_wconf 88' lang='lat' dir='ltr'>quoque</span> <span class='ocrx_word' id='word_1_216' title='bbox 491 3147 536 3201; x_wconf 86' lang='lat' dir='ltr'>est</span> <span class='ocrx_word' id='word_1_217' title='bbox 558 3137 718 3221; x_wconf 73' lang='lat' dir='ltr'>inopinate</span> <span class='ocrx_word' id='word_1_218' title='bbox 739 3138 843 3201; x_wconf 84' lang='lat' dir='ltr'>viram</span> <span class='ocrx_word' id='word_1_219' title='bbox 864 3140 920 3222; x_wconf 89' lang='lat' dir='ltr'>qui</span> <span class='ocrx_word' id='word_1_220' title='bbox 943 3138 1002 3201; x_wconf 87' lang='lat' dir='ltr'>sibi</span> <span class='ocrx_word' id='word_1_221' title='bbox 1021 3140 1127 3201; x_wconf 83' lang='lat' dir='ltr'>luerat</span> <span class='ocrx_word' id='word_1_222' title='bbox 1148 3142 1229 3201; x_wconf 88' lang='lat' dir='ltr'>ami.</span> 
     </span>
     <span class='ocr_line' id='line_1_31' title="bbox 133 3222 1230 3306; baseline -0.002 -20"><span class='ocrx_word' id='word_1_223' title='bbox 133 3242 187 3286; x_wconf 87' lang='lat' dir='ltr'>cus</span> <span class='ocrx_word' id='word_1_224' title='bbox 213 3242 365 3305; x_wconf 84' lang='lat' dir='ltr'>spaera,</span> <span class='ocrx_word' id='word_1_225' title='bbox 387 3222 504 3306; x_wconf 87' lang='lat' dir='ltr'>quique</span> <span class='ocrx_word' id='word_1_226' title='bbox 532 3223 779 3304; x_wconf 82' lang='lat' dir='ltr'>experimentum</span> <span class='ocrx_word' id='word_1_227' title='bbox 803 3222 919 3285; x_wconf 79' lang='lat' dir='ltr'>habeas</span> <span class='ocrx_word' id='word_1_228' title='bbox 945 3223 1063 3305; x_wconf 76' lang='lat' dir='ltr'>Libyae</span> <span class='ocrx_word' id='word_1_229' title='bbox 1084 3222 1230 3284; x_wconf 87' lang='lat' dir='ltr'>locorum</span> 
     </span>
     <span class='ocr_line' id='line_1_32' title="bbox 132 3304 1231 3389; baseline -0.002 -20"><span class='ocrx_word' id='word_1_230' title='bbox 132 3316 165 3370; x_wconf 92' lang='lat' dir='ltr'>et</span> <span class='ocrx_word' id='word_1_231' title='bbox 180 3306 288 3386; x_wconf 86' lang='lat' dir='ltr'>maris,</span> <span class='ocrx_word' id='word_1_232' title='bbox 308 3316 373 3369; x_wconf 87' lang='lat' dir='ltr'>tres</span> <span class='ocrx_word' id='word_1_233' title='bbox 393 3314 516 3367; x_wconf 87' lang='lat' dir='ltr'>tantum</span> <span class='ocrx_word' id='word_1_234' title='bbox 537 3304 601 3369; x_wconf 86' lang='lat' dir='ltr'>dies</span> <span class='ocrx_word' id='word_1_235' title='bbox 622 3306 813 3369; x_wconf 86' lang='lat' dir='ltr'>transierant</span> <span class='ocrx_word' id='word_1_236' title='bbox 834 3326 870 3368; x_wconf 85' lang='lat' dir='ltr'>er</span> <span class='ocrx_word' id='word_1_237' title='bbox 891 3325 955 3389; x_wconf 89' lang='lat' dir='ltr'>quo</span> <span class='ocrx_word' id='word_1_238' title='bbox 969 3304 1157 3389; x_wconf 79' lang='lat' dir='ltr'>Carthagine</span> <span class='ocrx_word' id='word_1_239' title='bbox 1174 3327 1231 3367; x_wconf 79' lang='lat' dir='ltr'>re-</span> 
     </span>
     <span class='ocr_line' id='line_1_33' title="bbox 132 3386 1232 3466; baseline -0.002 -15"><span class='ocrx_word' id='word_1_240' title='bbox 132 3400 240 3453; x_wconf 83' lang='lat' dir='ltr'>uerat.</span> <span class='ocrx_word' id='word_1_241' title='bbox 291 3399 324 3452; x_wconf 89' lang='lat' dir='ltr'>et</span> <span class='ocrx_word' id='word_1_242' title='bbox 358 3388 549 3451; x_wconf 76' lang='lat' dir='ltr'>sueverabat</span> <span class='ocrx_word' id='word_1_243' title='bbox 580 3408 703 3451; x_wconf 90' lang='lat' dir='ltr'>omnem</span> <span class='ocrx_word' id='word_1_244' title='bbox 737 3389 936 3452; x_wconf 81' lang='lat' dir='ltr'>securitatem</span> <span class='ocrx_word' id='word_1_245' title='bbox 955 3386 1074 3452; x_wconf 83' lang='lat' dir='ltr'>habere</span> <span class='ocrx_word' id='word_1_246' title='bbox 1093 3389 1178 3466; x_wconf 89' lang='lat' dir='ltr'>illos,</span> <span class='ocrx_word' id='word_1_247' title='bbox 1199 3396 1232 3451; x_wconf 88' lang='lat' dir='ltr'>et</span> 
     </span>
     <span class='ocr_line' id='line_1_34' title="bbox 129 3471 1232 3557; baseline -0.001 -22"><span class='ocrx_word' id='word_1_248' title='bbox 129 3472 221 3537; x_wconf 83' lang='lat' dir='ltr'>hund</span> <span class='ocrx_word' id='word_1_249' title='bbox 241 3482 383 3535; x_wconf 85' lang='lat' dir='ltr'>metuere</span> <span class='ocrx_word' id='word_1_250' title='bbox 404 3478 582 3557; x_wconf 81' lang='lat' dir='ltr'>quenquam</span> <span class='ocrx_word' id='word_1_251' title='bbox 601 3472 730 3535; x_wconf 88' lang='lat' dir='ltr'>illoram</span> <span class='ocrx_word' id='word_1_252' title='bbox 761 3472 848 3555; x_wconf 89' lang='lat' dir='ltr'>quod</span> <span class='ocrx_word' id='word_1_253' title='bbox 866 3471 1011 3535; x_wconf 80' lang='lat' dir='ltr'>adversas</span> <span class='ocrx_word' id='word_1_254' title='bbox 1030 3492 1064 3535; x_wconf 86' lang='lat' dir='ltr'>se</span> <span class='ocrx_word' id='word_1_255' title='bbox 1084 3490 1232 3534; x_wconf 81' lang='lat' dir='ltr'>movere-</span> 
     </span>
     <span class='ocr_line' id='line_1_35' title="bbox 129 3556 1231 3639; baseline -0.002 -20"><span class='ocrx_word' id='word_1_256' title='bbox 129 3564 188 3620; x_wconf 86' lang='lat' dir='ltr'>tur</span> <span class='ocrx_word' id='word_1_257' title='bbox 205 3556 370 3635; x_wconf 78' lang='lat' dir='ltr'>exercitus,</span> <span class='ocrx_word' id='word_1_258' title='bbox 388 3556 431 3619; x_wconf 87' lang='lat' dir='ltr'>ita</span> <span class='ocrx_word' id='word_1_259' title='bbox 446 3567 482 3619; x_wconf 85' lang='lat' dir='ltr'>ut</span> <span class='ocrx_word' id='word_1_260' title='bbox 497 3578 514 3618; x_wconf 83' lang='lat' dir='ltr'>a</span> <span class='ocrx_word' id='word_1_261' title='bbox 527 3562 681 3639; x_wconf 87' lang='lat' dir='ltr'>quattuor</span> <span class='ocrx_word' id='word_1_262' title='bbox 697 3556 907 3619; x_wconf 79' lang='lat' dir='ltr'>mansionibus</span> <span class='ocrx_word' id='word_1_263' title='bbox 918 3559 961 3631; x_wconf 68' lang='lat' dir='ltr'>“t</span> <span class='ocrx_word' id='word_1_264' title='bbox 982 3556 1077 3617; x_wconf 84' lang='lat' dir='ltr'>maris</span> <span class='ocrx_word' id='word_1_265' title='bbox 1089 3557 1231 3618; x_wconf 87' lang='lat' dir='ltr'>Getimer</span> 
     </span>
     <span class='ocr_line' id='line_1_36' title="bbox 129 3638 1229 3735; baseline -0.003 -31"><span class='ocrx_word' id='word_1_266' title='bbox 129 3648 331 3705; x_wconf 82' lang='lat' dir='ltr'>moraretur.</span> <span class='ocrx_word' id='word_1_267' title='bbox 383 3638 468 3703; x_wconf 84' lang='lat' dir='ltr'>hune</span> <span class='ocrx_word' id='word_1_268' title='bbox 497 3658 578 3735; x_wconf 77' lang='lat' dir='ltr'>ergo¹</span> <span class='ocrx_word' id='word_1_269' title='bbox 604 3650 794 3725; x_wconf 75' lang='lat' dir='ltr'>sumptum</span> <span class='ocrx_word' id='word_1_270' title='bbox 824 3640 1000 3724; x_wconf 85' lang='lat' dir='ltr'>Procopius</span> <span class='ocrx_word' id='word_1_271' title='bbox 1020 3640 1061 3702; x_wconf 83' lang='lat' dir='ltr'>ad</span> <span class='ocrx_word' id='word_1_272' title='bbox 1082 3640 1229 3702; x_wconf 76' lang='lat' dir='ltr'>caumas</span> 
     </span>
    </p>
   </div>
   <div class='ocr_carea' id='block_1_4' title="bbox 164 3805 1228 4033">
    <p class='ocr_par' dir='ltr' id='par_1_4' title="bbox 164 3805 1228 4033">
     <span class='ocr_line' id='line_1_37' title="bbox 164 3805 1228 3911; baseline -0.001 -22"><span class='ocrx_word' id='word_1_273' title='bbox 164 3838 193 3911; x_wconf 77' lang='lat'>‘)</span> <span class='ocrx_word' id='word_1_274' title='bbox 214 3836 355 3909; x_wconf 65' lang='lat' dir='ltr'>naualia}</span> <span class='ocrx_word' id='word_1_275' title='bbox 372 3842 558 3902; x_wconf 82' lang='lat' dir='ltr'>commeatum,</span> <span class='ocrx_word' id='word_1_276' title='bbox 575 3838 658 3893; x_wconf 66' lang='lat' dir='ltr'>sicui</span> <span class='ocrx_word' id='word_1_277' title='bbox 672 3838 830 3893; x_wconf 82' lang='lat' dir='ltr'>necessaris.</span> <span class='ocrx_word' id='word_1_278' title='bbox 850 3805 1108 3892; x_wconf 76' lang='lat' dir='ltr'>GlossusDositlreir</span> <span class='ocrx_word' id='word_1_279' title='bbox 1126 3836 1228 3891; x_wconf 84' lang='lat' dir='ltr'>alimo-</span> 
     </span>
     <span class='ocr_line' id='line_1_38' title="bbox 206 3904 1228 3971; baseline 0.001 -10"><span class='ocrx_word' id='word_1_280' title='bbox 206 3906 263 3971; x_wconf 81' lang='lat' dir='ltr'>nia,</span> <span class='ocrx_word' id='word_1_281' title='bbox 284 3908 421 3961; x_wconf 76' lang='lat' dir='ltr'>victualia.</span> <span class='ocrx_word' id='word_1_282' title='bbox 439 3904 606 3962; x_wconf 78' lang='lat' dir='ltr'>Floslosrslus</span> <span class='ocrx_word' id='word_1_283' title='bbox 631 3910 695 3964; x_wconf 75' lang='lat' dir='ltr'>tiss</span> <span class='ocrx_word' id='word_1_284' title='bbox 714 3912 782 3965; x_wconf 84' lang='lat' dir='ltr'>eccl.</span> <span class='ocrx_word' id='word_1_285' title='bbox 808 3912 880 3963; x_wconf 85' lang='lat' dir='ltr'>Rem.</span> <span class='ocrx_word' id='word_1_286' title='bbox 898 3910 917 3963; x_wconf 82' lang='lat'>2</span> <span class='ocrx_word' id='word_1_287' title='bbox 937 3908 982 3961; x_wconf 79' lang='lat'>11:</span> <span class='ocrx_word' id='word_1_288' title='bbox 1010 3904 1168 3961; x_wconf 78' lang='lat' dir='ltr'>sufficieutia</span> <span class='ocrx_word' id='word_1_289' title='bbox 1183 3908 1228 3962; x_wconf 82' lang='lat' dir='ltr'>ri-</span> 
     </span>
     <span class='ocr_line' id='line_1_39' title="bbox 206 3978 593 4033; baseline -0.003 -2"><span class='ocrx_word' id='word_1_290' title='bbox 206 3978 309 4031; x_wconf 79' lang='lat' dir='ltr'>ctutlia</span> <span class='ocrx_word' id='word_1_291' title='bbox 328 3980 478 4033; x_wconf 84' lang='lat' dir='ltr'>coustituit.</span> <span class='ocrx_word' id='word_1_292' title='bbox 516 3978 593 4032; x_wconf 78' lang='lat' dir='ltr'>Faus.</span> 
     </span>
    </p>
   </div>
   <div class='ocr_carea' id='block_1_5' title="bbox 17 4070 1230 4149">
    <p class='ocr_par' dir='ltr' id='par_1_5' title="bbox 17 4070 1230 4149">
     <span class='ocr_line' id='line_1_40' title="bbox 17 4070 1230 4149; baseline -0.005 -21"><span class='ocrx_word' id='word_1_293' title='bbox 17 4100 18 4103; x_wconf 40' lang='lat'>¹</span> <span class='ocrx_word' id='word_1_294' title='bbox 146 4076 188 4149; x_wconf 75' lang='grc'>“)</span> <span class='ocrx_word' id='word_1_295' title='bbox 207 4074 403 4149; x_wconf 80' lang='lat' dir='ltr'>mansionibus}</span> <span class='ocrx_word' id='word_1_296' title='bbox 421 4074 557 4149; x_wconf 84' lang='lat' dir='ltr'>Sulpicius</span> <span class='ocrx_word' id='word_1_297' title='bbox 576 4072 689 4128; x_wconf 83' lang='lat' dir='ltr'>Severus</span> <span class='ocrx_word' id='word_1_298' title='bbox 707 4072 735 4127; x_wconf 87' lang='lat' dir='ltr'>ln</span> <span class='ocrx_word' id='word_1_299' title='bbox 754 4074 888 4126; x_wconf 75' lang='lat' dir='ltr'>Martinus</span> <span class='ocrx_word' id='word_1_300' title='bbox 909 4070 1027 4123; x_wconf 80' lang='lat' dir='ltr'>sedecim</span> <span class='ocrx_word' id='word_1_301' title='bbox 1044 4070 1230 4124; x_wconf 77' lang='lat' dir='ltr'>mansionibus</span> 
     </span>
    </p>
   </div>
   <div class='ocr_carea' id='block_1_6' title="bbox 209 4142 1230 4269">
    <p class='ocr_par' dir='ltr' id='par_1_6' title="bbox 209 4142 1230 4269">
     <span class='ocr_line' id='line_1_41' title="bbox 209 4142 1230 4268; baseline -0.002 -73"><span class='ocrx_word' id='word_1_302' title='bbox 209 4144 296 4268; x_wconf 54' lang='lat' dir='ltr'>ism</span> <span class='ocrx_word' id='word_1_303' title='bbox 331 4146 412 4219; x_wconf 80' lang='lat' dir='ltr'>plura</span> <span class='ocrx_word' id='word_1_304' title='bbox 433 4146 468 4201; x_wconf 85' lang='lat' dir='ltr'>ds</span> <span class='ocrx_word' id='word_1_305' title='bbox 496 4144 685 4201; x_wconf 82' lang='lat' dir='ltr'>mansionibus</span> <span class='ocrx_word' id='word_1_306' title='bbox 704 4144 767 4199; x_wconf 81' lang='lat' dir='ltr'>‹llcc</span> <span class='ocrx_word' id='word_1_307' title='bbox 785 4144 820 4199; x_wconf 80' lang='lat' dir='ltr'>sd</span> <span class='ocrx_word' id='word_1_308' title='bbox 848 4145 890 4199; x_wconf 82' lang='lat' dir='ltr'>tit</span> <span class='ocrx_word' id='word_1_309' title='bbox 910 4142 928 4195; x_wconf 80' lang='grc'>3</span> <span class='ocrx_word' id='word_1_310' title='bbox 945 4142 1033 4196; x_wconf 81' lang='lat' dir='ltr'>dictas</span> <span class='ocrx_word' id='word_1_311' title='bbox 1051 4142 1230 4197; x_wconf 77' lang='lat' dir='ltr'>collectionis.</span> 
     </span>
     <span class='ocr_line' id='line_1_42' title="bbox 233 4232 293 4269; baseline -0.017 0"><span class='ocrx_word' id='word_1_312' title='bbox 233 4232 293 4269; x_wconf 82' lang='lat' dir='ltr'>an.</span> 
     </span>
    </p>
   </div>
   <div class='ocr_carea' id='block_1_7' title="bbox 0 0 1530 4900">
    <p class='ocr_par' dir='ltr' id='par_1_7' title="bbox 0 0 1530 4900">
     <span class='ocr_line' id='line_1_43' title="bbox 0 0 1530 4900; baseline 0 3"><span class='ocrx_word' id='word_1_313' title='bbox 0 0 1530 4900; x_wconf 95' lang='lat' dir='ltr'> </span> 
     </span>
    </p>
   </div>
  </div>
 </body>
</html>
