3050 4900
612 384 762 449 noran
1158 370 1231 450 485

223 554 300 637 466,
320 556 349 619 3.
391 557 471 639 aaut*
492 553 667 644 Ἀπριλλίῳ
688 557 735 641 δ’]
766 558 901 623 Heraciii
930 570 1014 644 gotta
1033 559 1232 645 Theophani,

143 646 176 702 ct
196 640 349 703 chronico
381 641 547 703 Alexandr.
580 646 791 705 concordibus
811 644 935 727 scriptis
957 644 1066 723 relata,
1082 646 1113 705 in
1135 666 1232 709 annos

143 722 221 784 druos
248 724 438 806 posteriores
470 726 508 785 ab
542 726 601 787 isto
630 735 845 808 seponuntur:
876 730 1025 811 quocirca
1059 729 1235 810 praesentia

143 805 182 867 ad
202 806 336 867 Heraclii
359 802 398 867 14
427 818 459 869 ct
486 807 688 871 indictionem
715 809 752 871 19
783 820 967 873 occurrunt.
1015 812 1162 895 legendae
1181 812 1236 875 hic

142 890 325 971 praeclarae
344 890 462 951 Petavii
487 892 688 955 coniecturae
706 893 738 954 in
760 892 983 977 Nicephorum,
1003 896 1148 957 editionis
1168 896 1233 958 tte.

142 992 212 1055 grae
233 994 303 1055 pag.
324 970 374 1034 67.

228 1074 306 1134 ibid.
331 1072 361 1133 5.
404 1066 510 1149 λαβών
530 1068 566 1133 δὲ
586 1069 625 1135 τὰ
656 1072 718 1136 τῶν
738 1070 863 1156 aainyris
886 1066 978 1139 οἴκων
994 1072 1158 1161 χρήματα]
1179 1076 1235 1139 Ni.

143 1155 299 1239 cephorus
322 1156 363 1217 ad
386 1178 500 1216 annum
525 1156 597 1219 691.

228 1262 308 1329 tttd.
328 1261 360 1324 7.
409 1260 640 1347 πολυκὰνδηλα]
671 1262 832 1343 cardito,
856 1263 983 1326 lucerna
1005 1275 1050 1328 cst
1071 1232 1178 1328 &mini
1200 1288 1237 1331 ex

145 1346 217 1411 cieo
238 1346 437 1410 accendendo
459 1346 581 1411 idonea.
605 1342 840 1428 noivtdntiqios
861 1344 982 1421 σκεῦος.
1004 1348 1075 1411 inde
1098 1351 1214 1413 oritur.
1258 1390 1265 1408 .

225 1451 310 1516 Ibtd.
332 1454 362 1514 8.
405 1454 598 1534 μιλιαρίσια]
621 1453 740 1515 Suidas.
781 1454 986 1534 μιλιαρίσιον,
1008 1450 1122 1516 τὸτοῦ
1144 1458 1236 1529 νομί.

146 1553 265 1611 cuntot
287 1536 479 1615 δωδέκατον,
500 1536 684 1599 duodecima
694 1538 881 1599 numismatis
896 1559 982 1619 pars.
1026 1539 1116 1620 ptura
1129 1542 1238 1601 Meur-

145 1620 219 1690 sius,
243 1627 275 1679 et
296 1618 335 1679 ad
364 1640 498 1703 aequum
519 1620 683 1682 doctrinae
713 1620 837 1703 pondus
859 1621 1001 1683 Petavius
1021 1622 1082 1683 sais
1106 1624 1136 1685 in
1158 1622 1239 1703 Ept-

143 1702 294 1785 phanium
317 1703 409 1764 uotis.

226 1802 308 1865 Ibid.
336 1800 366 1864 9.
416 1802 561 1865 sarsana
589 1799 625 1863 st
653 1796 710 1863 rtis
739 1794 820 1863 iiitou
839 1796 927 1887 aiis]
958 1804 1152 1888 Nicephorus
1179 1826 1239 1888 pn·

146 1884 284 1946 triorche
307 1906 388 1946 auno
410 1882 481 1947 699.
532 1886 586 1969 qui
607 1906 707 1965 porro
734 1885 788 1945 hic
820 1882 972 1969 Bosooo't,
993 1888 1145 1951 chronico
1164 1890 1239 1953 ate.

146 1967 254 2031 taudr.
273 1964 383 2046 Βόνος,
405 1968 582 2052 Nicephoro
600 1970 709 2041 Boinoa
728 1968 887 2031 scribitur.

231 2068 304 2153 467,
325 2074 357 2136 5.
403 2074 535 2159 μορφήν
565 2071 605 2156 ἢν
623 2080 730 2156 χεῖρες
748 2074 808 2135 οὔκ
827 2071 987 2154 ἔγραψαν]
1008 2075 1047 2140 dc
1067 2100 1129 2160 qua
1150 2082 1240 2141 iaco-

148 2156 205 2219 bus
226 2160 390 2221 Gretserns
413 2160 514 2241 ample
536 2161 686 2241 opuscnto
709 2158 747 2220 de
767 2158 950 2241 imaginibus
971 2180 1036 2223 nou
1057 2162 1241 2224 manufactis

148 2260 239 2325 capp.
264 2236 304 2304 14
325 2250 357 2305 ct
383 2242 434 2323 15,
455 2250 487 2305 et
506 2244 658 2303 Baronius
680 2239 718 2301 nal
745 2243 780 2303 C.
802 2264 917 2303 anunm
938 2240 1012 2309 691.

231 2342 306 2426 468,
331 2347 380 2410 19.
422 2348 544 2429 πλῆθος
572 2342 708 2431 ἱππέων]
738 2368 778 2407 an
805 2348 890 2431 quod
912 2348 1004 2410 aliter
1022 2348 1133 2432 legerit
1157 2350 1242 2410 Ana.

148 2430 269 2509 stacius,
290 2432 539 2514 interpretatur?
580 2431 805 2494 Saracenorum
826 2454 898 2493 cero
919 2433 974 2491 sub
988 2434 1094 2516 pactis
1115 2432 1162 2514 (id
1184 2442 1241 2510 est,

147 2536 282 2596 appensa
301 2517 449 2597 pecunia)
478 2516 650 2576 Persarum
678 2515 902 2576 constitutorum
931 2513 1092 2576 multitudo
1110 2517 1242 2598 equitum

147 2599 231 2659 clam
251 2603 285 2660 in
305 2602 380 2684 imp.
400 2601 518 2660 irruere
537 2598 745 2661 meditabatur.

233 2706 312 2768 Ihr'd.
341 2705 390 2767 17.
446 2705 635 2778 α’ποκλείσας
663 2699 680 2766 o‘
716 2697 869 2784 βασιλεῦς
901 2697 935 2764 τό
968 2699 1106 2766 Πόντιον
1132 2703 1243 2790 κλῖμα]

35 2850 40 2858 ,
150 2787 271 2872 legebat
293 2787 465 2852 Anastasius
489 2786 692 2864 ·α’ποκλι’νας,
721 2789 817 2849 vertit
842 2787 1015 2871 siquidcmt
1039 2789 1112 2872 quia
1138 2790 1243 2867 hyeme

147 2867 325 2953 accounts,
354 2879 427 2956 cnsp.
453 2871 497 2932 od
525 2871 687 2933 Ponticum
720 2871 813 2932 clima
832 2870 973 2950 divertit,
993 2873 1090 2932 cuum
1109 2885 1155 2934 est
1172 2872 1244 2933 bar·

148 2955 228 3016 baras
250 2955 388 3018 obsidere
407 2955 493 3016 illum
515 2956 548 3015 in
566 2957 622 3015 hoc
641 2956 843 3032 neormam.

185 3111 187 3123 ·
233 3069 304 3153 469,
324 3077 355 3140 3.
398 3070 475 3138 citt
494 3074 667 3160 βάρβαρος]
689 3077 817 3162 qnidam
847 3074 938 3140 codd.
963 3073 980 3138 ὅ
1001 3075 1038 3139 δὲ
1060 3069 1243 3157 Σᾶρβαρος·

151 3161 337 3320 ἷὶεΐ,Ρέἷέ1ει·
359 3161 433 3244 legit
445 3163 617 3224 Anastasius
631 3163 784 3224 scribens:
799 3161 956 3222 Barbarus
968 3159 1133 3222 Persarum
1147 3181 1242 3244 prae·

232 3349 313 3412 Ibid.
336 3349 385 3412 13.
426 3349 462 3411 ἐκ
480 3345 594 3412 τούτου
613 3351 731 3412 stettin
752 3345 770 3410 ti
789 3345 940 3434 σαβαρός]
962 3350 1064 3410 invitis
1088 3348 1243 3432 exempta·

150 3431 236 3496 ribus
251 3434 373 3496 cunctis
393 3433 472 3516 lego,
492 3429 510 3493 ὅ
531 3427 707 3514 Σάρβαρος,
728 3435 901 3495 Anastasius
921 3436 1039 3518 quippe
1051 3435 1243 3514 interpreta-

150 3524 218 3578 tur:
241 3540 284 3581 ex
305 3522 358 3580 Aac
375 3516 572 3588 formidabat
584 3517 732 3578 Sarbarns
752 3537 822 3580 cum
840 3521 914 3601 torp.
931 3517 1085 3598 congredi,
1099 3527 1160 3578 etc.

163 3649 165 3654 ·
233 3620 304 3700 470,
324 3623 354 3686 3.
397 3619 634 3706 ε’σκηνοβάιουν]
663 3625 881 3686 morabantur.-
903 3623 949 3688 ait
969 3624 1156 3686 Anastasius:
1175 3622 1244 3686 vuit

151 3707 268 3790 quippe
290 3711 448 3772 Romanos
472 3707 516 3769 ibi
541 3709 645 3770 sedem
665 3706 817 3770 habuisse.

232 3831 360 3900 Ibid.8.
401 3825 418 3892 ὅ
439 3830 475 3892 δὲ
496 3825 635 3910 σοβαρὸς
652 3831 778 3911 μηκέτι]
800 3831 971 3893 Anastasius
992 3853 1115 3893 rursum
1136 3850 1245 3893 exem-

150 3913 251 3994 plaria
273 3925 379 3977 nostra
400 3913 537 3975 falsitatis
559 3915 718 3975 convincit
739 3913 797 3976 hac
823 3916 1096 3998 interpretatione:
1118 3928 1154 3978 at
1171 3935 1246 3976 vam

150 3995 301 4060 Sarbants
312 3999 395 4061 ultra
415 4001 681 4081 commorationem
701 4019 761 4059 non
768 4000 894 4078 fimas,
915 4007 975 4060 etc.

236 4111 307 4201 471,
331 4119 379 4184 14.
433 4115 532 4206 τούτῳ
562 4119 605 4205 τῷ
638 4113 702 4181 ἔτει
735 4117 859 4201 Manat
887 4116 1003 4266 igion]
1025 4075 1245 4183 celeberrimae

152 4203 236 4285 apud
260 4203 495 4268 Mahumetauos
516 4223 624 4268 omncs
643 4225 680 4266 ec
694 4203 905 4290 Orientatisp
935 4225 992 4288 gae
1011 4203 1127 4268 innatas
1147 4203 1243 4288 Hegi·
1295 4282 1302 4297 ,
