3050 4900
317 329 391 405 430
689 343 731 404 ΙΝ
761 336 1039 404 theomarum

402 507 474 584 270,
492 507 525 568 3.
573 504 678 586 μαίων
698 509 754 595 aad
771 503 956 588 apelletianos]
984 507 1069 570 locus
1092 515 1271 589 corruptus,
1292 508 1340 568 vel
1361 509 1407 570 la.

319 613 450 653 cunosus
469 593 619 652 Anastasii
648 603 680 654 ct
701 593 855 654 miscellae
890 593 1022 654 lectione
1052 593 1271 674 interpolatur.
1316 591 1410 652 habet

318 677 378 736 illa.
398 677 515 737 locavit
531 689 631 736 eutem
650 687 681 736 et
713 677 841 736 militurn
865 676 1241 742 Romanorum,rmmenen
1267 689 1296 736 et
1315 677 1410 736 tribu-

316 779 423 821 nomm
441 759 586 820 modim
609 760 784 837 civitatem,
815 767 873 820 eto.
917 757 1026 822 reddo.
1046 753 1173 836 ἔστησεν
1192 758 1228 820 δὲ
1258 755 1313 820 καί
1339 756 1409 836 ἀρι-

317 837 403 917 θμὸν
416 836 583 918 ‘Peparethos
608 839 665 925 καὶ
682 837 856 919 sordoniam
878 835 1048 922 φυλάττειν
1070 837 1129 922 τὴν
1149 839 1248 902 πόλιν.
1291 841 1411 902 Cedre-

319 946 381 1068 nepl
398 933 586 1008 corruptum
605 923 782 986 huiusmodi
812 923 953 988 codicem
976 937 1094 1002 nactus,
1117 927 1155 988 ab
1178 925 1223 986 his
1246 923 1409 986 recitandis

319 1008 358 1068 de
381 1005 453 1075 erit.

402 1123 486 1187 lem.
511 1121 562 1186 13.
611 1122 827 1207 Μουαγέρην]
851 1125 1008 1188 Cedrenus
1030 1123 1214 1205 Μοαγὲραν.
1238 1124 1342 1186 variae
1368 1123 1411 1184 le-

318 1207 435 1270 ctiones
456 1208 539 1272 alias.

402 1339 484 1404 ibid.
510 1339 558 1401 15.
598 1335 654 1401 τόν
672 1341 837 1420 τριβαῦνον
851 1341 1048 1420 Δαλμάτιον]
1070 1339 1226 1404 cedrenus
1240 1348 1408 1422 corruptos

318 1417 373 1484 adr
390 1422 558 1500 τριβαῦνοα
588 1425 785 1500 Δαλματίας.
836 1427 980 1488 Petavius
1013 1447 1141 1508 quoque
1162 1425 1336 1484 Cedrennm
1359 1445 1410 1484 er.

321 1513 428 1566 ranter
448 1515 604 1588 sequutus,
625 1509 787 1568 tribunum
797 1509 969 1572 Dalmatiae
989 1507 1125 1570 reddidit
1148 1505 1186 1568 de
1210 1509 1294 1568 doct.
1314 1513 1409 1590 temp.

320 1589 373 1652 lib.
398 1587 435 1650 13
456 1587 496 1650 ad
516 1593 630 1650 anniam
653 1591 813 1652 lustiuiani
837 1593 864 1654 2.

403 1711 474 1789 971,
493 1712 524 1778 4.
566 1709 583 1774 o‘
607 1712 644 1775 δὲ
669 1713 820 1792 βασιλεῦς
843 1705 1079 1798 Ἰααστινιαι·ός]
1102 1715 1238 1779 declarat
1260 1713 1412 1776 Baronius

325 1816 361 1857 es
383 1796 499 1858 Contio
523 1795 562 1856 ad
585 1819 700 1858 annum
719 1799 780 1859 527
804 1820 878 1860 num
900 1797 940 1862 38
961 1807 992 1860 et
1015 1797 1065 1860 39.

410 1920 496 1984 leid.
524 1923 555 1984 5.
607 1924 684 2004 δίχα
721 1923 783 1988 ταῖν
812 1914 1027 1998 ’Quassanda
1060 1921 1252 2006 Ἀρειανῶν]
1282 1922 1411 1982 Arianos

320 2004 454 2066 ecclesiis
476 2029 495 2067 a
516 2007 693 2070 Theodosio
716 2010 778 2070 GP.
798 2008 946 2090 spoliatos
966 2009 1112 2072 ecclesiae
1135 2010 1277 2070 referunt
1299 2026 1412 2066 monu-

321 2098 435 2154 menta.
477 2098 564 2152 extra
596 2092 707 2153 urbem
736 2091 906 2168 habitasse,
935 2103 967 2154 ct
988 2093 1021 2167 ἐξ
1054 2081 1233 2152 adsistens
1255 2089 1411 2150 Christum

321 2169 536 2253 praedicantes
567 2173 796 2256 ἐξουκαντητῶν
826 2177 1034 2258 promeruisse
1067 2196 1177 2237 nomen
1206 2173 1332 2234 memini
1362 2193 1412 2232 me

321 2236 427 2356 lepisie
438 2257 523 2338 apud
539 2257 710 2320 Photium:
732 2281 807 2320 nunr
821 2269 923 2320 tamen
940 2261 1011 2322 inde
1027 2252 1227 2334 Ἕξωκιόνιαν,
1239 2257 1303 2316 aliis
1319 2245 1415 2327 Ἐξα-

321 2359 434 2400 aaaron
454 2341 628 2423 scriptum?
666 2365 730 2404 non
752 2343 804 2402 ito.
845 2336 1034 2416 Ἐξωκιόαιοα
1055 2344 1135 2402 enirn
1156 2341 1239 2402 muri
1259 2339 1319 2402 (ΖΡ.
1340 2359 1412 2418 pars

322 2423 382 2485 suit
405 2425 646 2508 appellationem
664 2427 785 2503 sortita,
807 2424 893 2510 quod
913 2437 999 2489 extra
1012 2446 1079 2487 eam
1094 2424 1287 2487 Constantini
1309 2429 1414 2485 statua

320 2508 485 2571 columnae
513 2510 711 2593 superposita
739 2510 909 2573 videretur.
960 2512 1002 2571 ita
1023 2510 1159 2571 Codinus
1181 2508 1220 2571 de
1244 2508 1322 2590 orig.
1346 2506 1410 2568 ΟΡ.

322 2590 406 2673 apud
430 2592 612 2655 Gretserum
633 2592 831 2655 deEsocinio
858 2593 1016 2656 etArinnis
1041 2615 1059 2653 a
1082 2594 1152 2655 loco
1177 2593 1302 2667 voeatis,
1349 2590 1414 2651 uod

322 2675 354 2735 in
374 2674 451 2735 illud
478 2678 618 2738 translati
650 2678 787 2738 fuissent.
836 2677 980 2739 Socrates
1003 2676 1057 2739 lib.
1080 2678 1186 2759 5cap.
1209 2675 1240 2753 7,
1265 2685 1296 2737 et
1316 2614 1414 2735 libb

322 2779 391 2840 cap.
410 2756 441 2834 8,
471 2758 646 2821 chronicon
676 2758 845 2821 Alexandr.
886 2782 954 2842 pag.
975 2758 1048 2833 704,
1089 2760 1119 2821 in
1172 2779 1212 2821 uo
1246 2779 1416 2841 perperam

322 2834 482 2919 dpatientia
516 2842 585 2905 vice
605 2838 791 2921 Ἀρειανούς
819 2843 947 2926 legeris:
972 2851 1003 2905 et
1024 2864 1083 2927 pag
1106 2784 1168 2904 tad
1188 2844 1220 2904 in
1243 2844 1349 2903 Leone
1372 2842 1414 2901 M.

324 2923 420 2984 etad
450 2946 567 2987 annum
594 2926 726 2988 Zenonis
752 2926 789 2988 ll
822 2924 861 2987 dc
890 2927 1069 2990 Athalarieo
1098 2928 1204 2989 ltaliae
1235 2946 1307 3006 rege
1334 2924 1414 2984 scri-

321 3007 408 3069 bens.
450 3008 603 3089 Georgius
618 3006 841 3073 Alexandrinus
857 3011 887 3072 in
911 3012 973 3071 vita
988 3010 1200 3094 chrysostomi
1222 3009 1305 3089 apud
1329 3008 1416 3067 Pho-

323 3092 492 3234 pipm4pug·
514 3092 593 3237 2¹50,
621 3095 780 3159 Cedreuus
802 3094 945 3157 editionis
972 3095 1084 3177 Regiae
1105 3115 1175 3177 pag.
1198 3091 1276 3174 480,
1297 3090 1416 3174 Gyllins

335 3198 343 3232 i
367 3218 375 3234 .
437 3196 506 3259 cap.
544 3220 552 3237 .
1149 3228 1152 3237 .

404 3302 484 3365 lbid.
505 3298 536 3363 6.
577 3297 757 3385 ἔξεφώαησε
778 3300 824 3383 {dl
843 3296 953 3385 asinos]
978 3324 1059 3365 anno
1079 3301 1202 3385 imperii
1219 3302 1248 3379 9,
1269 3310 1301 3363 et
1320 3300 1418 3361 habe·

322 3388 376 3445 tur
399 3384 452 3447 lib.
471 3384 513 3447 st
534 3407 604 3469 cap.
627 3388 666 3449 de
684 3388 822 3469 episcop.
847 3396 879 3449 et
899 3385 1015 3448 clerici.

404 3508 485 3571 leid.
508 3509 556 3570 ll.
598 3504 616 3571 o‘
637 3504 779 3584 δὲαύτὸς
798 3504 962 3588 βασιλεύς]
983 3510 1079 3573 verba
1092 3507 1232 3571 chronici
1249 3504 1413 3568 Alexandr.

322 3592 408 3675 quod
431 3591 470 3652 ad
502 3593 714 3674 recipiendam
743 3594 873 3655 Adriani
908 3594 1081 3655 conductus
1103 3614 1225 3676 aquam,
1249 3593 1416 3651 cisternam

322 3675 486 3737 extruxisse
507 3677 723 3759 amplissimum
733 3677 902 3759 subiungit.
925 3679 1078 3739 cisternae
1100 3698 1201 3759 porro
1228 3674 1416 3749 aedilicium,

322 3780 385 3819 non
407 3758 507 3821 minus
542 3782 636 3843 quam
656 3760 745 3821 aulae
773 3762 1016 3843 spatiosissimas,
1041 3759 1212 3838 columnis,
1234 3757 1417 3833 fornicibus,

321 3844 503 3925 parietibus,
527 3844 626 3925 tectis,
644 3844 819 3927 porticibus
841 3844 949 3921 valvis,
972 3842 1125 3927 adytibus,
1148 3854 1180 3904 et
1196 3840 1343 3926 gradibus
1365 3840 1416 3901 in.

322 3937 494 3990 staua-atum
514 3926 605 3990 fuisse
625 3926 759 3990 edocent
780 3928 914 4010 plurima
939 3928 1113 3989 huiusmodi
1137 3924 1328 4009 antiquitatis
1344 3944 1418 3985 mo-

323 4020 469 4073 numenta
490 4010 522 4073 in
539 4009 731 4073 monasteriis
752 4022 784 4073 et
805 4010 877 4073 loeis
898 4012 1029 4093 puhlicis
1052 4010 1152 4071 adhuc
1171 4009 1316 4071 extantia.

404 4116 475 4194 272,
502 4120 530 4184 t.
571 4119 627 4179 sei
654 4119 779 4192 ἐξέθετο
800 4114 818 4179 ὅ
838 4115 991 4199 βασιλεῦς
1022 4114 1136 4199 νόμους
1158 4111 1332 4203 σφοδρούς]
1356 4136 1418 4177 no-

324 4199 404 4261 vella
424 4212 470 4265 est
491 4202 541 4282 77,
563 4199 602 4265 de
624 4224 685 4286 qua
707 4203 850 4287 Agathias
872 4204 924 4263 lib.
947 4202 976 4261 5.
