3050 4900
465 371 603 439 nmen
634 370 923 438 rosmtonns.
1164 363 1236 436 639

233 549 307 628 633,
329 551 361 619 6.
402 537 449 612 nir
471 550 501 614 Γ
498 545 582 632 timp
603 545 721 630 ἡγεῖτο]
741 572 758 611 e
778 551 888 632 quibus
903 551 995 636 prior
1013 561 1084 610 erat
1106 547 1239 624 Gamer3

148 657 212 698 non
233 655 369 696 summus
387 634 546 711 intereos,
565 643 603 696 ut
615 634 753 696 reddidit
774 637 906 717 interpr.
920 635 1017 715 liquet
1035 633 1118 694 enim
1139 633 1240 714 ipsum

149 720 338 783 Suiimanem
357 739 511 778 summum
532 716 643 780 ducem
668 719 767 793 fnisse,
790 717 844 816 ‹pui
865 741 900 780 ex
919 713 1021 779 90000
1043 713 1146 778 60000
1167 715 1240 776 mit.

149 803 191 863 lin
212 803 277 885 ipse
297 800 461 874 educeret;
495 799 638 886 denaque
671 799 768 862 miliia
804 823 835 862 in
856 801 990 883 singulos
1020 809 1082 860 tres
1104 799 1240 882 reliquos

148 885 316 970 praesides,
339 884 379 946 ud
400 883 473 946 beili
491 883 653 946 levandam
671 885 796 960 molem,
823 905 860 946 sc
891 881 1102 946 distrahendus
1123 883 1241 945 Romu.

149 991 265 1032 uorum
285 967 377 1044 vires,
403 969 448 1028 uti
467 966 549 1030 solet
569 969 601 1028 in
624 966 786 1044 eiusmodi,
809 989 844 1029 uc
868 967 898 1028 in
920 967 1169 1048 descernimus,
1191 966 1240 1026 di.

146 1051 333 1114 stribuissets
365 1051 418 1112 ubi
448 1052 541 1112 etiam
562 1051 662 1112 minus
692 1059 816 1113 attento
843 1051 974 1132 interpr.
998 1049 1115 1128 decem,
1137 1071 1173 1111 ec
1194 1051 1240 1110 si-

170 1136 226 1198 inti
246 1134 361 1210 millia,
381 1134 465 1196 milie
485 1145 568 1211 sunt,
588 1157 625 1197 uc
647 1134 712 1196 duo
735 1135 840 1196 millia.
883 1135 1041 1217 egregium
1065 1153 1141 1196 vero
1163 1135 1241 1194 Aru·

146 1158 240 1283 ithus
263 1217 414 1281 exercitos
435 1219 479 1279 sic
510 1229 654 1302 angustos
683 1215 827 1280 educere.
869 1219 925 1278 nui
944 1212 1059 1278 rodaco
1080 1209 1240 1295 ἐχόμεοοττ

142 1316 300 1386 postcom
316 1301 473 1385 proximi,
493 1297 549 1362 nni
565 1297 646 1378 μετὰ
663 1295 794 1374 τούτους
807 1295 1003 1376 Σοολεϊμάνε
1022 1313 1093 1380 post
1111 1303 1165 1360 nor
1186 1299 1241 1360 de·

146 1387 259 1472 nique5
280 1391 318 1446 ut
338 1385 419 1444 solus
442 1383 644 1467 expeditionis
664 1381 745 1446 ordo
775 1385 951 1464 referetur,
972 1405 1036 1445 nou
1058 1383 1172 1445 ducum
1194 1381 1241 1444 di.

147 1469 247 1554 gnites
267 1475 406 1529 notetur.

230 1574 313 1638 Ibid.
343 1573 391 1636 15.
431 1570 559 1646 πλείους
584 1565 690 1645 ὅπλοις
720 1561 858 1656 ὄλοντο]
882 1575 985 1637 Anust.
1008 1573 1177 1658 pluresne
1196 1575 1242 1634 iris

146 1659 244 1720 wmis
266 1658 340 1741 ipsis
354 1656 529 1742 perierunt:
559 1657 699 1740 graviori
730 1658 815 1720 forte
843 1667 1014 1733 nrmnture,
1037 1677 1118 1742 quue
1139 1656 1242 1738 impe-

148 1741 287 1804 dimento
308 1738 405 1801 fuerit
439 1740 480 1802 nd
501 1740 724 1822 expediendum
744 1741 858 1824 fugem,
879 1738 1001 1803 aliudve
1042 1737 1106 1801 uod
1126 1761 1161 1802 ex
1180 1762 1242 1822 pu-

148 1821 264 1908 guuudi
284 1832 353 1886 erte
373 1823 423 1884 sit.
466 1826 608 1908 sequitur
629 1823 662 1884 in
684 1825 779 1908 Peyr.
810 1822 985 1886 ὀκτακόσιοι
1006 1762 1042 1884 di
1062 1843 1124 1883 noo
1148 1815 1241 1884 ὅπλο-

146 1907 285 1987 μοχίται
304 1901 338 1982 ἐξ
358 1903 472 1968 adesir.
527 1908 699 1990 octingenta
726 1921 827 1970 tanen
852 1901 947 1994 snpra
977 1909 1078 1968 sexies
1095 1907 1180 1968 uirile
1199 1928 1242 1970 ex

150 1993 195 2053 eir
216 1992 334 2052 armati
348 2003 541 2074 pugnatores,
562 1997 621 2052 etc.

228 2089 301 2172 634,
320 2094 353 2158 4.
375 2091 662 2174 ’παρανομωτάτοο
683 2093 803 2174 Σύρου]
824 2099 928 2158 Auast.
944 2097 1019 2180 ch.
1041 2103 1101 2158 etc.
1122 2100 1240 2183 nequis.

149 2179 219 2240 simi
236 2179 321 2259 Syri,
343 2199 401 2241 uec
422 2179 504 2241 bene
524 2181 639 2256 Isauri,
663 2180 749 2262 quod
774 2181 933 2243 redditum
956 2189 1010 2242 est.
1051 2181 1187 2263 positum
1210 2179 1241 2240 id

148 2283 211 2343 pro
232 2261 482 2360 Eutychianistu,
515 2283 568 2322 seu
592 2263 739 2338 incubitu,
761 2263 848 2346 quod
870 2272 960 2325 eruut
980 2264 1141 2325 maximam
1164 2284 1241 2346 per-

147 2355 213 2407 tem
232 2345 327 2430 Syri,
362 2366 399 2406 ec
420 2345 588 2406 audiebant
616 2344 841 2420 iconoclastue;
870 2347 924 2429 qni
953 2356 985 2407 et
1018 2347 1077 2427 ipsi
1099 2346 1239 2408 tollendo

147 2429 305 2513 imagines,
327 2427 551 2492 incarnationis
565 2429 730 2491 veritatem
751 2429 920 2500 tollerent3
944 2449 1008 2511 quo
1029 2449 1082 2492 eos
1104 2430 1241 2507 nomine,

147 2521 181 2575 et
205 2522 241 2575 ut
261 2532 355 2576 veros
375 2508 519 2592 Δοκήτος
542 2514 645 2573 munis
666 2513 800 2594 exagitat
821 2514 851 2572 S.
873 2511 1000 2593 Niceph.
1026 2512 1058 2571 in
1080 2512 1240 2575 antirrhe-

148 2596 229 2674 ticis,
250 2596 349 2679 dignis
370 2606 457 2660 cene
478 2617 557 2677 quae
581 2597 749 2679 aiiquundo
772 2597 861 2657 Latio
886 2596 1000 2657 donate
1020 2596 1097 2657 fiunt
1119 2597 1239 2679 publici

148 2679 235 2741 iuris.
256 2673 389 2759 ἀνδριὰς
409 2680 465 2740 τοῦ
491 2676 630 2757 μεγάλου
663 2676 847 2741 Θεοδοσίου.
889 2699 953 2738 nou
976 2699 1038 2739 esse
1056 2678 1140 2739 hunc
1163 2680 1241 2741 inte.

169 2785 240 2824 rum
261 2762 460 2844 Theophanis
492 2772 628 2839 textum,
657 2762 710 2823 sed
733 2763 792 2824 uiis
815 2782 942 2847 quoqne
970 2762 1126 2844 scripsisse
1160 2786 1242 2847 qune

148 2784 183 2906 0.
208 2844 336 2928 Niceph.
358 2846 461 2923 habet,
480 2856 517 2907 ut
535 2844 574 2907 de
596 2844 721 2907 Arcadii
743 2854 844 2908 stutun
868 2845 907 2907 ud
933 2845 1150 2930 Xeroluphum
1173 2846 1241 2907 coi.

150 2929 255 3011 inpsu,
286 2930 386 3013 liquet
413 2950 449 2989 er
479 2930 585 2991 Auust.
615 2929 757 3011 pleniore
787 2930 864 2992 haee
895 2930 1067 3007 referente,
1100 2930 1185 3015 qnod
1206 2932 1241 2997 P.

153 3014 242 3073 Goer
265 3032 330 3071 nou
350 3010 497 3074 advertit.

231 3117 316 3185 ibici.
341 3121 390 3187 16.
432 3116 468 3181 ie
486 3107 508 3201 ᾗ
528 3118 590 3195 nia
609 3110 752 3201 διεσώθη
782 3114 941 3200 ἐκκλησία]
962 3122 997 3183 in
1014 3138 1077 3204 qna
1097 3120 1166 3183 sola
1189 3140 1241 3181 ec·

147 3201 242 3264 etesia
258 3214 386 3264 somata
398 3214 441 3263 est
449 3224 463 3278 ,·
483 3203 585 3263 maior
596 3202 722 3278 scilieet,
745 3222 783 3263 uc
794 3201 1002 3264 Nieeenornm
1013 3212 1140 3283 petrum
1161 3224 1242 3263 con·

146 3294 264 3357 ventu.
295 3284 449 3369 pictisque
480 3286 666 3368 imaginibus
695 3284 837 3347 celebris.
874 3282 968 3361 ὑμεῖς
996 3284 1051 3347 οὐκ
1068 3285 1239 3367 εοόορεῖτε.

146 3370 191 3429 sic
213 3368 295 3436 bene
314 3369 406 3452 Peyr.
428 3368 602 3469 legeritrpue
625 3373 729 3432 Anni.
749 3390 804 3429 vos
823 3387 883 3429 non
901 3370 1020 3429 calais.
1041 3368 1135 3431 Cedr.
1156 3388 1241 3451 quo-

149 3471 234 3535 que:
257 3448 352 3528 ὖμοῖς
382 3442 413 3513 oi
433 3471 492 3531 της
522 3454 643 3524 πολεως
668 3449 861 3514 οἷδοοοτεῖτε.
902 3472 956 3515 vos
974 3454 1053 3513 cives
1072 3474 1132 3515 non
1152 3454 1241 3515 vata

146 3537 193 3596 tsi.
215 3528 297 3596 nard
318 3528 463 3596 ὁλοκᾶττν
493 3532 682 3616 estepano.
723 3535 768 3598 sic
799 3534 874 3617 Reg.
898 3535 1074 3598 necvuriue
1094 3536 1241 3600 ieetiones

148 3618 201 3679 hic
221 3617 456 3701 confingendae·

230 3720 304 3798 635,
323 3722 380 3787 9οτ
421 3719 502 3786 rard
525 3741 562 3784 re
582 3721 740 3796 Σικελίαν]
770 3721 813 3784 sic
847 3744 952 3788 omues
972 3723 1066 3789 codd.
1087 3724 1142 3787 ubi
1162 3724 1242 3787 niele

147 3806 267 3868 editum
287 3807 430 3888 Σορίονε
470 3807 569 3869 refert
602 3806 685 3868 enim
710 3806 795 3868 dicte
823 3806 935 3869 Leonis
966 3830 1015 3871 en.
1047 3811 1086 3877 16
1108 3830 1188 3909 guae
1209 3818 1243 3871 ct

147 3888 240 3954 Cedr-
264 3892 394 3964 recitnt3
417 3910 528 3971 nempe
549 3880 671 3972 φόρους
702 3890 880 3968 κεφολικῶς
901 3890 1062 3955 ἐπιθεῖναι
1081 3912 1123 3979 τῳ
1145 3890 1242 3979 τρίτῳ

147 3976 239 4052 μόρα
257 3973 315 4034 τοῦ
335 3974 390 4053 τῆς
412 3974 574 4054 Σικελίας,
595 3972 651 4032 nni
669 3970 860 4050 Κολαβρίος
881 3973 972 4034 λαοῦ·
1015 3996 1118 4036 aensrn
1140 3976 1242 4059 impo-

145 4058 236 4118 nasse
268 4058 426 4139 capitatim
447 4055 620 4141 pendemlor
647 4058 753 4117 tertiae
784 4059 877 4135 parti
908 4058 1020 4144 popuii
1045 4058 1177 4121 Siciliae
1184 4103 1195 4137 ‚
1213 4072 1243 4120 et

149 4137 335 4284 galahriane
368 4162 450 4224 quus
475 4140 561 4205 solen
588 4138 655 4202 iere
678 4137 744 4201 eius
767 4136 892 4202 ditionis
911 4141 942 4201 in
965 4140 1138 4206 Occidente
1160 4140 1240 4205 resi.

173 4244 230 4285 ine
250 4230 350 4285 erunt.
