3050 4900
490 311 543 374 EX
571 310 831 376 THEOPllANE.
1149 303 1198 376 97

136 476 303 540 Gerenicbus
332 449 524 542 Bonilaelurn
556 481 709 542 insecutus
729 491 795 562 est,
825 501 909 542 nirnc
941 501 1017 544 vero
1039 481 1303 552 Belisariuspttlt

135 563 315 628 Gelimerem.
355 571 520 646 praeterea
542 572 591 626 tot
610 565 757 646 pecunias
777 565 947 626 multitudo
982 566 1102 646 reperit
1124 571 1203 648 quot
1211 573 1303 645 paca
1322 568 1357 623 tt

134 647 159 704 in
180 647 259 706 nullo
283 647 352 706 loco
369 667 506 730 unquam
527 669 590 708 esse
613 649 797 730 contigerat.
839 647 973 732 denique
988 651 1204 710 Romanorum

133 729 329 810 principatum
349 727 573 812 depopulantes
593 733 739 812 pecunias
768 731 878 792 multas
900 734 930 792 in
953 733 1083 816 Libyam
1104 741 1206 794 traus-

134 811 270 876 tulcrunt.
315 821 346 873 et
366 833 438 874 curn
458 816 520 894 ipsa
542 815 629 897 regio
651 815 769 898 optima
789 823 821 876 et
841 815 973 876 secunda
994 823 1087 891 essct,
1107 835 1206 898 pecu-

133 896 242 956 niarum
261 895 378 958 reditus
400 897 441 957 eis
465 895 565 958 allecti
596 908 668 960 sunt
697 897 796 960 multi.
845 899 1013 982 nonaginta
1035 900 1153 984 quippe
1175 905 1208 958 et

132 979 259 1063 quinque
280 980 366 1040 annis
380 977 511 1041 Vandali
529 980 658 1064 Libyam
682 989 867 1054 tenuerunt;
890 992 922 1044 et
942 1003 1013 1043 cnm
1024 982 1136 1043 multas
1156 979 1211 1063 ‹li-¹

133 1063 209 1122 vitias
228 1063 290 1124 coll
330 1065 439 1139 issent,
475 1063 505 1124 in
530 1063 580 1124 illa
615 1065 665 1127 die
686 1065 717 1125 in
739 1066 954 1127 Romanorum
973 1087 1080 1126 manus
1103 1064 1307 1139 omnesp³⁰⁵

133 1145 245 1206 divitiae
277 1085 449 1208 ebiberunt.
492 1147 522 1207 in
544 1147 645 1209 tribus
673 1149 753 1208 enim
778 1149 930 1210 mensibus
952 1169 1022 1210 curn
1044 1159 1209 1232 pugnasset

133 1229 300 1306 belisarius,
333 1229 363 1290 id
387 1238 469 1290 esta
498 1229 633 1292 calendis
655 1232 847 1292 Octobribus
880 1231 1037 1316 usquead
1069 1231 1209 1294 calendas

133 1313 340 1390 Decembrias,
362 1321 461 1374 totam
483 1313 610 1411 Libyam
632 1314 779 1376 subdidit.
833 1317 917 1376 misit
938 1327 1042 1377 auteur
1062 1318 1210 1376 loannem

132 1399 300 1458 Arureniunr
321 1417 393 1456 cum
422 1397 561 1459 ducentis
586 1399 689 1460 electis
720 1399 862 1480 persequi
885 1399 1088 1476 Gelimerern,
1110 1399 1212 1460 dorice

133 1501 193 1540 eom
214 1481 319 1542 vivum
335 1489 389 1540 aut
406 1489 568 1542 mortuum
581 1481 883 1562 comprehenderet;
906 1483 961 1565 qni
974 1503 1209 1563 praeoccupans

133 1563 310 1626 Gelimerem
343 1563 622 1646 comprehensurus
653 1575 737 1643 crat,
761 1567 816 1625 nisi
838 1587 887 1626 res
908 1566 1086 1647 contigisset
1104 1563 1212 1624 buius·

134 1647 219 1708 modi.
262 1647 405 1708 Huliares
429 1646 554 1730 quidam
574 1669 611 1708 er
631 1647 771 1708 Belisarii
800 1648 959 1731 armigeris
979 1655 1048 1709 erat
1067 1643 1138 1708 cum
1158 1649 1212 1706 lo.

134 1750 216 1802 anne;
240 1730 393 1813 quirino
418 1731 604 1808 inebriatus,
625 1730 730 1792 videns
758 1753 846 1792 avem
874 1753 969 1814 snper
991 1732 1138 1792 arborem
1161 1731 1212 1811 ing

133 1813 282 1890 sidentem,
315 1823 402 1875 tenso
426 1835 502 1876 arcu
524 1814 596 1876 iecit
616 1813 761 1876 adversus
784 1837 880 1876 avem.
922 1824 955 1876 et
977 1821 1065 1875 avem
1085 1811 1213 1898 quidem

132 1907 303 1960 comecutus
325 1917 388 1959 non
411 1906 476 1976 est,
499 1899 645 1960 loannem
666 1918 742 1960 vero
772 1909 861 1960 retro
883 1899 914 1959 in
938 1899 1062 1960 cervice
1083 1917 1215 1980 percus-

132 1981 177 2052 sit;
199 1983 252 2064 qui
288 1982 426 2064 plagatus
446 1989 670 2057 murmurari,
702 1982 836 2042 multum
856 1982 974 2043 luctum
993 1992 1057 2043 tam
1076 1981 1214 2063 impera-

132 2064 187 2124 tori
206 2065 374 2125 lnstiniano
396 2071 427 2124 et
442 2063 589 2126 Belisario
635 2087 706 2126 uam
726 2067 844 2126 cunctis
862 2066 1008 2127 Romanis
1027 2074 1060 2126 et
1080 2061 1212 2126 Cartha-

132 2147 297 2226 ginensibus
318 2145 545 2230 derelinquens.
587 2086 844 2210 talitechlimer
863 2149 1008 2232 effugiens
1030 2147 1081 2208 illa
1101 2146 1152 2209 die
1173 2146 1214 2208 ad

131 2231 296 2292 Maurusios
318 2231 520 2312 properavit;
545 2252 638 2314 quern
659 2231 824 2292 Bolisarius
852 2241 1032 2310 persecutus
1051 2233 1082 2292 in
1103 2233 1213 2313 Papua

131 2323 235 2391 monte,
262 2315 295 2374 in
319 2313 487 2374 novissimis
510 2314 694 2390 Numidiae,
715 2314 942 2393 circumclusit,
966 2315 1049 2376 bunc
1071 2315 1214 2376 obsidens

130 2415 180 2477 per
200 2399 346 2474 iriensem,
367 2397 578 2459 deficientibus
594 2397 622 2459 ei
646 2397 788 2461 omnibus
808 2399 999 2460 necessariis:
1022 2399 1110 2481 panis
1130 2397 1215 2459 enim

129 2482 203 2561 apud
223 2480 402 2543 Maurusios
429 2502 491 2541 non
516 2482 552 2542 bt
575 2502 676 2563 neque
706 2482 813 2541 vinum
836 2503 937 2563 neque
960 2482 1141 2559 olcnm,sed
1165 2482 1215 2541 lar

130 2572 157 2623 et
173 2564 329 2627 hordeum
358 2563 580 2637 immaturum,
617 2573 651 2624 ut
685 2562 913 2625 irrationabilia
933 2564 1083 2642 animalia,
1104 2574 1310 2647 come-pbtlti

129 2644 206 2709 dunt
247 2647 298 2709 his
320 2648 457 2709 Gelimer
479 2647 617 2709 incidens
649 2646 758 2711 scribit
779 2645 818 2709 ad
839 2648 956 2726 Faran,
975 2668 1068 2731 quem
1088 2646 1215 2708 dimise-

129 2740 173 2791 rat
192 2731 359 2793 Belisurius
381 2732 421 2793 ad
442 2730 679 2793 custodiendum
701 2728 784 2809 eum,
809 2740 846 2793 ut
866 2731 1006 2793 mitteret
1026 2728 1085 2793 sibi
1110 2730 1214 2792 citba-
1310 2808 1314 2811 ἡ

128 2834 187 2873 rain
206 2822 238 2875 et
262 2836 374 2897 panem
408 2824 558 2876 unumst
580 2813 751 2897 spongiam.
800 2814 895 2875 Faras
921 2822 1025 2876 autem
1043 2812 1214 2877 baesitabat

128 2898 272 2978 quidnam
295 2905 373 2959 esset
392 2896 462 2974 boc,
483 2897 584 2960 donec
628 2899 660 2957 ui
681 2897 838 2959 detulerat
856 2897 1017 2981 epistolam
1039 2894 1116 2960 dixit
1138 2898 1212 2982 quia

128 3000 230 3059 panem
254 2982 383 3065 quidem
406 2980 561 3041 desiderat
581 2922 688 3043 videre
711 2979 867 3059 Gelimer,
887 3004 951 3043 non
972 2980 1077 3044 videns
1099 3004 1212 3064 panem

128 3084 159 3124 ex
178 3086 241 3147 quo
268 3064 405 3127 ascendit
429 3064 459 3124 in
473 3072 620 3143 montem,
643 3064 809 3149 spongiam
830 3073 935 3127 autem
948 3074 1082 3147 propter
1104 3066 1212 3127 oculos

127 3166 182 3209 non
203 3150 287 3211 lotos
311 3169 346 3210 ac
369 3168 427 3230 per
448 3146 511 3208 boc
533 3147 649 3227 laesos,
671 3158 824 3233 quatenus
843 3146 901 3210 bos
923 3148 1062 3211 sinceros
1081 3168 1138 3229 spo
1162 3148 1211 3207 oia

127 3230 241 3311 reddat,
263 3252 363 3313 porro
385 3228 545 3307 citharam,
567 3241 603 3292 ut
618 3230 826 3295 calamitatem
845 3237 878 3293 ct
896 3232 1084 3293 lamentetur
1103 3238 1135 3291 et
1176 3252 1211 3291 e.

126 3312 203 3378 lleat.
257 3314 304 3376 bis
333 3314 445 3375 auditis
473 3315 566 3375 Feros
596 3313 783 3391 condoleus,
810 3323 843 3375 et
862 3313 1022 3375 fortunam
1043 3311 1210 3373 bumanarn

125 3396 300 3479 deplorans,
323 3397 492 3461 secundnm
506 3398 569 3460 eius
590 3398 707 3480 scripta
726 3397 869 3473 faciebat,
887 3404 921 3458 et
940 3396 1046 3458 omnia
1066 3396 1211 3458 mittebat

124 3486 362 3566 quaecunquc*)
389 3482 526 3543 Gelimer
547 3481 666 3564 egebat.
708 3491 872 3563 praeterea
893 3498 965 3541 cum
985 3479 1082 3542 biems
1106 3488 1210 3541 trans.

123 3564 216 3643 iisset,
239 3572 377 3627 metuens
399 3564 537 3627 Gelimer
567 3564 772 3626 obsidionem*
785 3564 1018 3646 Romanorum,
1042 3570 1074 3624 et
1095 3583 1210 3645 cogno·

125 3656 228 3711 torum
249 3648 392 3711 misertus
413 3648 570 3724 liliorum,
601 3646 656 3731 qui
682 3668 803 3709 vermes
833 3646 863 3706 iu
884 3644 990 3708 eadem
1017 3645 1141 3707 miseria
1161 3646 1209 3705 fe.

123 3740 254 3811 cerant,
281 3730 442 3793 dissolutus
473 3742 519 3793 est
548 3740 669 3811 mente,
689 3740 722 3793 et
748 3730 789 3792 ad
811 3730 914 3791 Faran
944 3729 1102 3809 rescripsit
1123 3726 1208 3810 quod

125 3812 192 3877 sulci
214 3816 315 3879 verbo
337 3825 465 3898 recepto
491 3815 575 3897 ipse,
596 3824 628 3877 ct
661 3814 716 3898 qui
743 3835 847 3877 secum
876 3821 992 3893 erant,
1025 3810 1064 3874 ad
1096 3811 1209 3874 Belisa-

159 4030 184 4099 ')
202 4034 394 4099 quaecuuque]
410 4028 477 4082 Cato
487 4044 530 4099 ap.
546 4028 576 4081 Α.
591 4027 710 4081 Gellium
721 4028 754 4080 13
767 4028 815 4081 22:
834 4027 897 4099 qnia
914 4024 997 4077 multa
1015 4040 1091 4092 egeo.
1127 4024 1208 4076 Plan-

195 4097 413 4151 tusMenaecbm.
431 4100 505 4153 acet
527 4114 563 4151 se.
577 4100 610 4153 2:
627 4116 678 4153 uec
695 4098 843 4171 quidquam
856 4113 927 4165 eges.
963 4096 1111 4157 Priscianus
1131 4097 1149 4148 l.
1162 4096 1206 4147 ¹8:

192 4170 288 4233 nostri,
307 4186 373 4239 egeo
393 4170 467 4223 illius
485 4170 525 4224 rei
543 4178 571 4224 et
589 4170 663 4224 illam
681 4186 736 4224 rem
754 4179 782 4222 et
799 4170 848 4221 illa
867 4184 905 4221 re.
942 4164 1021 4219 Fau.

229 4280 408 4355 neoptanes
425 4284 464 4338 11.
1005 4276 1020 4331 l
