3050 4900
637 288 785 353 NOTAE.
1181 289 1252 356 533

162 464 329 540 sciverant)
351 466 504 527 caelavere
521 466 769 549 proiiciedantur.
812 466 851 529 de
865 465 970 527 iisdem
988 468 1102 528 iterum
1124 468 1252 531 inferius

165 570 234 631 pag.
255 544 328 609 367.

243 651 323 737 648,
348 652 398 716 17.
441 650 651 730 ἐπόμπευσεν]
684 656 811 736 exponit
841 656 1044 738 Nicephorns‚
1066 654 1160 718 adaia
1181 678 1249 735 χιι·

160 736 292 815 patient·
333 734 390 797 καί
406 732 466 797 miv
488 744 550 807 ισῖς
572 732 674 799 υἱέσιν
695 738 796 799 αὐτοῦ
810 738 964 818 δεσμόιας
983 739 1036 801 e'nl
1057 738 1174 821 ἀγῶνας
1194 738 1248 801 in.

162 818 256 881 πικσῦ
275 818 372 881 ἕλκων
395 814 596 899 θριαμβεύει.

241 924 312 1005 649,
322 926 354 989 7.
396 922 680 1010 Δαχάκ]1)ιισ1ιαῐα
696 930 881 1011 pronuntiat
903 931 1087 1007 Anastasius,
1109 941 1142 990 ut
1155 929 1248 991 Χαλ-

158 1006 310 1177 Ξὲἔισὲιξίἑ
326 1010 510 1073 Clalbenos:
546 1010 585 1073 de
611 1014 721 1095 quibus
749 1012 950 1075 Ecchellensis
973 1013 1011 1075 de
1034 1014 1170 1074 Arabum
1191 1037 1248 1097 ge·

239 1208 328 1273 Idid.
372 1200 468 1271 δτιόν
485 1208 698 1293 ’Apamena
718 1212 866 1274 lemnias
877 1210 959 1275 inter
979 1212 1056 1275 Caisi
1078 1212 1157 1273 lilios
1178 1234 1247 1276 ισσ-

159 1302 264 1353 morat
294 1292 507 1355 Ecchcllensis.
555 1296 631 1357 haec
665 1317 765 1375 porro
799 1298 841 1355 ita
872 1298 968 1358 vertit
994 1297 1185 1370 Anastasius,
1209 1306 1245 1359 ut

154 1376 270 1521 giiiidi
288 1391 392 1439 contra
412 1378 570 1460 Marcam,
590 1393 620 1441 et
638 1380 783 1441 Dackate
802 1380 987 1442 Raritensem
1006 1380 1243 1443 arma‘movisse

238 1572 309 1652 650,
332 1574 362 1641 8.
405 1572 460 1637 καὶ
479 1569 508 1635 oi
531 1572 770 1639 Ἦλιουαολῖται
790 1577 846 1639 καί
864 1577 1090 1659 Δαμασκηναί]
1111 1576 1186 1639 hacc
1209 1577 1240 1639 in

155 1658 282 1741 reliquis
310 1658 466 1719 codicibus
496 1659 575 1721 lecta
606 1669 638 1723 et
668 1662 706 1722 ab
726 1663 883 1723 Anastasio
905 1663 1000 1723 iatine
1031 1661 1151 1722 reddita
1176 1682 1239 1724 non

154 1740 308 1803 extantia
331 1741 438 1825 Regio.

235 1858 319 1921 lbid.
341 1856 391 1919 19.
434 1852 468 1920 ἐν
495 1859 662 1945 Βυζαντίῳ
682 1855 862 1944 μετῴκισεν]
890 1858 1015 1920 immani
1045 1857 1186 1920 vastitate
1208 1860 1239 1921 in

153 1938 264 2003 arbem
289 1948 321 2003 ct
340 1941 505 2003 Thraciam
536 1944 728 2025 pestilentiae
759 1943 787 2002 vi
820 1943 903 2004 illata
935 1942 1068 2005 ‹lesertas
1100 1942 1239 2005 civitates

153 2022 239 2085 novis
261 2024 369 2085 incolis
391 2026 663 2109 frequentaturum
693 2028 927 2111 Capronymum
959 2048 994 2087 ex
1015 2028 1183 2109 provinciis
1208 2036 1240 2088 et

154 2107 257 2169 insulis
279 2110 435 2170 Romanae
480 2110 604 2171 otestati
630 2109 774 2171 subiectis
802 2109 940 2171 homines
963 2111 1106 2173 excivisse
1129 2117 1239 2171 narrat
1280 2158 1284 2167 .

151 2190 342 2272 Nicephorns
363 2213 431 2273 pag.
453 2131 502 2252 61.
525 2213 634 2253 verum
654 2192 856 2274 pestilentiae,
877 2215 970 2276 quam
993 2216 1089 2255 annus
1109 2214 1238 2277 sequens

153 2273 233 2351 tulit,
256 2272 562 2372 stragircparandac
593 2276 623 2337 id
647 2278 750 2338 fecisse
772 2282 912 2337 testatur.
957 2277 1105 2339 videndus
1126 2286 1237 2338 auctor

155 2357 194 2417 ad
215 2380 329 2418 annum
353 2380 427 2440 nnp.
450 2356 539 2420 huius
564 2356 610 2419 15.

233 2481 318 2544 Ibid.
335 2481 383 2544 20.
404 2483 642 2564 μσισφσσίταις]
664 2482 718 2566 qui
737 2482 799 2544 sint
812 2482 938 2564 exponit
955 2491 1069 2546 auctor
1086 2483 1125 2544 ad
1144 2505 1236 2566 prae-

150 2565 248 2626 latum
269 2588 392 2628 annum.
436 2575 529 2628 notae
551 2588 610 2627 una
635 2567 724 2627 simul
749 2567 934 2628 lustrandae.

231 2671 302 2752 651,
326 2673 354 2734 2.
395 2669 451 2755 τήν
469 2670 583 2753 τριάδα
603 2673 825 2750 σταυρσῦνιες]
850 2673 935 2757 quod
947 2672 1076 2756 hymnus
1095 2681 1146 2735 ter
1166 2694 1235 2733 sen.

150 2763 216 2816 clus
240 2755 272 2817 in
293 2757 337 2818 lais
351 2759 453 2820 verbis
477 2757 515 2818 ab
537 2758 651 2838 angelis
671 2768 856 2838 conceptus:
878 2771 998 2818 sannas
1017 2757 1097 2833 deus,
1115 2770 1235 2818 sanctus

139 2837 246 2921 sortis,
270 2855 388 2901 sanctus
409 2855 439 2902 et
457 2842 648 2916 immortalis,
671 2841 927 2902 misererenodis:
950 2839 1040 2900 etad
1061 2840 1163 2914 dcam,
1179 2838 1232 2922 qai

148 2925 248 2983 trinus
271 2932 324 3000 est,
345 2933 376 2985 et
397 2923 516 2984 unitate
530 2923 644 3002 gaudet
657 2923 780 2999 relatus,
801 2924 839 2984 ab
859 2923 900 2984 eis
913 2924 1137 2984 incrementum
1152 2921 1233 2984 istud

148 3005 321 3088 acceperit:
350 3008 404 3090 qui
428 3005 595 3086 crucafioem
616 3029 647 3067 es
666 3007 835 3089 protendis,
855 3008 997 3068 maierere
1014 3007 1120 3069 nobis.-
1145 3007 1233 3088 qnasi

148 3087 221 3150 deus
242 3089 374 3172 propria
395 3091 426 3150 in
448 3089 616 3151 substantia
638 3111 739 3172 passas
755 3092 864 3152 luerit.

229 3197 310 3262 Ilid.
335 3193 383 3260 14.
435 3193 592 3278 lapicidae
615 3191 723 3280 νόσος]
757 3219 866 3282 parem
894 3198 958 3260 eius
991 3193 1231 3277 descriptionem

147 3281 273 3364 profert
292 3279 482 3364 Nicephoras
504 3303 575 3364 pag.
602 3279 651 3342 40.

228 3389 310 3453 Ibid.
335 3387 382 3451 17.
423 3377 521 3468 ἦλθεν
543 3387 584 3449 δι’
605 3381 679 3469 ὅλης
699 3385 753 3465 τῆς
774 3379 816 3447 ιδ’
832 3383 1036 3463 licentiosae]
1059 3408 1138 3468 quae
1157 3387 1230 3445 anni
1307 3446 1309 3451 ,

144 3471 314 3552 superioris
336 3481 409 3533 nota
424 3479 478 3548 est,
498 3483 533 3532 ut
555 3472 780 3555 quintadecima
804 3470 980 3551 praesentis.
1024 3491 1086 3529 uno
1111 3478 1230 3529 tantum

145 3577 227 3616 anno
250 3555 332 3617 luem
355 3565 521 3638 grassatam
541 3577 611 3616 cum
624 3575 787 3616 numerosa
807 3561 919 3636 strage,
940 3553 1089 3634 paulatim
1111 3552 1232 3615 desiisse

145 3645 256 3700 narrat
275 3639 482 3721 Nicephoras.

227 3741 299 3824 652,
321 3745 350 3811 9.
400 3743 575 3830 φαντασίαι
605 3741 650 3815 εἰς
673 3735 890 3814 adiicienda
913 3735 1102 3825 ἀνθρώπων]
1124 3733 1230 3822 ai'enep

145 3825 182 3888 dl
200 3823 396 3912 ἐξεστηκότες
428 3828 474 3914 τῷ
501 3825 567 3888 δέει
602 3819 633 3887 oi
659 3816 844 3906 ἅνθρωποι,
877 3821 934 3885 καί
953 3821 1256 3906 φαντασιοδμινσι,“

144 3906 276 3974 ἐδόκουν
296 3905 405 3986 αὐτοῖς
421 3907 464 3984 ὥς
485 3909 657 3987 §banterani
675 3904 867 3970 nvindaim.

223 4025 295 4106 653,
316 4025 346 4088 3.
387 4021 449 4089 aiud
471 4021 736 4106 τετρακαιδήλσσ]
768 4033 803 4084 ut
822 4021 976 4103 καιδὴλια
998 4021 1128 4084 clitellae
1145 4029 1226 4095 aunt,

142 4107 184 4173 ita
205 4107 457 4196 τετραιιάνθηλσν
468 4109 642 4174 machinam
658 4115 811 4194 quattuor
824 4107 1001 4169 animalium
1022 4107 1052 4166 in
1075 4103 1230 4188 quadrum
