3050 4900
254 1050 591 1122 TESTIMONIA
629 1055 696 1122 DE
738 1055 1037 1131 ANASTASIO

412 1243 870 1317 BlBLlOTHECARlO.

540 1433 734 1454 “““”--

145 1573 172 1636 S.
191 1575 343 1640 Anselmus
362 1577 499 1642 Lucernis
516 1578 593 1640 libro
612 1578 631 1641 9
650 1591 752 1643 conuu
777 1579 949 1644 Gutbestum
967 1585 1151 1669 asmpapam.

126 1745 298 1838 Anastasius
309 1775 343 1837 S.
366 1775 682 1840 acclesiaellomanae
695 1776 949 1841 bibliothecarius
971 1780 1004 1840 in
1023 1781 1182 1861 chronica,

117 1877 193 1939 quam
212 1860 250 1922 de
273 1863 396 1922 Graeco
409 1861 451 1920 ¹in
469 1861 612 1923 Latinum
638 1883 813 1924 sermonem
833 1863 1002 1943 transtulit,
1025 1887 1182 1950 quamque

115 1959 143 2000 ex
161 1941 363 2006 vetustissimis
394 1944 550 2006 chronicis
574 1947 768 2007 Graecorum
788 1947 1034 2027 compilaverunt
1053 1950 1183 2032 quidam

115 2022 209 2087 Graeci
231 2027 280 2090 dei
302 2026 458 2103 cultores,
485 2025 690 2108 'theophanes
719 2029 836 2092 scilicet
866 2038 898 2091 et
919 2031 1081 2114 Georgius,
1103 2053 1183 2116 quos

114 2103 179 2168 idem
197 2111 227 2170 in
248 2107 385 2173 eiusdem
407 2109 482 2170 libri
512 2111 706 2193 praefatione
734 2113 822 2176 miris
843 2113 984 2175 laudibus
1005 2115 1129 2192 attollit,
1150 2115 1182 2176 in

114 2190 202 2254 eadem
221 2193 349 2278 inquam
370 2191 519 2256 chronica
540 2193 579 2258 de
600 2197 732 2278 imperio
746 2197 893 2260 Anastasii
915 2197 960 2259 sic
972 2197 1056 2260 inter
1077 2205 1182 2263 cetera

112 2275 212 2339 arbit

112 2444 183 2511 Haec
201 2449 346 2513 hahentur
373 2454 408 2515 t'n
429 2453 493 2514 vata
513 2449 638 2515 Iamno
659 2449 774 2533 VIII,
793 2476 869 2539 quae
889 2456 1028 2517 ἰηεεηῖιιν
1048 2456 1179 2519 Anasta·

233 2560 299 2635 sio,
316 2570 387 2645 post
408 2561 502 2621 uitam
530 2558 669 2621 Adriani
686 2558 742 2637 II,
766 2560 908 2642 tullegio
926 2562 1035 2622 audace.

175 2700 209 2761 ln
231 2701 367 2763 Galliam
399 2700 563 2762 transitum
596 2700 711 2763 inciens
738 2721 820 2762 auno
847 2700 963 2763 incarn.
985 2702 1081 2763 Dom.
1106 2700 1178 2782 679,

111 2778 141 2841 15
157 2782 212 2846 hal.
234 2786 414 2867 Septemb,
435 2784 542 2846 indict.
568 2782 618 2861 11,
639 2804 719 2845 anno
739 2784 939 2867 pontificatus
957 2785 1005 2845 sui
1026 2786 1057 2847 in
1072 2807 1179 2847 sacra.

108 2864 203 2928 tissima
222 2870 297 2931 sade
317 2870 350 2930 B.
371 2869 458 2931 Petri
489 2867 620 2949 apostoli
640 2864 670 2946 6,
701 2868 783 2949 apud
805 2870 929 2946 Trecas,
948 2868 980 2929 io
1003 2870 1178 2951 praesentia

107 2947 209 3011 domini
223 2953 395 3033 Ludovici‚
418 2951 610 3013 serenissimi
637 2950 733 3033 regis,
766 2952 933 3011 concilium
954 2953 1178 3033 permaximum

106 3034 269 3097 celebravit.
324 3035 413 3097 huius
442 3034 535 3096 etiam
565 3034 760 3114 temporibus
785 3032 895 3094 lloruit
915 3036 1088 3097 Anastasius
1109 3039 1177 3098 Ro.

105 3134 198 3180 manae
218 3119 365 3182 ecclesiae
396 3117 660 3194 bibliothecarius,
692 3118 832 3201 quitum
854 3121 978 3180 Graeco
1023 3140 1094 3179 uam
1115 3120 1177 3179 La.

105 3198 160 3259 tino
176 3202 302 3287 eloquio
313 3202 431 3285 polleas
451 3202 612 3283 septimam
622 3201 825 3263 universalem
834 3201 987 3285 synodum
1000 3140 1039 3264 de
1052 3204 1177 3263 Graeco

105 3280 129 3341 in
147 3286 305 3361 Latinum,
337 3286 403 3368 ipso
424 3284 551 3346 iubente
578 3284 743 3345 transtulit
800 3285 958 3346 transtulit
987 3283 1026 3346 de
1054 3286 1178 3348 Graeco

101 3365 180 3428 etiam
201 3369 232 3429 in
255 3370 400 3430 Latinum
425 3365 613 3429 lerarchiam
635 3366 779 3451 Dionysii
805 3368 1013 3451 Ariopagitae,
1035 3367 1176 3431 Athena.

102 3468 162 3509 rum
181 3452 331 3533 episcopi,
350 3451 496 3533 scriptam
519 3449 558 3511 ad
579 3450 777 3513 Timotheum
799 3451 980 3534 episcopum
1000 3452 1125 3534 Ephesi,
1145 3462 1178 3515 et

100 3530 199 3595 direxit
221 3536 343 3596 Karolo
374 3533 571 3617 imperatori.
621 3516 779 3595 transtulit
811 3536 904 3595 etiam
932 3533 971 3595 de
1000 3538 1122 3597 Graeco
1145 3537 1177 3597 iu
1271 3611 1274 3618 ν

100 3612 230 3679 Latinum
250 3614 424 3701 passionem
435 3618 467 3684 S.
488 3617 575 3679 Petri
588 3614 784 3678 Alexandrini
806 3616 1042 3701 archiepiscopi,
1063 3628 1178 3699 etpos-

99 3698 204 3762 sionem
232 3703 265 3763 8.
289 3704 391 3765 Aeacii
425 3702 646 3784 sociorumque
680 3700 764 3777 eius,
784 3708 818 3764 et
838 3700 933 3764 vitam
953 3703 1077 3766 loannis
1098 3701 1177 3764 eloc-

102 3800 273 3868 mosynarts.
686 3802 690 3815 ’

519 4014 719 4029 m
