3050 4900
303 357 377 431 418
675 367 714 427 ΙΝ
744 363 1020 428 ΤΗΕΟΡΗΑΝΕΜ

303 539 429 600 collinus
450 557 561 598 comes.
611 545 763 618 quattuor
798 535 886 598 addit
920 534 1017 596 codex
1052 535 1117 600 l‘ul.
1139 523 1394 618 quattuordecim

302 625 430 708 Peyrcz.

387 728 464 805 953,
485 726 531 786 18.
575 724 777 801 ἐβασιὶεοοον
794 723 970 809 ’1οοιιτῖνος]
992 725 1069 788 hooc
1091 726 1197 788 iisdem
1219 745 1299 808 pene
1319 749 1391 788 vcr-

302 814 348 874 bis
366 810 553 872 Theodotus
575 813 684 871 lector.

383 917 468 981 thid.
495 918 544 980 91.
587 919 667 988 τινὲς
688 915 724 978 δὲ
744 917 1051 998 puoi'vlclrronicon
1075 915 1243 978 Alexandr.

386 1026 457 1103 154,
479 1023 511 1088 6.
554 1023 690 1106 ζηλωτὴς
710 1023 881 1104 ὅρθοδὸξοο
910 1025 1053 1108 πίστεως]
1075 1023 1259 1086 Theodorus
1281 1023 1391 1086 lector.

384 1135 464 1198 Ibid-
484 1133 513 1196 9.
555 1130 746 1204 Βιτιιλιανός
767 1133 803 1194 δὲ
830 1129 848 1192 o‘
874 1131 1077 1213 προρρηθείς]
1106 1132 1301 1194 Marcellinus
1328 1133 1391 1194 hoc

304 1218 413 1282 codem
444 1239 536 1279 anno.
558 1216 730 1277 Vitalianus
750 1216 864 1298 Scytha
897 1217 1002 1276 lustini
1035 1217 1183 1298 principis
1214 1218 1329 1298 pietate
1351 1215 1391 1276 ad

305 1302 528 1384 rempublicam
552 1311 725 1371 revocatus,
746 1297 807 1360 ΕΡ.
829 1301 978 1444 inpressus
999 1311 1062 1361 est:
1087 1301 1281 1383 septimoque
1302 1321 1392 1362 rucc-

300 1387 417 1468 ptionis
436 1385 486 1447 die
509 1385 655 1466 magister
674 1383 802 1444 militiae
823 1405 861 1442 or
884 1384 993 1444 inatus.

385 1493 464 1555 thid.
492 1497 539 1558 ll·
587 1490 645 1552 κοτ’
671 1483 862 1566 ὑπατεῦσαι]
885 1490 970 1574 quod
1002 1511 1085 1552 anno
1118 1491 1224 1552 lustini
1255 1486 1391 1554 secundo

301 1576 445 1658 contigit,
468 1573 634 1636 lornaades
655 1573 693 1635 dc
714 1595 801 1656 regn.
827 1584 859 1636 et
880 1583 974 1656 temp.
994 1595 1119 1636 success.

386 1684 468 1746 ibid.
496 1685 544 1744 19.
587 1677 642 1742 sni
662 1680 785 1762 κόμηια
804 1681 1004 1762 Πρεσέντοο]
1041 1682 1187 1762 magister
1208 1681 1334 1744 militiae
1359 1682 1390 1741 in

299 1767 469 1841 Praesenti,
490 1769 555 1826 sive
577 1765 778 1826 Praesentulis
799 1765 971 1840 dicebatur,
994 1767 1046 1847 qui
1069 1767 1215 1826 Praesens
1238 1767 1310 1846 imp.
1331 1765 1391 1827 ols-

299 1851 407 1945 sequio
440 1849 605 1932 deputatus
633 1859 713 1909 erut.
768 1849 806 1910 do
834 1849 897 1908 eins
926 1849 1106 1911 muneribus
1134 1848 1326 1910 Pancirollns
1358 1848 1391 1908 ia

301 1943 368 1998 not.
393 1955 467 2014 imp.

380 2039 459 2103 laid.
483 2037 534 2098 13.
577 2027 658 2097 aiore
677 2035 732 2096 ιιωί
752 2031 891 2118 Σεύηρογ
913 2029 1099 2116 προστάξαι]
1122 2036 1273 2121 Euagrius
1294 2036 1345 2096 lib.
1370 2031 1392 2096 4

298 2140 366 2202 cap.
387 2117 419 2200 4,
442 2129 474 2182 cl
496 2121 659 2182 Liberatus
681 2121 712 2179 in
734 2119 893 2182 breviario
917 2141 984 2201 cap.
1009 2119 1056 2180 lll.

380 2241 450 2323 255,
473 2243 505 2305 9.
548 2241 755 2318 συνετάξαντο
785 2250 847 2315 τοῖς
875 2229 1053 2326 διπτύχοις]
1086 2254 1119 2304 ut
1139 2253 1242 2306 sancta
1264 2253 1386 2326 patrum

301 2325 428 2391 illorum
455 2325 626 2388 haberetur
653 2327 814 2402 memoria,
839 2338 871 2389 ct
891 2351 1002 2390 eornm
1025 2329 1140 2389 sancita
1169 2327 1392 2410 probarentur.

300 2409 373 2473 hinc
395 2419 521 2494 patrum
541 2410 679 2471 omniurn
702 2409 741 2471 ad
762 2409 898 2474 diversus
927 2411 1061 2494 synodos
1085 2411 1295 2474 oecumenicas
1314 2432 1392 2471 con-

300 2496 510 2570 venientium„
532 2516 591 2574 pro
620 2494 744 2562 svnodis
774 2496 897 2578 singulis
928 2498 1020 2557 festos
1040 2496 1133 2557 eliam
1165 2494 1228 2557 dies
1258 2496 1393 2576 singulos

210 2587 216 2598 '
301 2590 397 2660 agunt
419 2580 531 2639 Gracci
562 2576 600 2637 ad
622 2566 809 2639 liodiernnm
839 2600 935 2661 usquc
957 2580 1060 2641 diem:
1082 2579 1120 2642 dc
1142 2580 1254 2663 quibus
1277 2600 1392 2639 consu.

301 2662 427 2723 lendum
448 2682 559 2723 eorum
583 2664 756 2723 ltlenncnm.

385 2786 526 2854 Ibunt.
564 2783 736 2865 Ἀμᾰντιόν
752 2806 785 2848 τε
805 2784 1024 2867 πραιπόσιτον]
1047 2789 1218 2851 lornandes
1242 2788 1280 2850 de
1304 2808 1391 2870 regn.

302 2876 335 2928 ct
356 2878 450 2949 temp.
474 2892 600 2936 success.
622 2870 776 2953 Euagrius
798 2869 851 2931 lib.
874 2871 895 2931 4
919 2892 986 2953 cap.
1011 2872 1040 2951 2,
1065 2872 1238 2935 chronicon
1261 2872 1393 2934 Alexan-

303 2951 438 3032 drinum,
457 2962 489 3015 et
510 2955 695 3015 ltlarcellini.

385 3057 456 3138 956,
480 3059 508 3122 5.
551 3058 654 3143 ἐφάνη
676 3054 791 3145 ἆοτὴρ]
812 3061 888 3125 liaeo
912 3071 947 3123 nt
970 3062 1189 3144 praecedentia
1221 3083 1301 3144 pene
1322 3082 1395 3124 ver-

301 3142 398 3205 batim
419 3166 455 3207 cx
477 3144 628 3206 chronico
650 3145 871 3223 Alexandrino.

384 3268 469 3332 thid.
491 3268 521 3333 ll.
575 3266 765 3342 Βιταλιανός
785 3266 1015 3352 ἐδολοφονήθη]
1039 3293 1159 3333 causam
1182 3266 1283 3332 caedis
1303 3269 1393 3329 alium

302 3354 470 3430 proferunt
498 3352 649 3435 Euagrius
679 3360 711 3414 et
739 3352 905 3415 lornundes
934 3356 1029 3417 citati.
1073 3355 1112 3416 de
1133 3354 1240 3417 cadem
1261 3352 1396 3415 lllarcel.

302 3438 381 3499 littus
406 3458 488 3499 anno
507 3436 614 3499 lustial
635 3436 782 3500 senalidu-

385 3544 469 3605 Ibid.
495 3540 544 3605 16.
594 3540 846 3625 ἑδημοκρᾰτησει
876 3542 910 3606 su*
940 3544 1073 3609 Βένετον
1101 3542 1210 3629 μέρος]
1244 3552 1397 3627 quattuor

303 3627 517 3710 Aurignutiuns
538 3629 568 3690 in
584 3628 670 3689 circo
692 3628 816 3691 colores
827 3636 860 3690 ct
871 3630 1020 3693 factiones
1034 3630 1072 3692 ad
1085 3629 1228 3690 Prasinos
1249 3638 1281 3689 et
1292 3627 1399 3689 Vnae.

303 3722 391 3773 netos
411 3712 545 3791 posteris
566 3711 760 3792 temporibus
783 3712 944 3791 reductos,
967 3712 1022 3797 qui
1043 3712 1082 3776 de
1103 3712 1296 3773 Circensibus
1318 3708 1397 3772 ludis

302 3794 458 3877 copiosius
477 3802 667 3869 tractavere,
693 3794 882 3858 edisserunt:
907 3818 982 3879 quus
1003 3816 1065 3857 non
1089 3796 1121 3856 in
1141 3794 1267 3855 ludicris
1285 3792 1397 3871 modo,

302 3876 355 3939 scd
376 3884 408 3939 et
427 3880 458 3939 in
480 3879 566 3940 seriis
586 3889 617 3941 ct
638 3878 773 3959 politicis
796 3880 887 3942 rebus
908 3880 966 3942 sibi
989 3880 1185 3942 infensissimo
1206 3877 1394 3947 adversatus,

303 3983 339 4022 ex
360 3960 560 4024 historiarum
583 3962 664 4023 serie
678 3960 838 4025 discimus:
867 3986 947 4047 quae
962 3964 1069 4046 paucis
1091 3962 1218 4044 exponit
1234 3960 1396 4022 Balsumoa

303 4045 334 4105 iu
354 4045 522 4106 Trultanue
544 4043 653 4129 synodi
682 4066 749 4105 can.
773 4044 823 4107 2⁴l.
872 4044 942 4109 τότε
969 4044 1032 4109 τοῖν
1052 4042 1160 4127 δήμων
1189 4046 1397 4119 recognocen-

304 4123 420 4199 ζόντων
438 4129 472 4190 s’r
492 4136 562 4206 τοῖς
584 4125 831 4210 ἱπποδρομιάις,
851 4124 905 4191 καὶ
924 4123 1097 4191 ποιούντων
1116 4124 1244 4207 ταύτας,
1265 4118 1319 4187 ὅτι
1343 4122 1397 4185 xci

304 4202 388 4281 ὅπως
408 4207 596 4290 ἠβούλοντο,
622 4212 657 4273 ix
688 4207 921 4293 δαπανημάτων
940 4210 1076 4289 οἰκείων,
1108 4205 1153 4282 air
1181 4211 1236 4273 κατ’
1259 4207 1395 4289 ἐχόντων
