3050 4900
253 276 325 347 ‘236
415 286 625 351 thsThSll
657 284 852 349 lllSTOth
876 282 1183 351 fflhlslhss'l'lssh

254 453 396 517 iecerunt
417 454 609 519 venerabiles
631 452 710 517 illius
732 454 877 539 reliquias
900 454 932 515 ln
948 452 1207 515 biothanatorum
1230 449 1354 529 lacum,

253 556 291 598 oo
315 537 400 621 qnod
432 538 545 600 multos
580 538 739 601 monuerit
772 548 804 601 et
824 536 988 599 adduxerit
1011 536 1050 598 ad
1072 534 1271 597 monasticam
1294 537 1342 594 vi-

253 630 326 699 tam,
348 630 442 705 atque
460 630 661 685 contemnere
683 622 780 704 regias
802 621 965 705 dignitates
985 628 1080 703 atque
1098 619 1244 702 pecunias
1266 638 1342 700 per.

253 704 398 767 rosserits
422 706 611 768 reverendus
643 704 764 789 quippe
781 704 831 765 sir
858 704 1002 765 omnihus
1022 710 1091 765 erat
1110 722 1172 783 pro
1193 722 1233 763 eo
1257 700 1344 785 quod

252 788 320 849 lere
342 789 497 871 sexaginta
524 790 634 852 fecerit
661 808 757 850 annos
781 786 813 848 in
842 786 983 849 claustris
1004 796 1037 849 et
1054 785 1222 847 uirtutibus
1240 784 1345 847 maltis

253 871 411 933 effulserit.
451 872 564 934 multos
586 881 690 933 antem
708 871 864 953 principes
880 893 917 933 ac
936 870 1048 932 milites
1068 876 1236 942 accusatos,
1256 866 1344 951 quod

153 978 181 1032 p·
191 962 244 1019 675
254 954 398 1037 imagines
419 954 603 1033 edocerent,
626 954 752 1017 dirersis
773 956 881 1039 poeuis
902 962 935 1017 et
949 954 1141 1015 amarissimis
1161 950 1346 1013 verberibus

253 1038 405 1115 tradidit3
428 1038 643 1101 iusiurandum
667 1040 760 1101 etiarn
782 1038 926 1121 generale
948 1038 986 1099 ab
1005 1037 1147 1099 omnibns
1165 1036 1223 1096 sub
1245 1034 1345 1116 impe-

253 1120 302 1183 rio
335 1140 392 1182 suo
416 1120 597 1207 degentibus
632 1123 750 1205 exegit,
766 1142 808 1183 ne
841 1122 1004 1207 qnisquam
1037 1120 1185 1181 adoraret
1212 1120 1346 1180 iconam.

253 1224 325 1266 cum
345 1204 456 1286 quibus
473 1207 755 1269 etCunstantinum
777 1204 844 1268 falsi
865 1204 998 1266 nominis
1020 1202 1233 1287 patriarcham
1251 1222 1347 1281 super

253 1287 417 1348 ambonem
439 1288 605 1353 escendere
620 1298 652 1351 et
674 1292 810 1351 exaltare
824 1289 962 1371 pretiosa
979 1288 1060 1371 ligna
1077 1294 1109 1349 et
1131 1288 1238 1347 iurare
1258 1284 1345 1358 fecit,

255 1368 341 1455 quud
363 1366 425 1433 non
447 1381 524 1435 esset
546 1393 582 1434 er
602 1374 644 1435 eis
660 1374 713 1457 qui
727 1372 874 1457 imagines
895 1372 1085 1445 adorarent3
1106 1371 1157 1431 cui
1180 1388 1251 1429 mox
1272 1387 1347 1451 par.

254 1454 348 1515 suasit
370 1464 405 1516 ut
424 1474 459 1517 cr
480 1455 636 1519 monacho
652 1456 846 1538 stephanites
867 1454 1053 1531 efficeretur,
1075 1465 1108 1516 et
1126 1451 1271 1515 carnibus
1291 1472 1348 1513 re-

254 1546 406 1617 curretur,
428 1548 523 1623 atque
542 1539 740 1601 citharoedos
761 1540 802 1602 ad
822 1560 957 1601 mensam
977 1536 1098 1601 admitti
1120 1536 1238 1620 regiam
1254 1544 1349 1617 pate-

257 1630 355 1684 retur.
402 1621 455 1684 sed
488 1644 552 1685 nou
583 1623 615 1685 in
649 1622 775 1706 longum
797 1622 876 1684 ultio
906 1621 1094 1685 homicidum
1113 1620 1198 1681 hunc
1217 1616 1349 1681 tradidit

282 1705 378 1765 oenb.
421 1704 555 1789 denique
578 1704 762 1769 duodecimo
778 1704 923 1769 kalendas
936 1705 1124 1769 Februarias
1145 1713 1277 1787 quartae
1297 1703 1347 1762 in-

256 1725 403 1849 dictionis
424 1798 527 1851 motus
556 1801 601 1853 est
623 1798 735 1852 contra
765 1788 937 1875 Volgares,
967 1798 1001 1853 et
1022 1788 1135 1851 direxit
1153 1786 1193 1849 ad
1211 1784 1349 1847 achelon

257 1868 340 1932 9600
359 1868 519 1933 chelandia
541 1884 733 1949 construens,
754 1894 791 1935 ea
811 1884 845 1935 et
870 1874 992 1935 arniaus
1014 1895 1049 1935 er
1062 1869 1180 1935 cunctis
1201 1868 1350 1931 themati.

257 1954 335 2028 bns;
359 1976 439 2037 quae
462 1976 533 2017 cum
555 1957 587 2018 in
611 1957 688 2018 toris
705 1962 731 2035 *)
760 1957 928 2020 stationem
956 1955 1111 2029 firbsent,
1142 1954 1238 2016 flaute
1257 1951 1351 2036 aqui-

259 2040 331 2098 lone
351 2037 488 2101 contrite
511 2048 583 2101 aurit
603 2060 683 2123 pene
705 2040 813 2103 omnia
834 2049 866 2102 et
899 2049 1025 2103 uocatus
1046 2050 1091 2103 est
1112 2036 1248 2121 pupulus
1267 2035 1351 2096 mul.

259 2128 317 2197 tus,
339 2118 382 2184 ita
402 2131 437 2183 ut
460 2122 635 2204 imperator
649 2124 816 2187 extendere
835 2124 917 2187 retia
937 2133 969 2186 ct
989 2124 1034 2185 sic
1054 2131 1197 2187 mortuos
1219 2118 1352 2182 educere

259 2225 297 2265 ac
317 2194 447 2287 sepelire
469 2206 677 2289 praeceperit.
698 2228 800 2291 porro
822 2206 1031 2269 decimosexto
1046 2204 1192 2267 kalendas
1211 2204 1353 2285 Septem·

260 2285 343 2357 brias
366 2284 501 2351 eiusdem
522 2301 652 2373 quartae
665 2290 842 2353 indictionis
861 2290 988 2373 publice
1008 2290 1179 2367 diffamavit
1199 2309 1236 2349 ac
1257 2284 1354 2348 deho-

262 2372 394 2433 nestavit
411 2370 554 2435 habiturn
580 2374 809 2437 monachorum
838 2374 869 2436 iu
894 2372 1137 2458 Hippodromio,
1157 2370 1353 2455 praecipiens

262 2475 517 2540 unumquemque
544 2458 730 2522 monachum
757 2481 851 2520 mauu
872 2467 981 2522 tenere
1001 2459 1175 2535 mulierem,
1196 2464 1229 2518 et
1249 2453 1356 2518 taliter

163 2545 316 2626 pttdaos
338 2541 471 2604 transire
503 2562 563 2623 per
590 2541 867 2625 Hippodrominm,
893 2541 992 2624 sputis
1014 2549 1047 2602 et
1065 2541 1187 2602 iniuriis
1206 2539 1244 2600 ab
1269 2535 1356 2598 omui

263 2623 382 2706 populu
404 2625 587 2686 cumulatos.
626 2625 768 2688 similiter
789 2635 822 2686 et
842 2633 955 2686 octavo
983 2624 1128 2688 kalendas
1146 2621 1358 2705 septembrias

265 2707 349 2770 ducti
376 2715 448 2768 sunt
478 2705 518 2769 ad
540 2707 630 2770 ludos
661 2709 818 2770 Circenses
849 2707 979 2790 insignes
1007 2708 1165 2791 principes
1194 2706 1302 2768 decem
1325 2713 1358 2766 et

265 2811 389 2864 novem,
411 2799 443 2850 et
458 2790 599 2872 pompati
614 2800 688 2853 sunt
708 2791 796 2873 quasi
815 2793 896 2852 mala
908 2799 1020 2853 contra
1032 2792 1256 2874 imperatorem
1276 2807 1358 2848 cuu-

264 2871 356 2935 sitiati
377 2871 505 2949 fuerint,
528 2895 591 2934 uon
615 2872 772 2938 veraciter
791 2875 945 2953 accusati,
965 2875 1019 2937 sed
1041 2877 1113 2959 quie
1134 2872 1293 2934 invidebat
1314 2870 1357 2932 cis

265 2976 305 3017 eu
326 2953 412 3037 quod
437 2965 534 3017 assent
555 2957 684 3017 sonnosi
699 2966 794 3042 atque
818 2958 939 3020 robusti
960 2967 992 3019 et
1012 2958 1050 3018 ab
1072 2956 1215 3020 omnibus
1236 2956 1358 3016 collau·
1415 2993 1420 3002 -

265 3037 350 3110 dati3
377 3038 560 3120 quibusdem
593 3059 671 3102 vero
704 3063 740 3102 ex
762 3043 804 3104 eis
825 3051 856 3104 et
877 3041 917 3102 oh
940 3042 1132 3126 religionem,
1152 3039 1295 3122 eoquod
1318 3036 1358 3098 ad

266 3119 462 3204 praedictum
484 3121 654 3185 inclausum
676 3125 767 3187 issent
786 3136 817 3187 et
836 3124 990 3208 passiones
1021 3126 1086 3186 eius
1106 3123 1232 3208 publice
1253 3120 1357 3182 divul-

267 3212 396 3287 garent;
418 3227 496 3290 quos
518 3215 550 3269 et
568 3207 735 3270 interfecit.
779 3231 918 3293 quornm
931 3209 1093 3292 praecipui
1116 3217 1188 3270 sunt
1207 3209 1359 3267 Constan-

268 3289 350 3349 tinus
374 3291 522 3371 patricius
544 3299 576 3354 et
590 3289 708 3355 dudum
727 3292 888 3375 logotheta
908 3312 1024 3368 corsus,
1047 3291 1097 3353 cui
1119 3313 1231 3352 nomen
1255 3289 1358 3370 impo-

268 3371 331 3432 suit
352 3371 614 3458 Podopagnrurn,
644 3384 677 3436 et
703 3375 793 3435 buius
824 3375 926 3436 frater.
948 3375 1104 3458 Stategins
1132 3373 1305 3455 spatharius
1327 3377 1359 3430 et

269 3453 455 3518 domesticus
476 3458 703 3537 excubitorum,
717 3459 887 3519 Antiochus
907 3458 1066 3542 logotheta
1088 3457 1189 3519 dromi
1210 3459 1308 3516 fuctus
1328 3461 1360 3514 et

269 3547 401 3620 praetor
422 3539 555 3624 Siciliae,
578 3543 682 3603 Dauid
703 3541 878 3624 spatharius
899 3552 932 3604 et
952 3563 1054 3604 comes
1071 3541 1232 3623 Obsequii,
1252 3535 1359 3598 Theo-

269 3621 429 3705 phylactus
453 3624 725 3708 protospatharius
746 3633 932 3708 etpraetor
950 3621 1361 3704 Thracae,Christophorus

269 3705 465 3788 spatharius,
493 3709 711 3770 Constantinus
739 3710 913 3792 spatharius
946 3720 978 3770 et
1001 3712 1121 3791 primus
1153 3703 1361 3789 imperialium

269 3797 452 3872 stratorum,
472 3791 550 3854 filim
572 3792 696 3874 patricii
715 3791 877 3872 Bardauis,
899 3792 1151 3877 Theophylactns
1170 3787 1362 3862 candidatus,

170 3899 200 3960 p·
210 3883 261 3940 677
272 3879 304 3935 et
324 3873 386 3934 alii.
429 3895 507 3959 qnos
535 3897 606 3938 cum
637 3875 668 3936 in
701 3875 925 3959 Hippodromii
955 3875 1044 3938 ludos
1064 3875 1166 3959 palam
1186 3869 1311 3935 traduci
1330 3879 1363 3931 et

273 3959 312 4020 ah
334 3957 419 4020 omni
440 3959 561 4042 populu
583 3959 713 4042 conspui
735 3967 768 4023 ct
787 3957 930 4025 maledici
951 3959 1082 4036 fecisset,
1104 3957 1288 4026 senteutiam
1309 3952 1364 4015 de-

305 4149 383 4223 '‘),r'u
399 4151 466 4206 arte.
504 4151 581 4206 Fara.
