3050 4900
623 331 773 400 noran
905 295 908 301 ⁴
1173 331 1242 408 tot

242 502 314 585 351,
333 503 364 572 9.
402 503 602 595 δτατὴτορες]
632 511 791 579 cedrenus
818 513 1035 600 βεατιαρῖται,
1061 521 1106 599 πῂί
1136 521 1248 583 vestio.

159 589 228 652 rina
255 592 404 656 mmutrt:
437 594 477 658 de
506 595 618 682 quihus
643 596 837 662 Pancirollus
871 599 911 662 ad
950 600 1094 664 notitiam
1125 603 1249 688 imperii

160 695 230 757 cap.
251 672 303 735 81.

243 782 326 845 thid.
349 773 397 846 te}
445 784 489 868 τῷ
509 783 546 847 di
566 781 705 872 Μαρτίῳ
733 787 830 870 μηνί]
861 789 919 852 nlin
952 793 990 853 nd
1014 815 1079 856 rem
1101 817 1250 878 praesen.

161 875 225 928 tem
245 867 418 949 spectantia
441 869 538 930 relert
557 871 733 954 Procopius
756 873 796 934 de
815 875 904 935 aedil.
929 877 1087 940 Iustiniani
1110 881 1229 944 orat-Q.

197 1058 205 1072 ι
240 971 314 1073 dot,
335 974 384 1074 6..
405 975 548 1074 pharos]
569 980 614 1040 ita
633 979 769 1063 vulgaris
788 981 892 1065 lingua
915 985 982 1044 vice
1002 982 1160 1068 γεγόνασι.
1185 999 1253 1052 ter.

161 1069 333 1121 minutione
353 1082 500 1123 nimirum
520 1063 626 1148 noristi
647 1064 821 1146 praeterito
844 1067 1003 1130 attributa.
1016 1076 1028 1100 ⁸

245 1168 325 1228 Ibid.
341 1168 388 1230 tu.
430 1168 507 1251 μηνί
523 1165 704 1255 Ἀπριλλίῳ,
725 1171 919 1246 ίνδικτιοδνος
940 1170 988 1257 δ’]
1012 1175 1253 1259 adstipulnhitur

160 1249 345 1332 Theophani
366 1249 611 1316 additamentum
630 1255 862 1332 Marcellinum,
890 1259 914 1316 si
937 1259 1064 1322 Narsem
1086 1261 1147 1324 hoc
1169 1281 1251 1324 anno

160 1335 298 1413 mimum,
319 1335 503 1398 succedente
523 1337 639 1399 hellum
653 1339 819 1401 confecisse
841 1340 1002 1424 intelligas.

244 1443 325 1506 thu.
349 1441 398 1510 16.
439 1443 485 1528 τῷ
513 1441 549 1507 δὲ
576 1439 693 1530 Ἰουλίῳ
721 1447 816 1527 μηνί]
847 1447 950 1510 varios
979 1457 1010 1512 et
1038 1450 1174 1532 ingentes
1194 1472 1253 1534 per

161 1524 350 1588 Phoenicem
371 1537 476 1590 tarrae
497 1537 611 1607 motus,
645 1530 756 1612 quibus
787 1531 937 1614 Berytus,
960 1542 992 1594 et
1019 1533 1098 1594 aliae
1116 1534 1253 1597 civitates

161 1621 373 1688 corruerunt,
394 1613 544 1675 describit
573 1615 718 1697 Agathino
750 1613 806 1675 lib.
830 1613 848 1674 9
870 1624 902 1676 et
922 1618 1050 1677 maturis
1073 1619 1134 1678 iam
1155 1617 1255 1700 frugi-

162 1692 233 1767 bus,
256 1705 356 1777 prout
373 1695 418 1780 τῷ
435 1694 554 1782 Ἰονλίρι
574 1696 653 1778 μηνί
675 1697 839 1780 contigisse
862 1707 982 1760 narrat.

246 1799 318 1881 353,
342 1800 373 1866 9.
425 1797 566 1883 γεγόνασι
600 1799 636 1865 roi
666 1801 821 1887 ἐνκαίνια]
855 1805 894 1867 de
929 1807 1035 1888 templi
1063 1805 1153 1868 huius
1183 1808 1253 1886 situ,

163 1881 313 1962 conditu,
338 1887 402 1949 eius
424 1908 532 1964 causo,
558 1888 718 1970 reliquiis,
752 1897 785 1949 et
805 1891 898 1960 variis
931 1891 970 1952 nd
991 1893 1077 1952 illum
1096 1891 1256 1955 eventibus

163 1967 340 2052 Procopius
363 1979 443 2031 ornt.
467 1971 487 2032 λ
508 1972 547 2032 de
568 1972 658 2036 aedis.
680 1973 854 2034 lastiniani.

244 2077 327 2143 Ibid.
350 2074 400 2140 16.
440 2075 589 2163 η’νίιρξαν]
620 2081 748 2142 ecclesia
781 2080 922 2142 dedicata
952 2082 988 2143 lit
1017 2081 1152 2145 eiusdem
1171 2073 1258 2144 οἴκοι·
1379 2099 1384 2108 “

165 2159 223 2236 ξος,
246 2171 278 2221 et
301 2162 453 2223 orationis
476 2163 507 2222 in
529 2184 565 2223 en
586 2163 745 2228 faciendae
766 2165 940 2247 permissus.
962 2163 1181 2250 euchologium
1203 2167 1259 2230 uhi

165 2242 205 2304 dc
226 2243 333 2326 templi
356 2245 564 2307 dedicatione.

247 2351 401 2418 116110.
443 2347 602 2432 Εδτδχιος
621 2349 639 2412 δ
660 2352 900 2434 ιίπακρισιοὶριος
922 2349 1090 2430 Ἀμασίας]
1111 2354 1257 2436 Eutychii

166 2436 305 2497 Amnseni
327 2435 465 2518 episcopi
491 2435 530 2497 ad
556 2435 709 2519 synodum
740 2437 800 2503 ΟΡ.
833 2438 1144 2519 ρτοουτοῑοτίὲ,”,ι1νε
1166 2436 1257 2521 legati

165 2520 400 2601 promotionem
432 2530 465 2583 ot
505 2529 590 2605 gesta
630 2522 730 2583 refert
757 2520 936 2583 Eustathius
971 2520 1056 2603 apud
1081 2520 1208 2585 Surium
1236 2518 1257 2583 6

169 2608 191 2663 A
219 2605 292 2666 rilis.

194 2626 216 2686 P
250 2704 325 2791 354,
352 2711 378 2773 1.
420 2710 476 2772 καί
501 2712 547 2811 aspi
566 2706 742 2797 Αδγοίστιρ
762 2708 840 2791 μηνί
860 2708 995 2771 ίπινίκιιι
1017 2699 1127 2793 ἦλθεν]
1166 2706 1258 2770 addi-

167 2802 339 2856 tamentum
361 2795 535 2857 Marcellini
557 2794 595 2857 ad
617 2816 733 2855 annum
753 2786 913 2857 iustiniani
938 2793 988 2857 95.
1007 2792 1181 2877 Procopius
1202 2792 1254 2854 lib·

168 2875 189 2937 3
212 2878 250 2940 de
270 2878 353 2939 bello
376 2878 554 2942 Gothorum
574 2878 614 2939 nd
633 2880 737 2939 linem.

251 2986 333 3049 thid.
353 2984 383 3047 6.
425 2984 484 3048 σιἰν
513 2988 557 3072 τῷ
579 2986 715 3067 διαλιθρι
746 2987 962 3069 καμηλαυκίῳ]
985 2984 1109 3045 alterius
1132 2984 1257 3045 Gotho.

168 3092 241 3131 rum
271 3072 349 3153 regis
381 3069 532 3131 Theodoti
564 3071 713 3131 nimirum
735 3068 883 3151 pileolum
912 3066 1057 3129 διάλιδον
1084 3089 1258 3149 expressum

168 3155 263 3216 hahes
283 3156 314 3214 in
333 3154 522 3214 numismatis
542 3153 642 3216 forma
665 3154 748 3234 apud
761 3154 932 3214 Boronium
953 3150 993 3212 ad
1013 3172 1126 3211 annum
1149 3153 1184 3211 C.
1196 3144 1259 3211 634

169 3240 256 3299 ποια.
277 3236 328 3316 ἰ’λ,
348 3238 565 3318 καμηλανκίον
586 3236 789 3319 significatum
811 3234 916 3297 reddit
938 3234 1080 3312 κίδαριν,
1099 3232 1257 3311 περίδιμιι

169 3322 316 3402 κεφαλῆς,
335 3318 484 3396 σκιάδιον,
507 3316 650 3381 πιλίδιον.
700 3321 780 3382 hedo
804 3318 844 3379 de
865 3320 989 3379 tnbern.
1012 3316 1066 3376 lib.
1089 3312 1110 3376 3
1131 3337 1200 3399 cop.
1224 3318 1256 3376 iia

172 3406 293 3468 modum
306 3406 434 3466 cassidis
447 3404 620 3465 extenditur
630 3425 721 3487 sapiu
738 3403 938 3464 reimmitntem
952 3400 1072 3481 cupitis.
1093 3389 1143 3461 δτι
1162 3395 1258 3461 καλύ-

154 3508 239 3567 ,πτει
258 3485 388 3567 αδχίνα,
413 3488 638 3569 interpretator
658 3487 874 3547 illustrissimus
893 3483 1141 3569 Trapezuntinus
1162 3504 1257 3566 prac-

172 3571 233 3632 sul:
257 3583 384 3656 etymon
406 3572 565 3631 retulimus
588 3570 628 3631 ad
650 3570 879 3652 euchologium.

256 3681 333 3745 ίδίιί.
357 3680 405 3742 11.
455 3680 578 3757 γέγονεν
606 3674 626 3758 ἦ
652 3675 726 3756 ἁγία
748 3672 804 3739 καί
832 3670 1053 3755 οίκονμενικὴ]
1087 3672 1257 3735 chronicon

174 3763 412 3825 Alexandrinum
428 3762 536 3824 eodem
551 3783 633 3823 anno
648 3760 800 3844 synodum
814 3760 950 3822 habitam
968 3769 1119 3821 testntnr:
1146 3756 1184 3817 de
1196 3776 1258 3839 qua

171 3846 324 3929 Euagrius
342 3848 396 3909 lih.
415 3842 449 3923 4,
470 3844 642 3907 Matthaeus
664 3844 814 3907 Blastares
843 3845 882 3906 de
902 3844 1002 3914 huius,
1025 3851 1056 3905 et
1075 3841 1199 3901 alterius
1220 3836 1259 3899 ad

175 3952 288 3993 anuum
318 3929 476 3993 Iustiniani
506 3928 660 3990 decimum
684 3927 889 3990 conventibus
918 3926 1030 3989 habitis
1053 3926 1094 3984 ita
1118 3924 1259 4005 loquitur

173 4014 204 4074 in
227 4016 393 4096 prooemio
413 4013 646 4075 nomocanonis.
670 4004 689 4089 ἦ
711 4006 786 4091 οἷγία
808 4011 931 4091 πέμπτη
951 4004 1083 4079 σύνοδος
1104 4004 1261 4067 πίντεκαί

172 4088 321 4239 ἑξήκοντα
341 4093 395 4159 καί
412 4088 522 4157 ἑκατὸν
541 4093 708 4177 διαφόρων
717 4094 862 4175 πατέρων
885 4090 1047 4173 σννδρομῇ
1066 4083 1258 4167 ἐκρατύνετο·

200 4200 218 4238 ν
239 4178 372 4260 ἡγοῦντο
406 4178 443 4241 τὰ
463 4179 573 4262 πρῶτα
595 4177 654 4257 μὲν
674 4178 808 4258 Μηνᾶς,
831 4168 896 4239 εἶτα
918 4170 1075 4252 Ειίτδχιος
1096 4173 1131 4235 ἐκ
1151 4170 1258 4233 διαδο-
