<?xml version="1.0" encoding="UTF-8"?>
<!DOCTYPE html PUBLIC "-//W3C//DTD XHTML 1.0 Transitional//EN"
    "http://www.w3.org/TR/xhtml1/DTD/xhtml1-transitional.dtd">
<html xmlns="http://www.w3.org/1999/xhtml" xml:lang="en" lang="en">
 <head>
  <title>
</title>
<meta http-equiv="Content-Type" content="text/html;charset=utf-8" />
  <meta name='ocr-system' content='tesseract 3.04.00' />
  <meta name='ocr-capabilities' content='ocr_page ocr_carea ocr_par ocr_line ocrx_word'/>
</head>
<body>
  <div class='ocr_page' id='page_1' title='image "./corpusscriptoru34theogoog_0290.png"; bbox 0 0 3050 4900; ppageno 0'>
   <div class='ocr_carea' id='block_1_1' title="bbox 533 324 1241 396">
    <p class='ocr_par' dir='ltr' id='par_1_1' title="bbox 533 324 1241 396">
     <span class='ocr_line' id='line_1_1' title="bbox 533 324 1241 396; baseline 0.006 -6"><span class='ocrx_word' id='word_1_1' title='bbox 533 325 587 390; x_wconf 80' lang='lat' dir='ltr'>tx</span> <span class='ocrx_word' id='word_1_2' title='bbox 613 324 871 392; x_wconf 71' lang='lat' dir='ltr'>moratur.</span> <span class='ocrx_word' id='word_1_3' title='bbox 1056 327 1061 341; x_wconf 93' lang='grc'><strong>’</strong></span> <span class='ocrx_word' id='word_1_4' title='bbox 1171 324 1241 396; x_wconf 74' lang='lat'>281</span> 
     </span>
    </p>
   </div>
   <div class='ocr_carea' id='block_1_2' title="bbox 152 489 1341 2162">
    <p class='ocr_par' dir='ltr' id='par_1_2' title="bbox 154 489 1244 909">
     <span class='ocr_line' id='line_1_2' title="bbox 156 489 1244 583; baseline 0.004 -28"><span class='ocrx_word' id='word_1_5' title='bbox 156 493 249 555; x_wconf 86' lang='lat' dir='ltr'>certis</span> <span class='ocrx_word' id='word_1_6' title='bbox 268 499 302 556; x_wconf 93' lang='lat' dir='ltr'>et</span> <span class='ocrx_word' id='word_1_7' title='bbox 330 489 534 583; x_wconf 77' lang='lat' dir='ltr'>invisibilibus</span> <span class='ocrx_word' id='word_1_8' title='bbox 560 491 763 577; x_wconf 76' lang='lat' dir='ltr'>locupletari:</span> <span class='ocrx_word' id='word_1_9' title='bbox 813 495 907 558; x_wconf 85' lang='lat' dir='ltr'>ratius</span> <span class='ocrx_word' id='word_1_10' title='bbox 931 493 1013 558; x_wconf 82' lang='lat' dir='ltr'>enirn</span> <span class='ocrx_word' id='word_1_11' title='bbox 1047 495 1108 559; x_wconf 89' lang='lat' dir='ltr'>deo</span> <span class='ocrx_word' id='word_1_12' title='bbox 1139 495 1244 578; x_wconf 87' lang='lat' dir='ltr'>plures</span> 
     </span>
     <span class='ocr_line' id='line_1_3' title="bbox 155 515 1244 667; baseline 0.004 -31"><span class='ocrx_word' id='word_1_13' title='bbox 155 598 250 660; x_wconf 86' lang='lat' dir='ltr'>quam</span> <span class='ocrx_word' id='word_1_14' title='bbox 281 576 444 660; x_wconf 82' lang='lat' dir='ltr'>pauciores</span> <span class='ocrx_word' id='word_1_15' title='bbox 474 578 602 639; x_wconf 79' lang='lat' dir='ltr'>salvare.</span> <span class='ocrx_word' id='word_1_16' title='bbox 651 599 752 667; x_wconf 84' lang='lat' dir='ltr'>porro</span> <span class='ocrx_word' id='word_1_17' title='bbox 784 515 929 640; x_wconf 72' lang='lat' dir='ltr'>damnum</span> <span class='ocrx_word' id='word_1_18' title='bbox 958 579 990 639; x_wconf 89' lang='lat' dir='ltr'>in</span> <span class='ocrx_word' id='word_1_19' title='bbox 1008 577 1155 662; x_wconf 85' lang='lat' dir='ltr'>pluribus</span> <span class='ocrx_word' id='word_1_20' title='bbox 1177 581 1244 662; x_wconf 89' lang='lat' dir='ltr'>pati</span> 
     </span>
     <span class='ocr_line' id='line_1_4' title="bbox 156 658 1244 746; baseline 0.004 -25"><span class='ocrx_word' id='word_1_21' title='bbox 156 670 296 744; x_wconf 89' lang='lat' dir='ltr'>propter</span> <span class='ocrx_word' id='word_1_22' title='bbox 313 659 470 721; x_wconf 89' lang='lat' dir='ltr'>modicum</span> <span class='ocrx_word' id='word_1_23' title='bbox 494 658 614 721; x_wconf 85' lang='lat' dir='ltr'>lucram</span> <span class='ocrx_word' id='word_1_24' title='bbox 636 663 757 742; x_wconf 87' lang='lat' dir='ltr'>primae</span> <span class='ocrx_word' id='word_1_25' title='bbox 778 661 951 724; x_wconf 88' lang='lat' dir='ltr'>dementiae</span> <span class='ocrx_word' id='word_1_26' title='bbox 969 671 1022 728; x_wconf 90' lang='lat' dir='ltr'>est.</span> <span class='ocrx_word' id='word_1_27' title='bbox 1064 661 1116 725; x_wconf 87' lang='lat' dir='ltr'>sed</span> <span class='ocrx_word' id='word_1_28' title='bbox 1136 671 1167 723; x_wconf 90' lang='lat' dir='ltr'>et</span> <span class='ocrx_word' id='word_1_29' title='bbox 1189 665 1244 746; x_wconf 87' lang='lat' dir='ltr'>qui</span> 
     </span>
     <span class='ocr_line' id='line_1_5' title="bbox 156 743 1244 826; baseline 0.004 -22"><span class='ocrx_word' id='word_1_30' title='bbox 156 745 243 805; x_wconf 89' lang='lat' dir='ltr'>eirca</span> <span class='ocrx_word' id='word_1_31' title='bbox 263 745 395 826; x_wconf 88' lang='lat' dir='ltr'>propria</span> <span class='ocrx_word' id='word_1_32' title='bbox 408 743 581 804; x_wconf 76' lang='lat' dir='ltr'>inconsulte</span> <span class='ocrx_word' id='word_1_33' title='bbox 597 743 729 821; x_wconf 84' lang='lat' dir='ltr'>laborat,</span> <span class='ocrx_word' id='word_1_34' title='bbox 742 744 833 806; x_wconf 86' lang='lat' dir='ltr'>fidem</span> <span class='ocrx_word' id='word_1_35' title='bbox 854 745 1022 807; x_wconf 85' lang='lat' dir='ltr'>secundum</span> <span class='ocrx_word' id='word_1_36' title='bbox 1043 745 1170 808; x_wconf 84' lang='lat' dir='ltr'>Paulum</span> <span class='ocrx_word' id='word_1_37' title='bbox 1187 767 1244 808; x_wconf 85' lang='lat' dir='ltr'>ne-</span> 
     </span>
     <span class='ocr_line' id='line_1_6' title="bbox 154 825 1244 909; baseline 0.003 -21"><span class='ocrx_word' id='word_1_38' title='bbox 154 827 250 909; x_wconf 74' lang='lat' dir='ltr'>gavit,</span> <span class='ocrx_word' id='word_1_39' title='bbox 270 835 303 888; x_wconf 86' lang='lat' dir='ltr'>et</span> <span class='ocrx_word' id='word_1_40' title='bbox 319 825 432 887; x_wconf 81' lang='lat' dir='ltr'>infideli</span> <span class='ocrx_word' id='word_1_41' title='bbox 448 825 588 888; x_wconf 81' lang='lat' dir='ltr'>deterior</span> <span class='ocrx_word' id='word_1_42' title='bbox 601 826 770 889; x_wconf 78' lang='lat' dir='ltr'>iudicatur:</span> <span class='ocrx_word' id='word_1_43' title='bbox 791 829 845 890; x_wconf 83' lang='lat' dir='ltr'>ubi</span> <span class='ocrx_word' id='word_1_44' title='bbox 859 830 919 890; x_wconf 83' lang='lat' dir='ltr'>erit</span> <span class='ocrx_word' id='word_1_45' title='bbox 940 839 972 891; x_wconf 86' lang='lat' dir='ltr'>et</span> <span class='ocrx_word' id='word_1_46' title='bbox 992 829 1066 890; x_wconf 89' lang='lat' dir='ltr'>illud</span> <span class='ocrx_word' id='word_1_47' title='bbox 1089 831 1179 890; x_wconf 83' lang='lat' dir='ltr'>“eum</span> <span class='ocrx_word' id='word_1_48' title='bbox 1197 829 1244 891; x_wconf 89' lang='lat' dir='ltr'>his</span> 
     </span>
    </p>

    <p class='ocr_par' dir='ltr' id='par_1_3' title="bbox 159 907 1242 993">
     <span class='ocr_line' id='line_1_7' title="bbox 159 907 1242 993; baseline 0.005 -24"><span class='ocrx_word' id='word_1_49' title='bbox 159 911 216 993; x_wconf 89' lang='lat' dir='ltr'>qni</span> <span class='ocrx_word' id='word_1_50' title='bbox 238 907 373 972; x_wconf 90' lang='lat' dir='ltr'>oderant</span> <span class='ocrx_word' id='word_1_51' title='bbox 393 929 514 993; x_wconf 87' lang='lat' dir='ltr'>pacem,</span> <span class='ocrx_word' id='word_1_52' title='bbox 538 932 623 970; x_wconf 90' lang='lat' dir='ltr'>eram</span> <span class='ocrx_word' id='word_1_53' title='bbox 637 912 821 993; x_wconf 84' lang='lat' dir='ltr'>pacificus;’&#39;</span> <span class='ocrx_word' id='word_1_54' title='bbox 842 912 899 974; x_wconf 89' lang='lat' dir='ltr'>nisi</span> <span class='ocrx_word' id='word_1_55' title='bbox 913 913 998 974; x_wconf 81' lang='lat' dir='ltr'>forte</span> <span class='ocrx_word' id='word_1_56' title='bbox 1017 914 1080 974; x_wconf 89' lang='lat' dir='ltr'>sint</span> <span class='ocrx_word' id='word_1_57' title='bbox 1102 913 1242 974; x_wconf 85' lang='lat' dir='ltr'>etPaulo</span> 
     </span>
    </p>

    <p class='ocr_par' dir='ltr' id='par_1_4' title="bbox 152 991 1341 1830">
     <span class='ocr_line' id='line_1_8' title="bbox 154 991 1242 1078; baseline 0.004 -23"><span class='ocrx_word' id='word_1_58' title='bbox 154 1004 190 1055; x_wconf 91' lang='lat' dir='ltr'>et</span> <span class='ocrx_word' id='word_1_59' title='bbox 210 991 315 1054; x_wconf 81' lang='lat' dir='ltr'>David</span> <span class='ocrx_word' id='word_1_60' title='bbox 340 991 391 1054; x_wconf 83' lang='lat' dir='ltr'>isti</span> <span class='ocrx_word' id='word_1_61' title='bbox 425 993 637 1074; x_wconf 72' lang='lat' dir='ltr'>sapientiores.</span> <span class='ocrx_word' id='word_1_62' title='bbox 686 996 754 1078; x_wconf 86' lang='lat' dir='ltr'>quis</span> <span class='ocrx_word' id='word_1_63' title='bbox 777 1003 880 1058; x_wconf 85' lang='lat' dir='ltr'>antem</span> <span class='ocrx_word' id='word_1_64' title='bbox 901 997 1057 1058; x_wconf 86' lang='lat' dir='ltr'>Germano</span> <span class='ocrx_word' id='word_1_65' title='bbox 1081 1006 1131 1058; x_wconf 87' lang='lat' dir='ltr'>ter</span> <span class='ocrx_word' id='word_1_66' title='bbox 1149 996 1242 1058; x_wconf 86' lang='lat' dir='ltr'>heato</span> 
     </span>
     <span class='ocr_line' id='line_1_9' title="bbox 153 1075 1240 1158; baseline 0.006 -22"><span class='ocrx_word' id='word_1_67' title='bbox 153 1097 239 1137; x_wconf 83' lang='lat' dir='ltr'>nunc</span> <span class='ocrx_word' id='word_1_68' title='bbox 258 1075 439 1157; x_wconf 78' lang='lat' dir='ltr'>sapientior,</span> <span class='ocrx_word' id='word_1_69' title='bbox 454 1075 512 1137; x_wconf 84' lang='lat' dir='ltr'>nisi</span> <span class='ocrx_word' id='word_1_70' title='bbox 533 1075 617 1138; x_wconf 84' lang='lat' dir='ltr'>iuxta</span> <span class='ocrx_word' id='word_1_71' title='bbox 636 1077 846 1158; x_wconf 86' lang='lat' dir='ltr'>perniciosum</span> <span class='ocrx_word' id='word_1_72' title='bbox 867 1079 987 1140; x_wconf 87' lang='lat' dir='ltr'>animae</span> <span class='ocrx_word' id='word_1_73' title='bbox 1006 1089 1162 1142; x_wconf 86' lang='lat' dir='ltr'>tumorem</span> <span class='ocrx_word' id='word_1_74' title='bbox 1184 1101 1240 1142; x_wconf 84' lang='lat' dir='ltr'>ue·</span> 
     </span>
     <span class='ocr_line' id='line_1_10' title="bbox 153 1159 1243 1308; baseline 0.002 -4"><span class='ocrx_word' id='word_1_75' title='bbox 153 1159 755 1306; x_wconf 64' lang='lat' dir='ltr'>liiid⁰.iii&#39;ii⁵.l.⁰⁰1lil⁵iiltlll</span> <span class='ocrx_word' id='word_1_76' title='bbox 778 1162 1155 1308; x_wconf 64' lang='lat' dir='ltr'>&#39;&#39;⁶⁰3t.³&#39;¹¹¹.¹&#39;tt:&#39;ttl.</span> <span class='ocrx_word' id='word_1_77' title='bbox 1168 1163 1243 1306; x_wconf 68' lang='lat' dir='ltr'>&#39;iiic</span> 
     </span>
     <span class='ocr_line' id='line_1_11' title="bbox 152 1265 1341 1471; baseline 0.007 -83"><span class='ocrx_word' id='word_1_78' title='bbox 152 1326 307 1389; x_wconf 80' lang='lat' dir='ltr'>vembrias</span> <span class='ocrx_word' id='word_1_79' title='bbox 326 1327 474 1471; x_wconf 80' lang='lat' dir='ltr'>apparuit</span> <span class='ocrx_word' id='word_1_80' title='bbox 502 1335 635 1389; x_wconf 84' lang='lat' dir='ltr'>cometes</span> <span class='ocrx_word' id='word_1_81' title='bbox 662 1327 696 1388; x_wconf 88' lang='lat' dir='ltr'>in</span> <span class='ocrx_word' id='word_1_82' title='bbox 716 1265 969 1410; x_wconf 67' lang='lat' dir='ltr'>fighrapduarnih</span> <span class='ocrx_word' id='word_1_83' title='bbox 988 1329 1171 1412; x_wconf 76' lang='lat' dir='ltr'>fulgentium</span> <span class='ocrx_word' id='word_1_84' title='bbox 1190 1329 1240 1392; x_wconf 79' lang='lat' dir='ltr'>ln-</span> <span class='ocrx_word' id='word_1_85' title='bbox 1250 1359 1276 1413; x_wconf 83' lang='lat' dir='ltr'>p.</span> <span class='ocrx_word' id='word_1_86' title='bbox 1288 1340 1341 1396; x_wconf 79' lang='lat' dir='ltr'>rte</span> 
     </span>
     <span class='ocr_line' id='line_1_12' title="bbox 154 1409 1241 1494; baseline 0.002 -22"><span class='ocrx_word' id='word_1_87' title='bbox 154 1431 288 1489; x_wconf 83' lang='lat' dir='ltr'>narum,</span> <span class='ocrx_word' id='word_1_88' title='bbox 320 1433 339 1472; x_wconf 89' lang='lat' dir='ltr'>a</span> <span class='ocrx_word' id='word_1_89' title='bbox 362 1409 524 1472; x_wconf 85' lang='lat' dir='ltr'>nnuntium</span> <span class='ocrx_word' id='word_1_90' title='bbox 552 1429 586 1472; x_wconf 88' lang='lat' dir='ltr'>se</span> <span class='ocrx_word' id='word_1_91' title='bbox 605 1421 701 1494; x_wconf 85' lang='lat' dir='ltr'>atque</span> <span class='ocrx_word' id='word_1_92' title='bbox 727 1414 937 1492; x_wconf 74' lang='lat' dir='ltr'>separantium</span> <span class='ocrx_word' id='word_1_93' title='bbox 958 1413 989 1474; x_wconf 90' lang='lat' dir='ltr'>in</span> <span class='ocrx_word' id='word_1_94' title='bbox 1012 1410 1133 1475; x_wconf 86' lang='lat' dir='ltr'>diverse</span> <span class='ocrx_word' id='word_1_95' title='bbox 1154 1413 1241 1475; x_wconf 87' lang='lat' dir='ltr'>sohe-</span> 
     </span>
     <span class='ocr_line' id='line_1_13' title="bbox 153 1491 1340 1576; baseline 0.004 -22"><span class='ocrx_word' id='word_1_96' title='bbox 153 1501 256 1570; x_wconf 86' lang='lat' dir='ltr'>mata,</span> <span class='ocrx_word' id='word_1_97' title='bbox 275 1494 319 1555; x_wconf 87' lang='lat' dir='ltr'>ita</span> <span class='ocrx_word' id='word_1_98' title='bbox 338 1501 377 1553; x_wconf 91' lang='lat' dir='ltr'>ut</span> <span class='ocrx_word' id='word_1_99' title='bbox 404 1491 437 1553; x_wconf 91' lang='lat' dir='ltr'>in</span> <span class='ocrx_word' id='word_1_100' title='bbox 456 1491 597 1576; x_wconf 79' lang='lat' dir='ltr'>acephali</span> <span class='ocrx_word' id='word_1_101' title='bbox 617 1494 677 1556; x_wconf 83' lang='lat' dir='ltr'>viri</span> <span class='ocrx_word' id='word_1_102' title='bbox 707 1494 865 1558; x_wconf 83' lang='lat' dir='ltr'>fictionem</span> <span class='ocrx_word' id='word_1_103' title='bbox 890 1497 1114 1562; x_wconf 82' lang='lat' dir='ltr'>formarentur.</span> <span class='ocrx_word' id='word_1_104' title='bbox 1157 1505 1189 1558; x_wconf 89' lang='lat' dir='ltr'>et</span> <span class='ocrx_word' id='word_1_105' title='bbox 1208 1497 1240 1558; x_wconf 90' lang='lat' dir='ltr'>iu</span> <span class='ocrx_word' id='word_1_106' title='bbox 1337 1511 1340 1532; x_wconf 81' lang='lat'><strong>¹</strong></span> 
     </span>
     <span class='ocr_line' id='line_1_14' title="bbox 153 1575 1242 1642; baseline 0.003 -5"><span class='ocrx_word' id='word_1_107' title='bbox 153 1576 324 1638; x_wconf 88' lang='lat' dir='ltr'>crastinum</span> <span class='ocrx_word' id='word_1_108' title='bbox 352 1575 393 1638; x_wconf 93' lang='lat' dir='ltr'>de</span> <span class='ocrx_word' id='word_1_109' title='bbox 421 1575 541 1638; x_wconf 83' lang='lat' dir='ltr'>excidio</span> <span class='ocrx_word' id='word_1_110' title='bbox 564 1577 767 1640; x_wconf 85' lang='lat' dir='ltr'>Mesembriae</span> <span class='ocrx_word' id='word_1_111' title='bbox 796 1582 883 1642; x_wconf 84' lang='lat' dir='ltr'>venit</span> <span class='ocrx_word' id='word_1_112' title='bbox 904 1581 992 1642; x_wconf 88' lang='lat' dir='ltr'>nobis</span> <span class='ocrx_word' id='word_1_113' title='bbox 1013 1579 1158 1641; x_wconf 86' lang='lat' dir='ltr'>miserum</span> <span class='ocrx_word' id='word_1_114' title='bbox 1180 1577 1242 1640; x_wconf 88' lang='lat' dir='ltr'>du·</span> 
     </span>
     <span class='ocr_line' id='line_1_15' title="bbox 152 1657 1240 1745; baseline 0.005 -25"><span class='ocrx_word' id='word_1_115' title='bbox 152 1659 249 1736; x_wconf 89' lang='lat' dir='ltr'>bium,</span> <span class='ocrx_word' id='word_1_116' title='bbox 271 1657 431 1721; x_wconf 84' lang='lat' dir='ltr'>deterrens</span> <span class='ocrx_word' id='word_1_117' title='bbox 453 1679 557 1723; x_wconf 81' lang='lat' dir='ltr'>omnes</span> <span class='ocrx_word' id='word_1_118' title='bbox 578 1661 620 1722; x_wconf 90' lang='lat' dir='ltr'>ob</span> <span class='ocrx_word' id='word_1_119' title='bbox 641 1662 797 1726; x_wconf 86' lang='lat' dir='ltr'>maiorum</span> <span class='ocrx_word' id='word_1_120' title='bbox 812 1665 967 1726; x_wconf 87' lang='lat' dir='ltr'>malorum</span> <span class='ocrx_word' id='word_1_121' title='bbox 987 1663 1240 1745; x_wconf 84' lang='lat' dir='ltr'>expectationem.</span> 
     </span>
     <span class='ocr_line' id='line_1_16' title="bbox 153 1743 1241 1830; baseline 0.006 -26"><span class='ocrx_word' id='word_1_122' title='bbox 153 1743 343 1804; x_wconf 82' lang='lat' dir='ltr'>invenientes</span> <span class='ocrx_word' id='word_1_123' title='bbox 373 1744 453 1804; x_wconf 88' lang='lat' dir='ltr'>enim</span> <span class='ocrx_word' id='word_1_124' title='bbox 480 1765 548 1806; x_wconf 84' lang='lat' dir='ltr'>eam</span> <span class='ocrx_word' id='word_1_125' title='bbox 567 1743 686 1804; x_wconf 87' lang='lat' dir='ltr'>inimici</span> <span class='ocrx_word' id='word_1_126' title='bbox 719 1747 842 1827; x_wconf 85' lang='lat' dir='ltr'>plenam</span> <span class='ocrx_word' id='word_1_127' title='bbox 873 1747 1016 1808; x_wconf 85' lang='lat' dir='ltr'>omnihus</span> <span class='ocrx_word' id='word_1_128' title='bbox 1047 1747 1139 1810; x_wconf 84' lang='lat' dir='ltr'>rebus</span> <span class='ocrx_word' id='word_1_129' title='bbox 1161 1767 1241 1830; x_wconf 91' lang='lat' dir='ltr'>quae</span> 
     </span>
    </p>

    <p class='ocr_par' dir='ltr' id='par_1_5' title="bbox 153 1825 1240 1908">
     <span class='ocr_line' id='line_1_17' title="bbox 153 1825 1240 1908; baseline 0.006 -21"><span class='ocrx_word' id='word_1_130' title='bbox 153 1825 193 1888; x_wconf 82' lang='lat' dir='ltr'>ad</span> <span class='ocrx_word' id='word_1_131' title='bbox 210 1825 435 1889; x_wconf 82' lang='lat' dir='ltr'>habitationem</span> <span class='ocrx_word' id='word_1_132' title='bbox 448 1825 610 1888; x_wconf 88' lang='lat' dir='ltr'>hominnm</span> <span class='ocrx_word' id='word_1_133' title='bbox 630 1827 733 1890; x_wconf 85' lang='lat' dir='ltr'>adesse</span> <span class='ocrx_word' id='word_1_134' title='bbox 747 1829 871 1908; x_wconf 85' lang='lat' dir='ltr'>debent,</span> <span class='ocrx_word' id='word_1_135' title='bbox 891 1829 970 1892; x_wconf 84' lang='lat' dir='ltr'>hanc</span> <span class='ocrx_word' id='word_1_136' title='bbox 990 1838 1159 1892; x_wconf 84' lang='lat' dir='ltr'>tenuerunt</span> <span class='ocrx_word' id='word_1_137' title='bbox 1179 1851 1240 1893; x_wconf 81' lang='lat' dir='ltr'>una</span> 
     </span>
    </p>

    <p class='ocr_par' dir='ltr' id='par_1_6' title="bbox 152 1908 1241 2082">
     <span class='ocr_line' id='line_1_18' title="bbox 152 1908 1241 1994; baseline 0.004 -24"><span class='ocrx_word' id='word_1_138' title='bbox 152 1930 225 1970; x_wconf 90' lang='lat' dir='ltr'>cnm</span> <span class='ocrx_word' id='word_1_139' title='bbox 243 1908 399 1985; x_wconf 88' lang='lat' dir='ltr'>Debelto,</span> <span class='ocrx_word' id='word_1_140' title='bbox 428 1911 460 1970; x_wconf 94' lang='lat' dir='ltr'>in</span> <span class='ocrx_word' id='word_1_141' title='bbox 481 1911 595 1993; x_wconf 85' lang='lat' dir='ltr'>quibus</span> <span class='ocrx_word' id='word_1_142' title='bbox 622 1918 655 1972; x_wconf 87' lang='lat' dir='ltr'>et</span> <span class='ocrx_word' id='word_1_143' title='bbox 673 1909 816 1994; x_wconf 88' lang='lat' dir='ltr'>siphones</span> <span class='ocrx_word' id='word_1_144' title='bbox 838 1933 949 1975; x_wconf 84' lang='lat' dir='ltr'>aeneos</span> <span class='ocrx_word' id='word_1_145' title='bbox 967 1913 1116 1976; x_wconf 83' lang='lat' dir='ltr'>invenere</span> <span class='ocrx_word' id='word_1_146' title='bbox 1137 1935 1188 1977; x_wconf 83' lang='lat' dir='ltr'>sex</span> <span class='ocrx_word' id='word_1_147' title='bbox 1208 1921 1241 1977; x_wconf 92' lang='lat' dir='ltr'>et</span> 
     </span>
     <span class='ocr_line' id='line_1_19' title="bbox 153 1992 1240 2082; baseline 0.006 -28"><span class='ocrx_word' id='word_1_148' title='bbox 153 1992 310 2070; x_wconf 84' lang='lat' dir='ltr'>tricenos,</span> <span class='ocrx_word' id='word_1_149' title='bbox 330 2003 364 2054; x_wconf 84' lang='lat' dir='ltr'>et</span> <span class='ocrx_word' id='word_1_150' title='bbox 383 1993 460 2076; x_wconf 78' lang='lat' dir='ltr'>ignis</span> <span class='ocrx_word' id='word_1_151' title='bbox 483 1992 621 2073; x_wconf 88' lang='lat' dir='ltr'>humidi,</span> <span class='ocrx_word' id='word_1_152' title='bbox 643 1995 697 2078; x_wconf 87' lang='lat' dir='ltr'>qui</span> <span class='ocrx_word' id='word_1_153' title='bbox 715 2015 776 2078; x_wconf 87' lang='lat' dir='ltr'>per</span> <span class='ocrx_word' id='word_1_154' title='bbox 799 2015 852 2060; x_wconf 88' lang='lat' dir='ltr'>eos</span> <span class='ocrx_word' id='word_1_155' title='bbox 875 1996 1086 2077; x_wconf 78' lang='lat' dir='ltr'>emittebatur,</span> <span class='ocrx_word' id='word_1_156' title='bbox 1107 1999 1240 2082; x_wconf 86' lang='lat' dir='ltr'>aurique</span> 
     </span>
    </p>

    <p class='ocr_par' dir='ltr' id='par_1_7' title="bbox 154 2075 763 2162">
     <span class='ocr_line' id='line_1_20' title="bbox 154 2075 763 2162; baseline 0.002 -23"><span class='ocrx_word' id='word_1_157' title='bbox 154 2085 189 2139; x_wconf 92' lang='lat' dir='ltr'>et</span> <span class='ocrx_word' id='word_1_158' title='bbox 207 2075 330 2160; x_wconf 74' lang='lat' dir='ltr'>argenti</span> <span class='ocrx_word' id='word_1_159' title='bbox 349 2076 434 2138; x_wconf 90' lang='lat' dir='ltr'>hand</span> <span class='ocrx_word' id='word_1_160' title='bbox 455 2077 611 2140; x_wconf 87' lang='lat' dir='ltr'>modicam</span> <span class='ocrx_word' id='word_1_161' title='bbox 632 2079 763 2162; x_wconf 86' lang='lat' dir='ltr'>copiam.</span> 
     </span>
    </p>
   </div>
   <div class='ocr_carea' id='block_1_3' title="bbox 146 2169 1348 3776">
    <p class='ocr_par' dir='ltr' id='par_1_8' title="bbox 146 2169 1348 3776">
     <span class='ocr_line' id='line_1_21' title="bbox 232 2169 1239 2262; baseline -0.001 -15"><span class='ocrx_word' id='word_1_162' title='bbox 232 2181 352 2247; x_wconf 80' lang='lat' dir='ltr'>Eodem</span> <span class='ocrx_word' id='word_1_163' title='bbox 372 2203 453 2245; x_wconf 84' lang='lat' dir='ltr'>nano</span> <span class='ocrx_word' id='word_1_164' title='bbox 473 2169 563 2248; x_wconf 81' lang='lat' dir='ltr'>inulti</span> <span class='ocrx_word' id='word_1_165' title='bbox 592 2183 839 2247; x_wconf 84' lang='lat' dir='ltr'>Christianorum</span> <span class='ocrx_word' id='word_1_166' title='bbox 870 2205 906 2247; x_wconf 84' lang='lat' dir='ltr'>ex</span> <span class='ocrx_word' id='word_1_167' title='bbox 925 2185 1106 2262; x_wconf 87' lang='lat' dir='ltr'>Palaestina,</span> <span class='ocrx_word' id='word_1_168' title='bbox 1127 2204 1239 2246; x_wconf 86' lang='lat' dir='ltr'>mona-</span> 
     </span>
     <span class='ocr_line' id='line_1_22' title="bbox 154 2266 1240 2367; baseline 0.001 -38"><span class='ocrx_word' id='word_1_169' title='bbox 154 2266 206 2329; x_wconf 87' lang='lat' dir='ltr'>chi</span> <span class='ocrx_word' id='word_1_170' title='bbox 226 2267 390 2330; x_wconf 81' lang='lat' dir='ltr'>scilicetne</span> <span class='ocrx_word' id='word_1_171' title='bbox 410 2267 491 2342; x_wconf 89' lang='lat' dir='ltr'>laici,</span> <span class='ocrx_word' id='word_1_172' title='bbox 511 2275 544 2330; x_wconf 91' lang='lat' dir='ltr'>et</span> <span class='ocrx_word' id='word_1_173' title='bbox 564 2289 599 2330; x_wconf 83' lang='lat' dir='ltr'>er</span> <span class='ocrx_word' id='word_1_174' title='bbox 621 2269 705 2335; x_wconf 86' lang='lat' dir='ltr'>omni</span> <span class='ocrx_word' id='word_1_175' title='bbox 720 2269 810 2367; x_wconf 62' lang='lat' dir='ltr'>Syria</span> <span class='ocrx_word' id='word_1_176' title='bbox 834 2267 863 2330; x_wconf 88' lang='lat' dir='ltr'>in</span> <span class='ocrx_word' id='word_1_177' title='bbox 884 2271 1022 2354; x_wconf 77' lang='lat' dir='ltr'>Cyprum</span> <span class='ocrx_word' id='word_1_178' title='bbox 1042 2289 1166 2345; x_wconf 81' lang='lat' dir='ltr'>venere,</span> <span class='ocrx_word' id='word_1_179' title='bbox 1187 2269 1240 2330; x_wconf 85' lang='lat' dir='ltr'>fn·</span> 
     </span>
     <span class='ocr_line' id='line_1_23' title="bbox 154 2349 1239 2434; baseline 0.001 -23"><span class='ocrx_word' id='word_1_180' title='bbox 154 2349 270 2434; x_wconf 67' lang='lat' dir='ltr'>pientes</span> <span class='ocrx_word' id='word_1_181' title='bbox 287 2351 463 2413; x_wconf 87' lang='lat' dir='ltr'>immensam</span> <span class='ocrx_word' id='word_1_182' title='bbox 487 2351 625 2413; x_wconf 77' lang='lat' dir='ltr'>Arabum</span> <span class='ocrx_word' id='word_1_183' title='bbox 647 2352 856 2415; x_wconf 76' lang='lat' dir='ltr'>afflictionem.</span> <span class='ocrx_word' id='word_1_184' title='bbox 899 2371 971 2414; x_wconf 85' lang='lat' dir='ltr'>oum</span> <span class='ocrx_word' id='word_1_185' title='bbox 992 2351 1076 2414; x_wconf 90' lang='lat' dir='ltr'>enim</span> <span class='ocrx_word' id='word_1_186' title='bbox 1096 2351 1162 2413; x_wconf 87' lang='lat' dir='ltr'>sine</span> <span class='ocrx_word' id='word_1_187' title='bbox 1183 2373 1239 2434; x_wconf 76' lang='lat' dir='ltr'>ge.</span> 
     </span>
     <span class='ocr_line' id='line_1_24' title="bbox 154 2432 1239 2519; baseline 0 -23"><span class='ocrx_word' id='word_1_188' title='bbox 154 2433 254 2497; x_wconf 89' lang='lat' dir='ltr'>nerali</span> <span class='ocrx_word' id='word_1_189' title='bbox 274 2435 455 2519; x_wconf 86' lang='lat' dir='ltr'>principatu</span> <span class='ocrx_word' id='word_1_190' title='bbox 478 2434 570 2519; x_wconf 82' lang='lat' dir='ltr'>Syria</span> <span class='ocrx_word' id='word_1_191' title='bbox 591 2445 668 2497; x_wconf 85' lang='lat' dir='ltr'>esset</span> <span class='ocrx_word' id='word_1_192' title='bbox 689 2443 721 2498; x_wconf 90' lang='lat' dir='ltr'>et</span> <span class='ocrx_word' id='word_1_193' title='bbox 734 2439 891 2519; x_wconf 76' lang='lat' dir='ltr'>Aegyptus</span> <span class='ocrx_word' id='word_1_194' title='bbox 912 2443 945 2497; x_wconf 90' lang='lat' dir='ltr'>et</span> <span class='ocrx_word' id='word_1_195' title='bbox 964 2434 1069 2499; x_wconf 81' lang='lat' dir='ltr'>Africa</span> <span class='ocrx_word' id='word_1_196' title='bbox 1090 2432 1239 2497; x_wconf 72' lang='lat' dir='ltr'>et&#39;omnis</span> 
     </span>
     <span class='ocr_line' id='line_1_25' title="bbox 152 2517 1240 2603; baseline -0.002 -24"><span class='ocrx_word' id='word_1_197' title='bbox 152 2519 255 2602; x_wconf 87' lang='lat' dir='ltr'>princi</span> <span class='ocrx_word' id='word_1_198' title='bbox 279 2528 344 2581; x_wconf 90' lang='lat' dir='ltr'>atus</span> <span class='ocrx_word' id='word_1_199' title='bbox 376 2519 430 2603; x_wconf 89' lang='lat' dir='ltr'>qui</span> <span class='ocrx_word' id='word_1_200' title='bbox 449 2518 506 2581; x_wconf 88' lang='lat' dir='ltr'>sub</span> <span class='ocrx_word' id='word_1_201' title='bbox 528 2518 599 2601; x_wconf 82' lang='lat' dir='ltr'>ipsis</span> <span class='ocrx_word' id='word_1_202' title='bbox 620 2528 684 2594; x_wconf 88' lang='lat' dir='ltr'>cst,</span> <span class='ocrx_word' id='word_1_203' title='bbox 702 2518 872 2581; x_wconf 85' lang='lat' dir='ltr'>homicidia</span> <span class='ocrx_word' id='word_1_204' title='bbox 891 2525 923 2580; x_wconf 88' lang='lat' dir='ltr'>et</span> <span class='ocrx_word' id='word_1_205' title='bbox 944 2518 1072 2599; x_wconf 87' lang='lat' dir='ltr'>rapinae</span> <span class='ocrx_word' id='word_1_206' title='bbox 1093 2529 1125 2581; x_wconf 92' lang='lat' dir='ltr'>et</span> <span class='ocrx_word' id='word_1_207' title='bbox 1149 2517 1240 2578; x_wconf 89' lang='lat' dir='ltr'>adul-</span> 
     </span>
     <span class='ocr_line' id='line_1_26' title="bbox 152 2540 1348 2686; baseline 0.002 -23"><span class='ocrx_word' id='word_1_208' title='bbox 152 2602 233 2665; x_wconf 89' lang='lat' dir='ltr'>teria</span> <span class='ocrx_word' id='word_1_209' title='bbox 252 2540 454 2686; x_wconf 81' lang='lat' dir='ltr'>liaruriaeqne</span> <span class='ocrx_word' id='word_1_210' title='bbox 477 2622 513 2663; x_wconf 88' lang='lat' dir='ltr'>ac</span> <span class='ocrx_word' id='word_1_211' title='bbox 535 2619 640 2664; x_wconf 88' lang='lat' dir='ltr'>omnes</span> <span class='ocrx_word' id='word_1_212' title='bbox 661 2603 720 2663; x_wconf 91' lang='lat' dir='ltr'>deo</span> <span class='ocrx_word' id='word_1_213' title='bbox 740 2600 868 2663; x_wconf 78' lang='lat' dir='ltr'>odibiles</span> <span class='ocrx_word' id='word_1_214' title='bbox 892 2602 1029 2664; x_wconf 81' lang='lat' dir='ltr'>actiones</span> <span class='ocrx_word' id='word_1_215' title='bbox 1049 2602 1080 2663; x_wconf 90' lang='lat' dir='ltr'>in</span> <span class='ocrx_word' id='word_1_216' title='bbox 1100 2600 1239 2663; x_wconf 86' lang='lat' dir='ltr'>civitati·</span> <span class='ocrx_word' id='word_1_217' title='bbox 1345 2660 1348 2665; x_wconf 90' lang='lat'>.</span> 
     </span>
     <span class='ocr_line' id='line_1_27' title="bbox 149 2684 1239 2769; baseline -0.004 -22"><span class='ocrx_word' id='word_1_218' title='bbox 149 2686 208 2747; x_wconf 87' lang='lat' dir='ltr'>bus</span> <span class='ocrx_word' id='word_1_219' title='bbox 229 2694 262 2748; x_wconf 90' lang='lat' dir='ltr'>et</span> <span class='ocrx_word' id='word_1_220' title='bbox 280 2686 358 2747; x_wconf 83' lang='lat' dir='ltr'>villis</span> <span class='ocrx_word' id='word_1_221' title='bbox 380 2706 398 2747; x_wconf 91' lang='lat' dir='ltr'>a</span> <span class='ocrx_word' id='word_1_222' title='bbox 419 2684 565 2747; x_wconf 81' lang='lat' dir='ltr'>divinitus</span> <span class='ocrx_word' id='word_1_223' title='bbox 589 2685 731 2769; x_wconf 84' lang='lat' dir='ltr'>peritura</span> <span class='ocrx_word' id='word_1_224' title='bbox 761 2694 854 2768; x_wconf 81' lang='lat' dir='ltr'>gente</span> <span class='ocrx_word' id='word_1_225' title='bbox 872 2684 1146 2767; x_wconf 84' lang='lat' dir='ltr'>perpetrabantur.</span> <span class='ocrx_word' id='word_1_226' title='bbox 1189 2684 1239 2745; x_wconf 88' lang='lat' dir='ltr'>in.</span> 
     </span>
     <span class='ocr_line' id='line_1_28' title="bbox 153 2767 1240 2853; baseline 0.003 -25"><span class='ocrx_word' id='word_1_227' title='bbox 153 2790 214 2853; x_wconf 88' lang='lat' dir='ltr'>qne</span> <span class='ocrx_word' id='word_1_228' title='bbox 237 2770 317 2831; x_wconf 87' lang='lat' dir='ltr'>alma</span> <span class='ocrx_word' id='word_1_229' title='bbox 347 2768 398 2830; x_wconf 90' lang='lat' dir='ltr'>dei</span> <span class='ocrx_word' id='word_1_230' title='bbox 418 2768 519 2831; x_wconf 88' lang='lat' dir='ltr'>nostri</span> <span class='ocrx_word' id='word_1_231' title='bbox 551 2767 677 2831; x_wconf 81' lang='lat' dir='ltr'>ciuitate</span> <span class='ocrx_word' id='word_1_232' title='bbox 696 2768 828 2830; x_wconf 88' lang='lat' dir='ltr'>colenda</span> <span class='ocrx_word' id='word_1_233' title='bbox 848 2769 933 2846; x_wconf 88' lang='lat' dir='ltr'>loca,</span> <span class='ocrx_word' id='word_1_234' title='bbox 953 2778 1076 2831; x_wconf 86' lang='lat' dir='ltr'>sanctae</span> <span class='ocrx_word' id='word_1_235' title='bbox 1096 2767 1240 2831; x_wconf 87' lang='lat' dir='ltr'>videlicet</span> 
     </span>
     <span class='ocr_line' id='line_1_29' title="bbox 151 2852 1338 2943; baseline -0.007 -28"><span class='ocrx_word' id='word_1_236' title='bbox 151 2852 390 2915; x_wconf 83' lang='lat' dir='ltr'>resurrectionis</span> <span class='ocrx_word' id='word_1_237' title='bbox 412 2874 450 2915; x_wconf 92' lang='lat' dir='ltr'>ac</span> <span class='ocrx_word' id='word_1_238' title='bbox 471 2853 637 2930; x_wconf 81' lang='lat' dir='ltr'>calvariae,</span> <span class='ocrx_word' id='word_1_239' title='bbox 659 2872 717 2915; x_wconf 88' lang='lat' dir='ltr'>ceu</span> <span class='ocrx_word' id='word_1_240' title='bbox 737 2852 856 2935; x_wconf 89' lang='lat' dir='ltr'>reliqua</span> <span class='ocrx_word' id='word_1_241' title='bbox 883 2852 1048 2933; x_wconf 87' lang='lat' dir='ltr'>profanata</span> <span class='ocrx_word' id='word_1_242' title='bbox 1069 2861 1150 2913; x_wconf 85' lang='lat' dir='ltr'>sunt.</span> <span class='ocrx_word' id='word_1_243' title='bbox 1194 2852 1338 2943; x_wconf 64' lang='lat' dir='ltr'>tl-pmta</span> 
     </span>
     <span class='ocr_line' id='line_1_30' title="bbox 150 2934 1236 3017; baseline -0.004 -21"><span class='ocrx_word' id='word_1_244' title='bbox 150 2934 267 2997; x_wconf 87' lang='lat' dir='ltr'>militer</span> <span class='ocrx_word' id='word_1_245' title='bbox 288 2944 391 2997; x_wconf 84' lang='lat' dir='ltr'>autem</span> <span class='ocrx_word' id='word_1_246' title='bbox 423 2944 455 2997; x_wconf 91' lang='lat' dir='ltr'>et</span> <span class='ocrx_word' id='word_1_247' title='bbox 478 2937 584 3000; x_wconf 89' lang='lat' dir='ltr'>laurae</span> <span class='ocrx_word' id='word_1_248' title='bbox 614 2934 711 2997; x_wconf 90' lang='lat' dir='ltr'>eremi</span> <span class='ocrx_word' id='word_1_249' title='bbox 739 2935 967 3017; x_wconf 79' lang='lat' dir='ltr'>opinatissimae</span> <span class='ocrx_word' id='word_1_250' title='bbox 988 2938 1035 3013; x_wconf 62' lang='grc' dir='ltr'>Ἴ,</span> <span class='ocrx_word' id='word_1_251' title='bbox 1058 2936 1155 2997; x_wconf 89' lang='lat' dir='ltr'>sancti</span> <span class='ocrx_word' id='word_1_252' title='bbox 1176 2938 1236 2997; x_wconf 84' lang='lat' dir='ltr'>sci.</span> 
     </span>
     <span class='ocr_line' id='line_1_31' title="bbox 149 3018 1237 3102; baseline 0.001 -22"><span class='ocrx_word' id='word_1_253' title='bbox 149 3019 224 3080; x_wconf 88' lang='lat' dir='ltr'>licet</span> <span class='ocrx_word' id='word_1_254' title='bbox 237 3018 414 3081; x_wconf 80' lang='lat' dir='ltr'>charitonis</span> <span class='ocrx_word' id='word_1_255' title='bbox 436 3027 469 3080; x_wconf 87' lang='lat' dir='ltr'>et</span> <span class='ocrx_word' id='word_1_256' title='bbox 488 3019 586 3081; x_wconf 90' lang='lat' dir='ltr'>sancti</span> <span class='ocrx_word' id='word_1_257' title='bbox 601 3018 708 3093; x_wconf 84' lang='lat' dir='ltr'>Sabae,</span> <span class='ocrx_word' id='word_1_258' title='bbox 731 3026 764 3081; x_wconf 91' lang='lat' dir='ltr'>et</span> <span class='ocrx_word' id='word_1_259' title='bbox 785 3018 904 3102; x_wconf 87' lang='lat' dir='ltr'>reliqua</span> <span class='ocrx_word' id='word_1_260' title='bbox 925 3020 1113 3081; x_wconf 87' lang='lat' dir='ltr'>monasteria</span> <span class='ocrx_word' id='word_1_261' title='bbox 1134 3028 1166 3081; x_wconf 88' lang='lat' dir='ltr'>el</span> <span class='ocrx_word' id='word_1_262' title='bbox 1185 3038 1237 3081; x_wconf 80' lang='lat' dir='ltr'>ec&#39;.</span> 
     </span>
     <span class='ocr_line' id='line_1_32' title="bbox 149 3100 1235 3185; baseline -0.001 -21"><span class='ocrx_word' id='word_1_263' title='bbox 149 3102 261 3164; x_wconf 86' lang='lat' dir='ltr'>clesiae</span> <span class='ocrx_word' id='word_1_264' title='bbox 278 3102 417 3165; x_wconf 82' lang='lat' dir='ltr'>desertae</span> <span class='ocrx_word' id='word_1_265' title='bbox 434 3104 535 3165; x_wconf 83' lang='lat' dir='ltr'>factae</span> <span class='ocrx_word' id='word_1_266' title='bbox 553 3111 643 3163; x_wconf 76' lang='lat' dir='ltr'>sunts</span> <span class='ocrx_word' id='word_1_267' title='bbox 665 3100 718 3162; x_wconf 83' lang='lat' dir='ltr'>alii</span> <span class='ocrx_word' id='word_1_268' title='bbox 751 3122 885 3185; x_wconf 89' lang='lat' dir='ltr'>namque</span> <span class='ocrx_word' id='word_1_269' title='bbox 906 3112 1060 3184; x_wconf 89' lang='lat' dir='ltr'>percepto</span> <span class='ocrx_word' id='word_1_270' title='bbox 1082 3104 1235 3185; x_wconf 87' lang='lat' dir='ltr'>martyrio</span> 
     </span>
     <span class='ocr_line' id='line_1_33' title="bbox 149 3184 1235 3285; baseline -0.004 -38"><span class='ocrx_word' id='word_1_271' title='bbox 149 3185 331 3267; x_wconf 89' lang='lat' dir='ltr'>interempti</span> <span class='ocrx_word' id='word_1_272' title='bbox 347 3195 429 3263; x_wconf 89' lang='lat' dir='ltr'>sunt,</span> <span class='ocrx_word' id='word_1_273' title='bbox 451 3184 591 3247; x_wconf 86' lang='lat' dir='ltr'>aliivero</span> <span class='ocrx_word' id='word_1_274' title='bbox 609 3188 748 3269; x_wconf 87' lang='lat' dir='ltr'>Cyprum</span> <span class='ocrx_word' id='word_1_275' title='bbox 773 3192 804 3246; x_wconf 87' lang='lat' dir='ltr'>et</span> <span class='ocrx_word' id='word_1_276' title='bbox 825 3206 860 3246; x_wconf 82' lang='lat' dir='ltr'>cx</span> <span class='ocrx_word' id='word_1_277' title='bbox 881 3184 940 3247; x_wconf 83' lang='lat' dir='ltr'>hac</span> <span class='ocrx_word' id='word_1_278' title='bbox 953 3186 1133 3285; x_wconf 72' lang='lat' dir='ltr'>Bprautiurn</span> <span class='ocrx_word' id='word_1_279' title='bbox 1156 3204 1235 3266; x_wconf 88' lang='lat' dir='ltr'>pro.</span> 
     </span>
     <span class='ocr_line' id='line_1_34' title="bbox 149 3266 1236 3353; baseline -0.006 -22"><span class='ocrx_word' id='word_1_280' title='bbox 149 3277 320 3351; x_wconf 79' lang='lat' dir='ltr'>pararunt,</span> <span class='ocrx_word' id='word_1_281' title='bbox 344 3289 421 3353; x_wconf 91' lang='lat' dir='ltr'>quos</span> <span class='ocrx_word' id='word_1_282' title='bbox 444 3268 577 3331; x_wconf 85' lang='lat' dir='ltr'>Michael</span> <span class='ocrx_word' id='word_1_283' title='bbox 603 3271 672 3352; x_wconf 89' lang='lat' dir='ltr'>pius</span> <span class='ocrx_word' id='word_1_284' title='bbox 695 3268 870 3353; x_wconf 87' lang='lat' dir='ltr'>imperator</span> <span class='ocrx_word' id='word_1_285' title='bbox 899 3277 930 3331; x_wconf 88' lang='lat' dir='ltr'>et</span> <span class='ocrx_word' id='word_1_286' title='bbox 952 3266 1143 3349; x_wconf 78' lang='lat' dir='ltr'>Nicephorus</span> <span class='ocrx_word' id='word_1_287' title='bbox 1163 3287 1236 3329; x_wconf 91' lang='lat' dir='ltr'>san.</span> 
     </span>
     <span class='ocr_line' id='line_1_35' title="bbox 148 3350 1290 3436; baseline -0.002 -21"><span class='ocrx_word' id='word_1_288' title='bbox 148 3351 298 3415; x_wconf 74' lang='lat' dir='ltr'>ctbaimm</span> <span class='ocrx_word' id='word_1_289' title='bbox 326 3352 503 3436; x_wconf 89' lang='lat' dir='ltr'>patriarcha</span> <span class='ocrx_word' id='word_1_290' title='bbox 532 3352 665 3435; x_wconf 78' lang='lat' dir='ltr'>benigna</span> <span class='ocrx_word' id='word_1_291' title='bbox 695 3350 905 3413; x_wconf 83' lang='lat' dir='ltr'>munificentie</span> <span class='ocrx_word' id='word_1_292' title='bbox 932 3360 1140 3435; x_wconf 75' lang='lat' dir='ltr'>receperuntr</span> <span class='ocrx_word' id='word_1_293' title='bbox 1163 3373 1235 3413; x_wconf 86' lang='lat' dir='ltr'>nam</span> <span class='ocrx_word' id='word_1_294' title='bbox 1287 3420 1290 3427; x_wconf 49' lang='grc'><strong>,</strong></span> 
     </span>
     <span class='ocr_line' id='line_1_36' title="bbox 147 3432 1234 3521; baseline 0 -24"><span class='ocrx_word' id='word_1_295' title='bbox 147 3434 270 3521; x_wconf 82' lang='lat' dir='ltr'>hirqui</span> <span class='ocrx_word' id='word_1_296' title='bbox 290 3445 444 3498; x_wconf 83' lang='lat' dir='ltr'>venerunt</span> <span class='ocrx_word' id='word_1_297' title='bbox 464 3434 504 3497; x_wconf 90' lang='lat' dir='ltr'>ad</span> <span class='ocrx_word' id='word_1_298' title='bbox 526 3436 636 3498; x_wconf 88' lang='lat' dir='ltr'>urbem</span> <span class='ocrx_word' id='word_1_299' title='bbox 653 3436 878 3497; x_wconf 88' lang='lat' dir='ltr'>monasterium</span> <span class='ocrx_word' id='word_1_300' title='bbox 897 3434 1014 3519; x_wconf 79' lang='lat' dir='ltr'>insigne</span> <span class='ocrx_word' id='word_1_301' title='bbox 1028 3432 1164 3510; x_wconf 79' lang='lat' dir='ltr'>donavit,</span> <span class='ocrx_word' id='word_1_302' title='bbox 1187 3434 1234 3497; x_wconf 80' lang='lat' dir='ltr'>his</span> 
     </span>
     <span class='ocr_line' id='line_1_37' title="bbox 146 3516 1234 3603; baseline -0.002 -24"><span class='ocrx_word' id='word_1_303' title='bbox 146 3538 226 3579; x_wconf 81' lang='lat' dir='ltr'>vero</span> <span class='ocrx_word' id='word_1_304' title='bbox 251 3519 306 3602; x_wconf 88' lang='lat' dir='ltr'>qni</span> <span class='ocrx_word' id='word_1_305' title='bbox 328 3519 361 3579; x_wconf 93' lang='lat' dir='ltr'>in</span> <span class='ocrx_word' id='word_1_306' title='bbox 380 3519 486 3603; x_wconf 77' lang='lat' dir='ltr'>Cypro</span> <span class='ocrx_word' id='word_1_307' title='bbox 507 3528 741 3596; x_wconf 85' lang='lat' dir='ltr'>remanserunt,</span> <span class='ocrx_word' id='word_1_308' title='bbox 769 3518 925 3580; x_wconf 84' lang='lat' dir='ltr'>monachis</span> <span class='ocrx_word' id='word_1_309' title='bbox 946 3517 1063 3579; x_wconf 88' lang='lat' dir='ltr'>scilicet</span> <span class='ocrx_word' id='word_1_310' title='bbox 1086 3526 1118 3579; x_wconf 88' lang='lat' dir='ltr'>et</span> <span class='ocrx_word' id='word_1_311' title='bbox 1140 3516 1234 3599; x_wconf 89' lang='lat' dir='ltr'>laicis,</span> 
     </span>
     <span class='ocr_line' id='line_1_38' title="bbox 147 3598 1234 3680; baseline -0.002 -17"><span class='ocrx_word' id='word_1_312' title='bbox 147 3601 300 3665; x_wconf 87' lang='lat' dir='ltr'>talentum</span> <span class='ocrx_word' id='word_1_313' title='bbox 321 3598 390 3664; x_wconf 91' lang='lat' dir='ltr'>auri</span> <span class='ocrx_word' id='word_1_314' title='bbox 409 3602 596 3680; x_wconf 88' lang='lat' dir='ltr'>transmisit,</span> <span class='ocrx_word' id='word_1_315' title='bbox 618 3612 650 3664; x_wconf 91' lang='lat' dir='ltr'>et</span> <span class='ocrx_word' id='word_1_316' title='bbox 677 3600 802 3664; x_wconf 84' lang='lat' dir='ltr'>diversis</span> <span class='ocrx_word' id='word_1_317' title='bbox 823 3600 879 3664; x_wconf 88' lang='lat' dir='ltr'>hos</span> <span class='ocrx_word' id='word_1_318' title='bbox 900 3602 1074 3663; x_wconf 84' lang='lat' dir='ltr'>consolatus</span> <span class='ocrx_word' id='word_1_319' title='bbox 1097 3609 1141 3663; x_wconf 83' lang='lat' dir='ltr'>cst</span> <span class='ocrx_word' id='word_1_320' title='bbox 1162 3622 1234 3661; x_wconf 90' lang='lat' dir='ltr'>mo-</span> 
     </span>
     <span class='ocr_line' id='line_1_39' title="bbox 147 3683 1235 3776; baseline 0 -29"><span class='ocrx_word' id='word_1_321' title='bbox 147 3683 205 3747; x_wconf 87' lang='lat' dir='ltr'>dis.</span> <span class='ocrx_word' id='word_1_322' title='bbox 246 3693 316 3748; x_wconf 90' lang='lat' dir='ltr'>erat</span> <span class='ocrx_word' id='word_1_323' title='bbox 334 3684 452 3771; x_wconf 83' lang='lat' dir='ltr'>quippe</span> <span class='ocrx_word' id='word_1_324' title='bbox 474 3684 605 3776; x_wconf 62' lang='lat' dir='ltr'>Michael</span> <span class='ocrx_word' id='word_1_325' title='bbox 628 3706 700 3769; x_wconf 79' lang='lat' dir='ltr'>erga</span> <span class='ocrx_word' id='word_1_326' title='bbox 721 3706 827 3749; x_wconf 88' lang='lat' dir='ltr'>omnes</span> <span class='ocrx_word' id='word_1_327' title='bbox 847 3684 946 3752; x_wconf 85' lang='lat' dir='ltr'>suavis</span> <span class='ocrx_word' id='word_1_328' title='bbox 976 3684 1100 3770; x_wconf 86' lang='lat' dir='ltr'>quidem</span> <span class='ocrx_word' id='word_1_329' title='bbox 1122 3692 1154 3746; x_wconf 90' lang='lat' dir='ltr'>et</span> <span class='ocrx_word' id='word_1_330' title='bbox 1173 3683 1235 3747; x_wconf 84' lang='lat' dir='ltr'>cle·</span> 
     </span>
    </p>
   </div>
   <div class='ocr_carea' id='block_1_4' title="bbox 182 3881 1233 4165">
    <p class='ocr_par' dir='ltr' id='par_1_9' title="bbox 182 3881 1233 4165">
     <span class='ocr_line' id='line_1_40' title="bbox 182 3881 1233 3971; baseline -0.002 -36"><span class='ocrx_word' id='word_1_331' title='bbox 182 3882 437 3967; x_wconf 68' lang='lat' dir='ltr'>³)opinatissimae]</span> <span class='ocrx_word' id='word_1_332' title='bbox 465 3882 583 3971; x_wconf 77' lang='lat' dir='ltr'>Rulbups</span> <span class='ocrx_word' id='word_1_333' title='bbox 606 3883 679 3937; x_wconf 88' lang='lat' dir='ltr'>inter</span> <span class='ocrx_word' id='word_1_334' title='bbox 697 3900 741 3939; x_wconf 89' lang='lat' dir='ltr'>res</span> <span class='ocrx_word' id='word_1_335' title='bbox 765 3883 873 3939; x_wconf 77' lang='lat' dir='ltr'>Eurehii</span> <span class='ocrx_word' id='word_1_336' title='bbox 891 3882 923 3937; x_wconf 83' lang='lat' dir='ltr'>lt.</span> <span class='ocrx_word' id='word_1_337' title='bbox 941 3882 970 3936; x_wconf 83' lang='grc' dir='ltr'>Ε.</span> <span class='ocrx_word' id='word_1_338' title='bbox 990 3882 1009 3939; x_wconf 83' lang='grc'><strong>8</strong></span> <span class='ocrx_word' id='word_1_339' title='bbox 1028 3882 1056 3935; x_wconf 86' lang='lat' dir='ltr'>l:</span> <span class='ocrx_word' id='word_1_340' title='bbox 1075 3881 1233 3969; x_wconf 59' lang='lat' dir='ltr'>‘&#39;l&#39;lnllll&#39;lss</span> 
     </span>
     <span class='ocr_line' id='line_1_41' title="bbox 215 3954 1232 4095; baseline -0.007 -20"><span class='ocrx_word' id='word_1_341' title='bbox 215 3954 530 4079; x_wconf 54' lang='lat' dir='ltr'>tttltdtffitttt.</span> <span class='ocrx_word' id='word_1_342' title='bbox 541 3957 669 4079; x_wconf 67' lang='lat' dir='ltr'>ttdt</span> <span class='ocrx_word' id='word_1_343' title='bbox 679 3972 748 4079; x_wconf 60' lang='lat'><strong>³¹¹3?</strong></span> <span class='ocrx_word' id='word_1_344' title='bbox 766 3954 861 4095; x_wconf 55' lang='lat' dir='ltr'>tagl:</span> <span class='ocrx_word' id='word_1_345' title='bbox 873 3954 990 4079; x_wconf 64' lang='lat' dir='ltr'>ttl’tt:</span> <span class='ocrx_word' id='word_1_346' title='bbox 1007 3961 1232 4093; x_wconf 60' lang='lat' dir='ltr'>ihil&#39;lil&#39;ssll!</span> 
     </span>
     <span class='ocr_line' id='line_1_42' title="bbox 215 4092 1231 4165; baseline 0.006 -21"><span class='ocrx_word' id='word_1_347' title='bbox 215 4092 344 4162; x_wconf 75' lang='lat' dir='ltr'>lotophos</span> <span class='ocrx_word' id='word_1_348' title='bbox 364 4096 497 4165; x_wconf 86' lang='lat' dir='ltr'>oplnatos.</span> <span class='ocrx_word' id='word_1_349' title='bbox 531 4096 665 4148; x_wconf 77' lang='lat' dir='ltr'>ltinemar.</span> <span class='ocrx_word' id='word_1_350' title='bbox 687 4098 760 4151; x_wconf 74' lang='lat' dir='ltr'>Rem.</span> <span class='ocrx_word' id='word_1_351' title='bbox 775 4096 810 4149; x_wconf 88' lang='lat' dir='ltr'>de</span> <span class='ocrx_word' id='word_1_352' title='bbox 831 4094 995 4149; x_wconf 76' lang='lat' dir='ltr'>Praedestln.</span> <span class='ocrx_word' id='word_1_353' title='bbox 1012 4092 1065 4149; x_wconf 59' lang='grc' dir='ltr'>δάε</span> <span class='ocrx_word' id='word_1_354' title='bbox 1086 4094 1231 4165; x_wconf 70' lang='lat' dir='ltr'>oregnano</span> 
     </span>
    </p>
   </div>
   <div class='ocr_carea' id='block_1_5' title="bbox 216 4164 1211 4240">
    <p class='ocr_par' dir='ltr' id='par_1_10' title="bbox 216 4164 1211 4240">
     <span class='ocr_line' id='line_1_43' title="bbox 216 4164 1211 4240; baseline 0.016 -23"><span class='ocrx_word' id='word_1_355' title='bbox 216 4164 401 4221; x_wconf 68' lang='lat' dir='ltr'>naturum</span> <span class='ocrx_word' id='word_1_356' title='bbox 418 4169 460 4221; x_wconf 81' lang='lat' dir='ltr'>air</span> <span class='ocrx_word' id='word_1_357' title='bbox 477 4170 509 4223; x_wconf 79' lang='lat' dir='ltr'>ln</span> <span class='ocrx_word' id='word_1_358' title='bbox 525 4166 582 4223; x_wconf 85' lang='lat' dir='ltr'>llds</span> <span class='ocrx_word' id='word_1_359' title='bbox 597 4174 627 4223; x_wconf 85' lang='lat' dir='ltr'>et</span> <span class='ocrx_word' id='word_1_360' title='bbox 645 4167 768 4222; x_wconf 72' lang='lat' dir='ltr'>doetnns</span> <span class='ocrx_word' id='word_1_361' title='bbox 787 4166 997 4240; x_wconf 69' lang='lat' dir='ltr'>spinetulum.</span> <span class='ocrx_word' id='word_1_362' title='bbox 1033 4164 1114 4221; x_wconf 62' lang='grc' dir='ltr'>ΡΜ·</span> <span class='ocrx_word' id='word_1_363' title='bbox 1207 4226 1211 4233; x_wconf 90' lang='grc'><em>.</em></span> 
     </span>
    </p>
   </div>
   <div class='ocr_carea' id='block_1_6' title="bbox 0 0 1530 4900">
    <p class='ocr_par' dir='ltr' id='par_1_11' title="bbox 0 0 1530 4900">
     <span class='ocr_line' id='line_1_44' title="bbox 0 0 1530 4900; baseline 0 2"><span class='ocrx_word' id='word_1_364' title='bbox 0 0 1530 4900; x_wconf 95' lang='lat' dir='ltr'> </span> 
     </span>
    </p>
   </div>
  </div>
 </body>
</html>
