3050 4900
265 275 314 348 9ss
414 282 624 352 anastasis
653 285 850 352 ursaourt
876 284 1185 359 ucctrsrasrsca
1231 309 1239 322 ’

263 471 328 517 scm
344 455 500 540 modum
517 457 643 520 exclusit
672 477 691 519 a
712 455 885 542 diptycbls,
903 457 958 520 sed
980 467 1013 522 et
1031 480 1145 523 nomeu
1164 459 1350 524 Hormisdou

263 540 519 684 papauffomaal.
559 539 727 626 posthaec
749 561 827 604 sero
847 542 957 606 timens
976 551 1108 627 quattor
1118 544 1251 608 concilia
1269 566 1358 606 com·

274 645 407 684 rrmau.

131 735 256 804 Μὸθο
348 729 468 810 Quinto
487 750 569 796 anno
590 731 713 815 imperii
734 731 842 796 lastini
860 731 974 794 Zatbas
996 735 1241 814 rasurarum,
1263 755 1350 798 rece-

264 815 374 878 densa
399 835 497 898 regno
518 816 683 878 Persarum
703 825 854 900 regnante
868 815 993 880 Cabade
1017 826 1049 879 et
1061 818 1194 882 Zethum
1215 829 1348 899 amante,

263 899 316 982 qui
339 899 431 960 etiarn
455 899 540 960 illurn
562 900 594 959 in
615 920 720 983 regem
740 903 893 960 Lazorum
906 913 1107 983 provexerat,
1127 904 1212 964 veuit
1231 905 1349 986 bysan-

261 985 341 1044 tium
362 981 400 1042 ad
424 982 597 1057 lustinum,
627 993 658 1044 et
678 984 802 1068 rogavit
833 1005 905 1046 eum
928 993 963 1044 ut
994 986 1084 1047 lieret
1104 985 1295 1047 Christianus
1318 995 1350 1048 et

262 1065 302 1126 ab
323 1065 389 1147 ipso
411 1065 622 1148 appellaretur
643 1065 817 1148 imperator
834 1069 1001 1129 Lasorum.
1035 1077 1068 1128 at
1083 1070 1257 1151 imperator
1278 1091 1350 1130 cum

263 1149 377 1229 gaudio
400 1149 452 1210 illo
472 1160 623 1233 suscepto,
644 1149 873 1229 illuminavit')
904 1173 975 1212 eum
1004 1161 1036 1212 et
1056 1153 1154 1213 lilium
1172 1153 1349 1236 appellavit.

262 1241 430 1315 provectus
451 1241 554 1293 autem
586 1235 759 1314 imperetur
778 1235 970 1295 Lasoruma
995 1236 1111 1297 lustiuo
1132 1237 1275 1318 portavit
1295 1257 1351 1297 co.

263 1335 374 1376 ronam
407 1326 439 1378 et
469 1315 659 1400 chlamydem
685 1317 918 1400 imperatoriam
943 1317 1052 1379 albam.
1095 1340 1158 1402 quo
1182 1329 1347 1402 comperto

264 1399 398 1461 Cabadas
419 1419 472 1462 rex
494 1401 657 1462 Persarum
677 1400 861 1484 significavit
889 1401 1074 1484 imperatori
1096 1403 1223 1482 lustina,
1245 1403 1349 1464 dicens

264 1483 336 1566 quia
357 1505 428 1546 cum
449 1483 585 1545 amicitia
619 1494 651 1546 st
669 1503 729 1566 pax
760 1485 802 1546 sit
827 1484 910 1546 iuter
940 1505 1014 1561 nos,
1043 1507 1124 1568 quae
1152 1486 1349 1546 inimicorum

261 1574 333 1627 suot
354 1567 425 1650 agis,
447 1575 479 1630 et
498 1587 550 1630 eos
572 1565 626 1651 qui
648 1567 704 1628 sub
725 1573 879 1650 potestate
890 1569 1094 1651 Persarumxa
1113 1569 1234 1631 saeculo
1260 1576 1350 1631 erant

261 1649 456 1734 assumpsisti.
499 1650 554 1735 qui
577 1649 694 1711 remisit
715 1651 743 1712 ei
767 1656 844 1711 “nos
863 1672 944 1734 quea
969 1673 1040 1712 uam
1055 1653 1268 1714 subiectorum
1291 1653 1350 1714 im-

261 1732 351 1816 perio
374 1743 429 1794 tuo
453 1754 552 1816 aeque
574 1732 787 1815 assumpsimus
800 1754 903 1818 neque
922 1674 1136 1797 sdbvertimus.
1177 1735 1229 1797 sed
1243 1756 1350 1798 ascen.

262 1816 335 1879 dens
359 1815 472 1877 Zethus
496 1814 535 1876 ad
567 1815 737 1898 imperialia
766 1828 874 1879 nostra
901 1817 1069 1900 procidens
1099 1817 1283 1901 deprecatus
1305 1826 1351 1880 est

263 1911 299 1962 ut
320 1901 359 1962 ab
381 1898 508 1962 scelesto
529 1907 561 1961 et
575 1921 697 1983 pagano
721 1900 867 1985 dogmate
885 1898 1051 1986 impiisque
1068 1903 1226 1964 sacrificiis
1247 1910 1280 1965 et
1299 1923 1351 1963 er·

264 2005 339 2046 rare
364 1982 550 2045 daemonum
582 1984 789 2064 liberaretur,
825 1991 857 2046 et
889 1983 1053 2047 accederet
1079 1984 1119 2047 ad
1152 1985 1351 2048 conditorem

264 2067 403 2128 omnium
423 2066 533 2145 deum,
560 2073 592 2130 ct
610 2069 701 2130 fieret
719 2066 922 2130 Christianus.
977 2067 1062 2130 banc
1083 2089 1139 2130 nos
1157 2069 1351 2151 baptizantes

106 2153 202 2222 tatto
222 2150 449 2211 lttabsolvimus
473 2147 511 2210 ad
533 2151 699 2234 propriam
723 2154 914 2234 regionem.”
955 2173 991 2213 ex
1009 2161 1085 2212 tunc
1105 2173 1180 2235 ergo
1202 2153 1282 2214 sacta
1306 2161 1352 2214 est

263 2233 426 2295 inimicitia
456 2233 539 2295 inter
566 2235 721 2295 Romanos
750 2243 783 2297 et
806 2235 922 2296 Persas.
971 2236 1084 2298 eodem
1117 2256 1245 2321 quoquc
1268 2256 1351 2297 auno

264 2327 347 2400 gesta
367 2324 440 2380 suut
459 2337 540 2402 quae
557 2317 642 2380 circa
661 2317 694 2379 S.
713 2317 853 2382 drethan
880 2329 1104 2402 provenerunt.

132 2445 258 2521 pabit
345 2441 441 2507 Sexto
463 2439 589 2526 imperii
610 2441 718 2506 lustini
732 2465 821 2521 anno
834 2440 1066 2506 Theoderichua
1081 2443 1213 2506 Romam
1233 2452 1349 2521 tcacns,

263 2534 295 2587 et
315 2548 350 2589 ea
374 2549 454 2625 quae
476 2528 542 2589 arii
562 2536 635 2589 sunt
655 2527 789 2610 sapiens,
814 2528 917 2609 coligit
939 2529 1085 2589 loannem
1107 2548 1221 2610 papam
1243 2526 1353 2589 venire

262 2609 445 2707 Byzantium
466 2610 505 2673 ad
528 2610 751 2693 imperatorem
765 2608 914 2671 lustinum
928 2618 960 2671 at
973 2610 1168 2673 intercedere
1188 2632 1249 2693 pro
1260 2610 1352 2673 dria.

262 2714 319 2772 nas,
340 2702 376 2755 at
394 2715 457 2755 nou
478 2695 681 2777 compelleret
704 2692 772 2753 illos
785 2694 824 2753 ab
846 2692 966 2755 haeresi
986 2714 1039 2756 sua
1063 2693 1232 2757 discedere.
1275 2715 1348 2755 uam

263 2784 297 2839 et
315 2775 549 2839 Theoderichus
568 2776 630 2839 boc
651 2777 684 2835 in
706 2773 917 2854 orthodoxos,
941 2776 995 2859 qui
1017 2776 1049 2837 iu
1071 2776 1159 2838 ltalia
1181 2787 1280 2855 erant,
1302 2778 1366 2848 la,

263 2880 337 2921 cere
364 2860 554 2920 minabatur.
596 2861 724 2921 loannes
752 2880 830 2921 vero
849 2859 1031 2941 Byzantium
1052 2860 1194 2938 veniens,
1217 2868 1249 2922 et
1269 2858 1353 2921 iavi-

263 2950 346 3003 tatus
367 2944 406 3006 ab
418 2940 594 3025 Epiphanio
616 2940 806 3025 patriarcha,
828 2964 891 3003 non
912 2944 1074 3020 consentit,
1095 2965 1191 3027 usque
1217 2964 1257 3003 uo
1272 2942 1352 3024 Epi-

262 3026 379 3172 phanio
402 3024 595 3109 praesideret
614 3034 724 3107 utpote
735 3046 818 3108 papa
828 3026 995 3087 Romanus.
1037 3027 1092 3110 qui
1114 2966 1256 3089 omnibus
1278 3025 1352 3110 qui.

286 3131 335 3172 em
364 3109 514 3193 episcopis
551 3108 811 3184 communicavit,
839 3110 1007 3171 Timotheo
1035 3132 1113 3173 vero
1144 3108 1351 3171 Alexandrino

262 3216 326 3255 non
349 3193 596 3255 communicavit.
640 3189 776 3253 Cabades
796 3200 900 3254 autem
918 3193 1084 3257 Persarum
1105 3215 1169 3268 rex,
1191 3195 1270 3254 lilius
1288 3194 1349 3255 Pe-

263 3278 340 3357 rozi,
362 3280 459 3341 multa
480 3276 563 3339 milia
583 3274 838 3337 Manichaeorum
858 3297 929 3337 cum
959 3278 1106 3359 episcopo
1125 3298 1235 3338 eorum
1257 3276 1352 3337 Iada-

262 3383 337 3424 saro
359 3384 420 3423 una
441 3360 491 3423 dia
510 3359 655 3443 peremit,
678 3381 740 3422 una
760 3381 833 3421 cum
852 3362 1047 3423 senatoribus
1067 3360 1177 3435 Persis,
1198 3359 1254 3445 qui
1278 3381 1350 3421 sea.

263 3468 311 3507 sus
344 3466 455 3507 aarum
483 3451 580 3506 eraut.
624 3442 722 3505 filium
754 3441 837 3505 enim
868 3444 952 3521 eius,
983 3443 1111 3506 nomiae
1133 3441 1351 3520 Pthasaarsau,

262 3528 434 3593 Manichaei
455 3550 473 3589 a
493 3548 595 3611 puero
616 3525 800 3588 instruentes
820 3534 857 3593 et,
871 3528 916 3588 sui
931 3549 1033 3589 sensus
1053 3526 1216 3588 efficientes
1236 3547 1351 3609 repro-

264 3614 430 3675 mittebant
451 3610 490 3689 ei,
511 3610 647 3672 dicentes
676 3612 749 3694 quia
773 3620 865 3693 pater
883 3620 953 3672 tuus
980 3611 1090 3686 senuit,
1111 3619 1143 3672 et
1163 3610 1188 3670 si
1208 3610 1352 3691 contige-

265 3696 308 3757 rit
329 3718 400 3757 eum
421 3694 514 3773 mori,
536 3694 691 3778 principes
710 3716 874 3778 magorum
891 3717 988 3756 uuum
1006 3696 1141 3756 fratrum
1154 3704 1284 3755 tuorum
1301 3694 1351 3753 fa-

163 3778 349 3863 pausatam
368 3781 611 3863 imperatorem,
645 3800 683 3839 eo
713 3778 801 3875 quod
831 3787 936 3839 teneat
957 3776 1072 3861 dogma
1090 3778 1240 3861 ipsorum.
1294 3796 1352 3836 uos

263 3872 367 3925 autem
388 3883 547 3947 possumus
568 3883 627 3944 per
648 3870 806 3925 orationes
820 3870 940 3924 nostras
956 3861 1087 3926 suadere
1106 3862 1191 3945 patri
1214 3870 1271 3923 tuo
1292 3860 1350 3923 ab·

299 4091 323 4161 ³¹)
342 4088 515 4173 illuminarit}
535 4092 684 4177 ἐφώτισεν.
704 4094 839 4175 φωτίζεινι
855 4093 883 4144 in
902 4094 1008 4177 scriptis
1027 4100 1133 4161 patrum
1151 4091 1281 4157 accipitur
1298 4100 1348 4162 pro

332 4161 478 4233 baptisare.
497 4180 522 4218 v.
541 4164 653 4233 (aragus.
669 4163 732 4217 Nau
753 4166 793 4226 etc
810 4181 843 4220 se
860 4162 944 4238 ἅγιον
959 4170 1114 4236 perstrepe.
1154 4163 1234 4217 rua.
