3050 4900
298 366 371 433 230
458 368 670 433 nnnsrtsn
699 362 895 431 utsrolttn
923 362 1230 431 EoeLtssasrrct

298 540 380 601 tirsus
402 538 429 601 ei
452 540 592 599 (locantes
615 538 789 621 gratiarum
808 537 952 598 *actiones
979 535 1125 598 deterres.
1167 542 1201 595 at
1222 534 1273 597 ille
1296 524 1391 597 ‹tece-

299 632 370 721 ptus
391 623 475 683 venit
494 644 566 682 cum
589 630 715 719 ceptum
734 621 857 718 milibus
877 620 1028 715 eqpitum,
1049 620 1216 717 unitusque
1235 617 1279 679 illi
1302 618 1394 679 oeci«

201 706 1232 871 aarum,spui1332.ppgb,3333ngpameas..
1253 700 1389 765 ma..

377 899 465 957 Anno
484 895 608 980 imperii
629 894 822 956 Constantini
842 894 880 956 15
894 894 1006 955 Paulus
1021 896 1178 954 Romanae
1192 890 1272 954 sedis
1295 913 1388 975 prae-

294 978 339 1039 sul
360 978 505 1048 babetur.
546 981 666 1041 Nicetas
694 978 896 1061 Heliopoleos
927 976 1198 1038 anathematizatus
1217 986 1263 1037 est
1282 998 1300 1035 a
1319 985 1386 1037 tota

293 1065 429 1126 ecclesia.
473 1064 646 1145 imperator
677 1074 781 1127 autem
802 1062 1019 1123 Constantinus
1041 1061 1136 1145 Syros
1161 1068 1192 1120 et
1212 1058 1385 1136 Armenios,

295 1167 372 1235 quos
395 1171 412 1207 a
434 1145 678 1229 Theodosiopoli
700 1157 732 1207 et
749 1147 899 1207 lllelitana
919 1144 1059 1222 duxerat,
1082 1144 1113 1204 in
1132 1143 1285 1205 Thuscem
1307 1144 1386 1204 emi-

293 1232 406 1313 gravit,
428 1253 464 1293 ex
486 1232 597 1313 quibus
623 1230 716 1290 etiam
747 1228 1002 1290 Panlicianorum
1032 1236 1078 1288 est
1096 1226 1229 1288 haeresis
1249 1225 1385 1287 dilatata.

292 1315 435 1375 similiter
456 1322 487 1375 et
509 1316 537 1373 in
562 1314 641 1375 urbe
669 1312 776 1397 paucis
797 1333 877 1395 prae
903 1311 1096 1373 mortalitate
1118 1309 1206 1371 lactis
1226 1308 1383 1370 habitato.

293 1398 378 1458 ribus
400 1399 473 1473 eins,
496 1396 582 1458 duxit
602 1418 663 1457 ussa
685 1417 756 1457 cum
780 1395 914 1473 familiis,
936 1404 1000 1455 tam
1020 1416 1056 1457 ex
1079 1394 1181 1455 insulis
1206 1404 1237 1455 et
1258 1394 1385 1456 Hellade

291 1504 385 1568 quarn
408 1502 441 1543 ex
465 1480 664 1542 inferioribus
694 1479 856 1562 partibus,
877 1478 985 1567 sieque
1008 1478 1117 1541 urbem
1138 1475 1281 1540 babitare
1300 1476 1386 1554 lecit,

291 1587 383 1649 quarn
406 1575 437 1626 et
461 1564 647 1627 condensam
672 1560 818 1624 reddidit.

372 1670 492 1733 Eodem
520 1692 648 1755 quoque
674 1690 757 1733 anno
779 1670 938 1753 quaesiere
958 1666 1112 1751 Volgares
1131 1677 1225 1751 pacta
1246 1672 1381 1749 propter
1473 1686 1479 1701 ·

290 1765 389 1818 castra
411 1777 490 1839 quae
511 1764 689 1817 constructa
710 1754 847 1815 fuerant.
870 1762 918 1814 ast
931 1751 1125 1835 imperatore
1145 1751 1383 1834 apocrisiarium

289 1860 399 1903 eorum
422 1838 645 1901 dehonestante
667 1836 810 1899 exierunt
833 1835 996 1915 hostiliter,
1017 1845 1049 1899 et
1072 1836 1229 1919 usquead
1255 1836 1382 1917 longum
1401 1846 1404 1851 “

288 1942 412 1982 murum
440 1930 610 1995 venerunt,
643 1929 676 1983 et
705 1920 805 1981 multo
836 1919 956 1982 excidio
987 1928 1172 2003 perpetrato
1204 1917 1300 1986 illaesi
1329 1938 1382 1981 re-

287 2006 369 2067 uersi
394 2012 479 2066 snat.

369 2122 460 2182 Anno
483 2118 607 2202 imperii
630 2120 824 2183 Constantini
857 2116 895 2181 16
919 2126 1149 2185 terraemotus
1170 2116 1254 2181 baud
1276 2116 1383 2182 modi-

190 2212 340 2283 pfiottcus
360 2206 460 2265 faetus
489 2214 533 2267 est
563 2204 594 2263 in
615 2203 787 2267 Palaestina
812 2213 846 2267 et
874 2203 965 2286 Syria
994 2202 1128 2285 septimo
1150 2200 1218 2266 idus
1237 2201 1380 2274 Martias,

286 2296 318 2347 ot
337 2288 409 2349 esrsl
430 2290 528 2351 lactus
557 2296 603 2349 est
623 2286 810 2349 Theodorus
836 2285 1021 2349 Antiochiae
1049 2285 1243 2368 patriarcba,
1265 2284 1381 2347 invidia

285 2371 451 2456 derogatus
472 2374 497 2446 *l
525 2370 682 2449 Arabum,
711 2369 797 2454 quod
830 2370 946 2431 erebro
966 2372 1152 2453 imperatori
1173 2370 1378 2431 Constantino

283 2480 388 2518 eamus
411 2478 521 2517 eorum
541 2476 601 2537 per
622 2454 739 2518 litteras
761 2454 924 2516 indicaret.
948 2455 1034 2517 etde
1054 2465 1161 2517 cetero
1180 2452 1276 2516 Salim
1293 2453 1379 2516 bunc

284 2542 403 2602 casalem
424 2541 506 2616 lecit,
527 2539 652 2600 mittens
674 2561 746 2601 cuns
766 2539 797 2600 in
814 2537 1040 2601 Mobabitidem
1054 2538 1224 2620 regionem,
1245 2535 1381 2619 patriam

282 2645 380 2684 sunm.
424 2622 650 2705 praecepitque
671 2622 752 2684 idern
774 2624 855 2683 atim
877 2643 941 2682 non
963 2621 1187 2684 construendas
1210 2641 1304 2683 noves
1326 2641 1381 2684 ec·

283 2709 387 2770 clesias
411 2727 468 2768 nec
487 2727 614 2766 crucem
634 2704 810 2780 videndam,
831 2703 886 2766 sed
910 2726 1012 2788 neque
1032 2702 1145 2766 dalide
1165 2703 1379 2767 aCbristiano
1429 2720 1440 2740 ·

283 2813 355 2850 cum
379 2790 532 2850 Arabibus
554 2787 838 2870 dogmatizandum.
861 2808 963 2868 porro
984 2788 1157 2853 exereitum
1177 2787 1278 2850 movit
1298 2785 1382 2848 idem

283 2880 395 2934 contra
418 2871 601 2934 Romaniam
636 2893 707 2932 cum
727 2869 770 2932 80
791 2871 932 2952 milibus,
952 2882 986 2933 et
1008 2873 1132 2937 venians
1154 2871 1188 2932 in
1208 2869 1381 2952 Cappado-

283 2954 365 3017 ciam
388 2955 506 3017 audivit
527 2956 765 3018 Constantinum
786 2955 931 3016 adversus
962 2976 995 3018 se
1018 2955 1196 3020 venientem
1214 2964 1380 3026 armatum,

283 3046 317 3100 et
342 3039 468 3100 territus
490 3036 628 3098 inefficax
659 3039 837 3119 repedavit,
862 3037 939 3100 nibil
967 3037 1194 3120 depopulatus,
1216 3036 1273 3104 uisi
1293 3035 1382 3119 quod

285 3122 391 3206 paucis
412 3123 564 3185 Armeniis
584 3119 622 3182 ad
642 3142 673 3182 se
690 3121 921 3184 confluentibus
942 3123 1103 3204 assumptis
1123 3143 1263 3185 reversus
1284 3131 1341 3184 aa.

367 3241 456 3298 Anno
479 3237 602 3319 imperii
624 3238 819 3299 Constantini
845 3236 883 3298 ll
909 3235 1040 3301 Abdclas
1061 3239 1257 3301 tributorum
1279 3235 1380 3298 ratio-

285 3343 355 3381 nrm
379 3323 559 3383 Christianis
592 3322 769 3404 ampliavit,
791 3321 870 3382 adeo
897 3331 934 3384 ot
955 3343 1060 3384 omnes
1082 3321 1252 3384 monachos
1273 3331 1306 3382 et
1329 3321 1379 3380 in-

284 3405 401 3466 clnusos
422 3417 515 3489 atque
530 3405 670 3482 cionitas,
693 3407 745 3487 qui
759 3405 829 3479 „deo
843 3405 1062 3489 beneplacere
1083 3407 1300 3480 noscebantur,
1319 3403 1379 3463 sub

284 3489 409 3550 tributis
433 3491 597 3568 redigeret.
649 3489 782 3570 signavit
811 3497 915 3550 autem
947 3489 1145 3552 ecclesiarum
1165 3485 1380 3562 cimiliarchia,

284 3581 315 3632 et
348 3571 452 3633 esluxit
482 3573 639 3634 llebraeos
668 3571 709 3632 od
737 3571 979 3634 venundandum
1012 3571 1086 3657 illa,
1106 3581 1138 3636 et
1166 3581 1312 3635 emerunt
1341 3587 1380 3633 ea

285 3655 402 3718 liberti.

368 3775 458 3834 Anno
483 3771 606 3855 imperii
626 3770 673 3837 sui
706 3767 746 3834 18
765 3771 987 3837 constantinus
1008 3771 1175 3839 sclavinias
1198 3791 1291 3861 pen&
1311 3769 1379 3836 tta.

322 4009 347 4080 *J
363 4007 516 4082 derogatus]
535 4009 696 4078 διαβληθείς.
715 4009 782 4062 llist.
801 4011 863 4079 trip.
886 4009 939 4063 δὶς
958 4009 1069 4062 eredens
1088 4006 1309 4080 derogationibus
1325 4006 1378 4060 bis.

360 4081 428 4133 Non.
448 4079 589 4131 ‹la-trahere
608 4079 745 4148 derogare.
765 4081 879 4132 Glossas
902 4081 1025 4134 Dositbei
1044 4083 1176 4150 magistri:
1195 4080 1308 4149 derogat
1325 4079 1378 4130 de·

358 4151 441 4202 trabit
456 4149 623 4220 obloquitur.
643 4150 782 4202 Gotlridus
800 4151 883 4203 abbas
901 4151 1016 4206 Vindoc-
1034 4153 1114 4224 epist.
1132 4154 1150 4207 2
1167 4151 1219 4208 2⁹2
1235 4167 1287 4205 nec
1303 4165 1377 4222 pon-

358 4221 425 4274 tisscl
443 4222 512 4276 sicut
528 4221 612 4275 Μανία
630 4221 718 4290 Moysi
735 4221 904 4291 derogarent.
940 4225 1019 4276 Fsss.
