3050 4900
515 361 568 422 EX
596 358 855 426 ratoruauu.
934 409 945 426 ,
1148 353 1230 424 165

144 528 273 611 ignotos.
315 525 348 588 lai
371 547 476 592 omnes
499 529 682 591 babitabant
694 529 884 591 lllaslianiten
896 528 1067 607 heremum,
1090 539 1121 590 et
1142 531 1172 589 in
1194 551 1232 590 eo

143 612 324 674 nutriebant
368 631 471 691 encra,
494 614 525 673 iu
546 613 750 676 tabernaculis
765 621 995 676 conversantes.
1037 621 1109 675 sant
1130 621 1235 675 autem

142 705 172 758 et
192 694 241 756 bis
261 631 435 794 interlbras²
459 697 513 782 qui
532 717 595 758 non
617 705 690 760 sunt
710 697 854 759 detribu
878 698 1019 778 ipsoram
1039 695 1092 758 sed
1113 697 1235 758 axLet.

141 788 216 858 um,
236 778 382 840 videlicet
404 780 435 840 br
456 781 509 862 qni
531 792 686 843 vocantur
699 781 901 856 Ammaoitae,
924 779 955 840 id
977 787 1024 840 est
1043 779 1234 841 Homeritae.

142 862 270 946 quidam
291 883 363 923 sane
394 863 533 944 ipsorum
569 865 812 946 negotiabantur
839 864 870 924 in
895 862 1016 924 camelis
1035 864 1109 923 suis.
1162 884 1236 924 cam

139 955 245 1008 autem
266 945 356 1028 inops
381 956 413 1007 et
432 947 592 1030 orphanus
615 947 791 1032 praedictus
811 946 1067 1018 mecummet,
1090 946 1170 1006 rbus
1190 955 1237 1007 est

139 1029 201 1093 sibi
221 1030 262 1092 ad
290 1029 447 1112 quandam
477 1031 596 1092 intrare
621 1029 785 1093 mulierem
807 1031 993 1111 locupletem
1019 1038 1051 1089 et
1070 1037 1236 1112 cognatam

138 1134 243 1189 arram,
276 1115 401 1174 nomina
426 1111 603 1194 Cbadigan,
624 1113 834 1189 mercenarius
860 1112 898 1173 ad
920 1113 1142 1196 negotiandum
1163 1133 1236 1174 cnm

139 1197 264 1258 camelis
286 1197 347 1257 suis
366 1194 451 1280 apud
470 1201 645 1280 Aegyptum
666 1204 696 1260 et
708 1196 923 1258 Palaestinam.
963 1197 1113 1279 paulatim
1132 1205 1235 1258 autem

139 1279 255 1342 fidncia
276 1299 370 1362 penes
392 1281 489 1360 ipsam
513 1291 663 1363 percepta
688 1281 867 1358 mulierem,
890 1299 970 1363 qaae
990 1281 1083 1342 vidua
1103 1290 1182 1356 erat,
1204 1287 1237 1343 et

140 1365 268 1446 accepit
286 1383 355 1424 eam
375 1383 514 1440 uxorem,
539 1373 572 1426 et
584 1363 694 1426 babuit
709 1363 841 1426 camelos
862 1363 957 1446 ipsius
977 1371 1073 1446 atque
1091 1363 1237 1425 snbstan-

117 1447 230 1524 „tiam.
273 1464 408 1530 cumque
441 1447 562 1509 reniret
594 1449 625 1509 in
648 1448 868 1526 Palaestinam,
899 1446 1144 1510 conversabatur
1164 1467 1236 1507 cam

139 1528 264 1592 ludaeis
285 1539 318 1592 et
341 1529 530 1592 Christianis.
572 1532 715 1612 capiebat
735 1541 838 1593 autem
859 1531 900 1591 ab
922 1533 965 1592 eis
986 1530 1134 1613 quasdam
1154 1530 1237 1590 scri·-

138 1623 262 1756 pturas.
302 1632 404 1694 porro
426 1612 561 1676 babebat
581 1616 752 1698 passionem
765 1615 941 1696 epilepsiae.
984 1634 1050 1694 quo
1069 1623 1272 1693 comper-top·
1284 1616 1338 1670 513

161 1698 231 1758 nias
265 1695 378 1759 conius
410 1696 529 1778 oppido
551 1699 754 1770 tristabatur,
777 1707 889 1778 utpote
911 1697 1086 1774 nobilia-et
1109 1717 1238 1780 qnae-se

139 1780 319 1843 buiusmodi
350 1781 519 1862 copularit,
542 1799 640 1864 egeno
671 1782 790 1844 seilicet
808 1791 841 1845 et
862 1780 1039 1863 epileptiao.
1081 1789 1238 1863 procurat

94 1886 100 1896 ·
139 1883 219 1926 vero
240 1864 308 1946 ipse
341 1863 467 1945 placare
489 1863 571 1925 illam
592 1867 714 1943 taliter,
746 1865 849 1927 dicens
871 1866 944 1948 quin
965 1864 1115 1925 visionem
1182 1884 1238 1923 an·

140 1947 214 2010 dam
238 1946 339 2030 augeli
361 1947 515 2010 Gabrielis
539 1948 614 2010 dicti
638 1949 847 2032 contemptor,
869 1958 901 2010 et
923 1946 1005 2008 baud
1027 1948 1127 2008 terens
1137 1885 1238 2006 (ibi-s

139 2040 301 2114 aspectum
320 2041 425 2093 mente
440 2030 550 2094 deficio
570 2039 602 2094 et
620 2032 707 2094 cado.
730 2034 793 2114 ipsa
815 2052 892 2092 vero
915 2029 1128 2092 cumbaberet
1147 2029 1239 2093 adul-

138 2123 247 2176 terum
276 2113 432 2198 quendm
460 2123 598 2197 propter
623 2115 836 2179 infidelitatem
867 2114 983 2178 ibidem
1005 2114 1123 2177 erulam
1146 2113 1238 2174 balal..

138 2207 280 2275 batem,
302 2196 436 2260 amicum
455 2219 555 2276 suum,
575 2197 725 2270 indicavit
744 2201 774 2261 ei
794 2199 916 2277 omnia,
941 2205 978 2270 et.
993 2219 1107 2271 nomeu
1128 2195 1239 2279 angeli,

138 2291 173 2343 at
198 2280 252 2343 ille
271 2281 389 2346 volens,
407 2303 475 2346 eam
498 2281 633 2346 reddere
654 2293 774 2347 certam
794 2281 871 2346 dixit
893 2282 922 2346 ei
944 2280 1127 2344 “veritatem
1149 2281 1238 2346 locu·
1312 2293 1318 2308 ·

138 2373 190 2428 tus
213 2374 278 2428 est:
300 2365 415 2428 etenim
437 2365 494 2426 iste
516 2368 638 2449 angelus
660 2366 802 2446 mittitur
820 2363 860 2429 ad
881 2375 1009 2438 cunctas
1036 2364 1238 2448 propbetas.''

138 2447 207 2531 ipsa
228 2469 305 2532 ergo
317 2449 420 2531 prima
433 2460 576 2535 suscepto
591 2447 853 2534 pseudomonachi
876 2447 975 2511 verbo
990 2447 1126 2511 credidit
1146 2447 1185 2527 ei,
1206 2457 1238 2508 et

137 2532 338 2615 praedicarit
359 2532 391 2595 id
414 2532 478 2595 aliis
501 2532 682 2612 mulieribus
706 2531 935 2595 contribulibus
956 2532 1027 2607 suis,
1051 2530 1237 2612 prophetam

136 2637 212 2678 eum
233 2637 314 2689 esse;
349 2626 382 2679 et
411 2619 516 2679 taliter
536 2636 571 2679 cx
600 2614 719 2679 seminis
742 2618 823 2679 lama
843 2614 929 2676 venit
945 2607 984 2675 ad
1006 2613 1110 2688 viros,
1132 2612 1235 2694 primo

137 2698 292 2763 duntaxat
313 2697 351 2760 ad
373 2700 622 2783 Abubacbarum,
644 2722 735 2783 quem
759 2708 792 2761 et
810 2720 1015 2761 successorem
1039 2696 1163 2759 dimisit.
1206 2706 1238 2758 et

137 2784 244 2845 tenuit
265 2783 399 2847 haeresis
433 2784 496 2847 eius
525 2795 627 2866 partes
655 2782 803 2860 Etbribi,
838 2791 999 2864 postremo
1025 2803 1084 2864 per
1110 2779 1237 2841 bellum.

137 2888 213 2927 nam
234 2866 373 2949 primum
394 2868 520 2951 quidem
540 2868 662 2929 occulte
692 2867 779 2929 annis
802 2866 918 2941 decem,
940 2877 972 2929 et
993 2864 1076 2938 ballo
1096 2863 1238 2924 similiter
1316 2914 1319 2921 .

105 2954 110 2983 ¹
137 2951 272 3027 decem,
309 2958 341 3013 et
360 2952 519 3013 manifeste
549 2972 670 3013 norem.
724 2950 833 3013 docuit
859 2956 964 3010 autem
985 2949 1144 3010 auditores
1165 2969 1237 3009 suos

136 3031 229 3117 quod
250 3031 304 3116 qui
326 3032 445 3095 occidit
480 3032 638 3095 inimicum
662 3033 711 3096 rel
731 3034 770 3095 ab
792 3032 918 3095 inimico
939 3032 1107 3109 occiditur,
1129 3031 1160 3091 io
1181 3052 1239 3112 pa.

135 3116 279 3178 radisum
299 3116 484 3199 ingreditur.
534 3116 710 3198 paradisum
741 3136 818 3179 vero
849 3116 979 3178 carnalis
1001 3116 1062 3176 cibi
1085 3136 1123 3175 ac
1143 3119 1343 3196 potusp.ttt

135 3208 169 3263 et
192 3200 421 3263 commixtionis
452 3200 619 3263 mulierum
651 3199 858 3283 perhibebat,
884 3196 1079 3281 fluviumque
1105 3194 1169 3259 vini
1199 3217 1237 3258 ac

12 3318 13 3325 κ
134 3283 238 3345 mellis
260 3292 292 3345 at
314 3284 413 3363 lactis,
436 3292 467 3349 et
489 3284 673 3347 seminarum
696 3305 759 3347 non
781 3283 992 3367 praesentium
1014 3279 1067 3342 sed
1089 3279 1234 3356 aliarum,

136 3374 171 3429 et
194 3366 363 3445 misturam
386 3368 557 3429 multorum
578 3388 733 3429 annorum
755 3370 905 3442 futuram,
928 3374 961 3427 et
979 3368 1155 3429 affluentem
1176 3382 1236 3423 vo-

134 3450 301 3533 luptatem,
323 3472 461 3513 necnon
484 3462 517 3514 et
537 3454 594 3513 alia
617 3451 767 3535 quaedum
789 3451 910 3511 luxuria
930 3456 962 3510 et
981 3446 1111 3512 stultitia
1132 3444 1236 3529 plena,

135 3534 277 3615 compati
308 3543 411 3596 tamen
443 3534 574 3597 invicem
608 3544 639 3597 ct
661 3534 801 3595 auxiliari
820 3533 961 3615 patienti.
1003 3552 1104 3615 porro
1126 3526 1235 3591 eodem

135 3637 223 3677 anno
248 3627 337 3680 natus
367 3627 411 3679 est
441 3618 472 3680 in
504 3618 636 3680 Oriente
655 3616 757 3679 David
779 3616 857 3679 filius
878 3615 967 3694 eius,
987 3616 1163 3698 eodemque
1185 3610 1236 3673 die

136 3710 230 3763 uatus
251 3709 297 3763 est
318 3700 478 3765 Heraclius
509 3703 587 3765 filius
610 3702 744 3763 Heraclii
771 3700 923 3777 iunioris,
949 3699 1057 3783 quiet
1079 3698 1235 3759 Constan-

135 3785 222 3847 tinus
246 3786 417 3869 appellatus
438 3796 484 3848 est
507 3797 538 3848 et
558 3787 730 3869 baptisatus
752 3793 799 3845 est
827 3807 844 3843 a
864 3783 977 3866 Sergio
998 3778 1191 3864 patriarcba.

223 3894 314 3956 Anno
345 3893 468 3977 imperii
505 3893 639 3956 Heraclii
673 3892 713 3955 22
744 3891 901 3955 lllodcstns
935 3887 1233 3971 llierosolymitanns

136 3972 275 4037 babetur
304 3978 429 4040 antistes
463 3987 495 4041 et
516 3976 738 4039 Ababacharus
773 3976 835 4038 dux
864 3976 1025 4050 Arabum,
1056 3971 1111 4055 qui
1132 3972 1233 4034 tribus

137 4058 332 4141 principatus
354 4072 400 4123 est
415 4062 509 4123 annis.
551 4062 667 4125 Persae
687 4081 762 4122 vero
785 4060 1021 4122 insurrexerunt
1039 4056 1182 4132 invicem,
1202 4066 1234 4119 et

137 4162 206 4202 sese
224 4153 333 4205 mutuo
358 4145 524 4208 debellant.
582 4143 744 4227 peridem
772 4164 901 4240 quoque
920 4153 1041 4221 tempus
1062 4161 1114 4203 rer
1138 4139 1235 4202 ludo·

141 4246 215 4287 rum
245 4228 342 4290 mittit
370 4227 637 4312 congratulatoria
669 4228 813 4292 Heraclio
843 4228 874 4287 iu
905 4226 1068 4288 Persarum
1090 4222 1232 4287 victoria.
