<?xml version="1.0" encoding="UTF-8"?>
<!DOCTYPE html PUBLIC "-//W3C//DTD XHTML 1.0 Transitional//EN"
    "http://www.w3.org/TR/xhtml1/DTD/xhtml1-transitional.dtd">
<html xmlns="http://www.w3.org/1999/xhtml" xml:lang="en" lang="en">
 <head>
  <title>
</title>
<meta http-equiv="Content-Type" content="text/html;charset=utf-8" />
  <meta name='ocr-system' content='tesseract 3.04.00' />
  <meta name='ocr-capabilities' content='ocr_page ocr_carea ocr_par ocr_line ocrx_word'/>
</head>
<body>
  <div class='ocr_page' id='page_1' title='image "./corpusscriptoru34theogoog_0316.png"; bbox 0 0 3050 4900; ppageno 0'>
   <div class='ocr_carea' id='block_1_1' title="bbox 592 365 1213 433">
    <p class='ocr_par' dir='ltr' id='par_1_1' title="bbox 592 365 1213 433">
     <span class='ocr_line' id='line_1_1' title="bbox 592 365 1213 433; baseline -0.003 -1"><span class='ocrx_word' id='word_1_1' title='bbox 592 367 742 432; x_wconf 78' lang='lat' dir='ltr'><strong>NOTAE.</strong></span> <span class='ocrx_word' id='word_1_2' title='bbox 1140 365 1213 433; x_wconf 78' lang='lat'><strong>307</strong></span> 
     </span>
    </p>
   </div>
   <div class='ocr_carea' id='block_1_2' title="bbox 125 538 1215 711">
    <p class='ocr_par' dir='ltr' id='par_1_2' title="bbox 125 538 1215 711">
     <span class='ocr_line' id='line_1_2' title="bbox 125 538 1215 627; baseline 0.006 -25"><span class='ocrx_word' id='word_1_3' title='bbox 125 549 235 627; x_wconf 78' lang='lat' dir='ltr'><strong>gaunt.</strong></span> <span class='ocrx_word' id='word_1_4' title='bbox 276 539 317 602; x_wconf 84' lang='lat' dir='ltr'><strong>de</strong></span> <span class='ocrx_word' id='word_1_5' title='bbox 336 538 420 604; x_wconf 84' lang='lat' dir='ltr'><strong>hello</strong></span> <span class='ocrx_word' id='word_1_6' title='bbox 435 541 623 608; x_wconf 82' lang='lat' dir='ltr'><strong>llloPersico</strong></span> <span class='ocrx_word' id='word_1_7' title='bbox 635 541 777 605; x_wconf 78' lang='lat' dir='ltr'><strong>Aurelius</strong></span> <span class='ocrx_word' id='word_1_8' title='bbox 786 541 910 621; x_wconf 84' lang='lat' dir='ltr'><strong>Victor,</strong></span> <span class='ocrx_word' id='word_1_9' title='bbox 929 543 1109 626; x_wconf 82' lang='lat' dir='ltr'><strong>Eutropius,</strong></span> <span class='ocrx_word' id='word_1_10' title='bbox 1119 545 1215 608; x_wconf 86' lang='lat' dir='ltr'><strong>Pom-</strong></span> 
     </span>
     <span class='ocr_line' id='line_1_3' title="bbox 127 625 1093 711; baseline 0.004 -25"><span class='ocrx_word' id='word_1_11' title='bbox 127 627 241 711; x_wconf 80' lang='lat' dir='ltr'><strong>panius</strong></span> <span class='ocrx_word' id='word_1_12' title='bbox 263 626 387 704; x_wconf 87' lang='lat' dir='ltr'><strong>Laetus,</strong></span> <span class='ocrx_word' id='word_1_13' title='bbox 411 626 465 709; x_wconf 87' lang='lat' dir='ltr'><strong>qui</strong></span> <span class='ocrx_word' id='word_1_14' title='bbox 484 626 578 688; x_wconf 89' lang='lat' dir='ltr'><strong>etiam</strong></span> <span class='ocrx_word' id='word_1_15' title='bbox 596 625 747 709; x_wconf 86' lang='lat' dir='ltr'><strong>triumphi</strong></span> <span class='ocrx_word' id='word_1_16' title='bbox 768 647 916 710; x_wconf 87' lang='lat' dir='ltr'><strong>pompam</strong></span> <span class='ocrx_word' id='word_1_17' title='bbox 936 627 1093 690; x_wconf 73' lang='lat' dir='ltr'>describit.</span> 
     </span>
    </p>
   </div>
   <div class='ocr_carea' id='block_1_3' title="bbox 130 743 1216 896">
    <p class='ocr_par' dir='ltr' id='par_1_3' title="bbox 130 743 1216 896">
     <span class='ocr_line' id='line_1_4' title="bbox 130 743 1216 896; baseline 0.003 -84"><span class='ocrx_word' id='word_1_18' title='bbox 130 832 150 896; x_wconf 71' lang='lat'><strong>9</strong></span> <span class='ocrx_word' id='word_1_19' title='bbox 209 743 308 895; x_wconf 51' lang='lat' dir='ltr'><strong>{lsi</strong></span> <span class='ocrx_word' id='word_1_20' title='bbox 330 747 532 835; x_wconf 69' lang='grc' dir='ltr'><strong>Καλλίνικον]</strong></span> <span class='ocrx_word' id='word_1_21' title='bbox 556 751 845 836; x_wconf 77' lang='lat' dir='ltr'><strong>Gollciu&#39;cwnponit</strong></span> <span class='ocrx_word' id='word_1_22' title='bbox 857 751 1041 835; x_wconf 90' lang='lat' dir='ltr'><strong>Eutropius,</strong></span> <span class='ocrx_word' id='word_1_23' title='bbox 1061 751 1144 814; x_wconf 83' lang='lat' dir='ltr'><strong>circs</strong></span> <span class='ocrx_word' id='word_1_24' title='bbox 1164 753 1216 816; x_wconf 86' lang='lat' dir='ltr'><strong>lib.</strong></span> 
     </span>
     <span class='ocr_line' id='line_1_5' title="bbox 171 856 297 895; baseline -0.008 0"><span class='ocrx_word' id='word_1_25' title='bbox 171 856 217 895; x_wconf 81' lang='lat' dir='ltr'><strong>en</strong></span> <span class='ocrx_word' id='word_1_26' title='bbox 234 856 297 894; x_wconf 90' lang='lat' dir='ltr'><strong>um.</strong></span> 
     </span>
    </p>
   </div>
   <div class='ocr_carea' id='block_1_4' title="bbox 127 933 1221 1506">
    <p class='ocr_par' dir='ltr' id='par_1_4' title="bbox 127 933 1221 1506">
     <span class='ocr_line' id='line_1_6' title="bbox 210 933 1217 1026; baseline 0.002 -24"><span class='ocrx_word' id='word_1_27' title='bbox 210 941 293 1003; x_wconf 79' lang='lat' dir='ltr'><strong>Ibid.</strong></span> <span class='ocrx_word' id='word_1_28' title='bbox 318 938 370 1002; x_wconf 83' lang='grc'><strong>19.</strong></span> <span class='ocrx_word' id='word_1_29' title='bbox 411 936 523 1018; x_wconf 69' lang='grc' dir='ltr'><strong><em>ἀρθεὶς</em></strong></span> <span class='ocrx_word' id='word_1_30' title='bbox 544 939 579 1002; x_wconf 78' lang='grc' dir='ltr'><strong>δὲ</strong></span> <span class='ocrx_word' id='word_1_31' title='bbox 599 933 662 1002; x_wconf 74' lang='lat' dir='ltr'><strong>siud</strong></span> <span class='ocrx_word' id='word_1_32' title='bbox 684 940 748 1002; x_wconf 75' lang='lat' dir='ltr'><strong>ruis</strong></span> <span class='ocrx_word' id='word_1_33' title='bbox 770 937 973 1026; x_wconf 76' lang='grc' dir='ltr'><strong><em>πραγμάτων]</em></strong></span> <span class='ocrx_word' id='word_1_34' title='bbox 996 943 1053 1005; x_wconf 85' lang='lat' dir='ltr'><strong>ista</strong></span> <span class='ocrx_word' id='word_1_35' title='bbox 1075 942 1114 1004; x_wconf 86' lang='lat' dir='ltr'><strong>ab</strong></span> <span class='ocrx_word' id='word_1_36' title='bbox 1134 963 1217 1004; x_wconf 84' lang='lat' dir='ltr'><strong>suno</strong></span> 
     </span>
     <span class='ocr_line' id='line_1_7' title="bbox 127 1019 1218 1110; baseline -0.002 -22"><span class='ocrx_word' id='word_1_37' title='bbox 127 1019 149 1088; x_wconf 79' lang='lat'>9</span> <span class='ocrx_word' id='word_1_38' title='bbox 170 1025 229 1086; x_wconf 87' lang='lat' dir='ltr'><strong>sibi</strong></span> <span class='ocrx_word' id='word_1_39' title='bbox 249 1045 409 1107; x_wconf 78' lang='lat' dir='ltr'>arrogasse</span> <span class='ocrx_word' id='word_1_40' title='bbox 423 1025 652 1086; x_wconf 73' lang='lat' dir='ltr'><strong>Diocletianum</strong></span> <span class='ocrx_word' id='word_1_41' title='bbox 672 1026 824 1107; x_wconf 89' lang='lat' dir='ltr'><strong>scribunt,</strong></span> <span class='ocrx_word' id='word_1_42' title='bbox 846 1025 1218 1110; x_wconf 82' lang='lat' dir='ltr'><strong>quiEusebiuussaquuu-</strong></span> 
     </span>
     <span class='ocr_line' id='line_1_8' title="bbox 130 1107 1219 1175; baseline 0 -5"><span class='ocrx_word' id='word_1_43' title='bbox 130 1119 183 1170; x_wconf 85' lang='lat' dir='ltr'><strong>tur</strong></span> <span class='ocrx_word' id='word_1_44' title='bbox 207 1111 239 1170; x_wconf 87' lang='lat' dir='ltr'><strong>in</strong></span> <span class='ocrx_word' id='word_1_45' title='bbox 261 1107 433 1175; x_wconf 83' lang='lat' dir='ltr'><strong>chronico:</strong></span> <span class='ocrx_word' id='word_1_46' title='bbox 457 1129 493 1170; x_wconf 85' lang='lat' dir='ltr'><strong>ex</strong></span> <span class='ocrx_word' id='word_1_47' title='bbox 509 1109 712 1170; x_wconf 86' lang='lat' dir='ltr'><strong>victoriarum</strong></span> <span class='ocrx_word' id='word_1_48' title='bbox 725 1118 830 1171; x_wconf 86' lang='lat' dir='ltr'><strong>tamen</strong></span> <span class='ocrx_word' id='word_1_49' title='bbox 842 1119 967 1172; x_wconf 88' lang='lat' dir='ltr'><strong>tumore</strong></span> <span class='ocrx_word' id='word_1_50' title='bbox 985 1111 1027 1171; x_wconf 86' lang='lat' dir='ltr'><strong>ita</strong></span> <span class='ocrx_word' id='word_1_51' title='bbox 1046 1109 1219 1172; x_wconf 86' lang='lat' dir='ltr'><strong>iusolevisse</strong></span> 
     </span>
     <span class='ocr_line' id='line_1_9' title="bbox 132 1187 1220 1276; baseline 0 -22"><span class='ocrx_word' id='word_1_52' title='bbox 132 1201 285 1256; x_wconf 76' lang='lat' dir='ltr'><strong>testantur</strong></span> <span class='ocrx_word' id='word_1_53' title='bbox 308 1213 380 1252; x_wconf 88' lang='lat' dir='ltr'><strong>cum</strong></span> <span class='ocrx_word' id='word_1_54' title='bbox 401 1187 530 1252; x_wconf 79' lang='lat' dir='ltr'><strong>auctore</strong></span> <span class='ocrx_word' id='word_1_55' title='bbox 551 1191 725 1274; x_wconf 75' lang='lat' dir='ltr'><strong>Eutropius</strong></span> <span class='ocrx_word' id='word_1_56' title='bbox 746 1191 798 1256; x_wconf 89' lang='lat' dir='ltr'><strong>lib.</strong></span> <span class='ocrx_word' id='word_1_57' title='bbox 830 1191 850 1254; x_wconf 89' lang='lat'><strong>9</strong></span> <span class='ocrx_word' id='word_1_58' title='bbox 872 1201 1012 1271; x_wconf 83' lang='lat' dir='ltr'><strong>exeunte,</strong></span> <span class='ocrx_word' id='word_1_59' title='bbox 1033 1201 1064 1256; x_wconf 86' lang='lat' dir='ltr'><strong>et</strong></span> <span class='ocrx_word' id='word_1_60' title='bbox 1085 1195 1220 1276; x_wconf 86' lang='lat' dir='ltr'><strong>Pompo·</strong></span> 
     </span>
     <span class='ocr_line' id='line_1_10' title="bbox 132 1273 1221 1360; baseline -0.002 -22"><span class='ocrx_word' id='word_1_61' title='bbox 132 1277 198 1338; x_wconf 86' lang='lat' dir='ltr'><strong>nius</strong></span> <span class='ocrx_word' id='word_1_62' title='bbox 225 1278 346 1352; x_wconf 87' lang='lat' dir='ltr'><strong>Laetus,</strong></span> <span class='ocrx_word' id='word_1_63' title='bbox 367 1274 399 1334; x_wconf 90' lang='lat' dir='ltr'><strong>in</strong></span> <span class='ocrx_word' id='word_1_64' title='bbox 421 1275 525 1336; x_wconf 92' lang='lat' dir='ltr'><strong>Diocl.</strong></span> <span class='ocrx_word' id='word_1_65' title='bbox 559 1275 652 1337; x_wconf 90' lang='lat' dir='ltr'><strong>titulo</strong></span> <span class='ocrx_word' id='word_1_66' title='bbox 676 1273 714 1337; x_wconf 87' lang='lat' dir='ltr'><strong>de</strong></span> <span class='ocrx_word' id='word_1_67' title='bbox 734 1276 948 1360; x_wconf 79' lang='lat' dir='ltr'><strong>magnitudine</strong></span> <span class='ocrx_word' id='word_1_68' title='bbox 970 1277 1094 1358; x_wconf 87' lang='lat' dir='ltr'><strong>imperii</strong></span> <span class='ocrx_word' id='word_1_69' title='bbox 1113 1278 1151 1339; x_wconf 76' lang='lat' dir='ltr'><strong>R.</strong></span> <span class='ocrx_word' id='word_1_70' title='bbox 1172 1277 1221 1336; x_wconf 85' lang='lat' dir='ltr'><strong>vi-</strong></span> 
     </span>
     <span class='ocr_line' id='line_1_11' title="bbox 132 1359 1221 1440; baseline 0.001 -20"><span class='ocrx_word' id='word_1_71' title='bbox 132 1359 249 1422; x_wconf 88' lang='lat' dir='ltr'><strong>dendus</strong></span> <span class='ocrx_word' id='word_1_72' title='bbox 271 1369 315 1419; x_wconf 90' lang='lat' dir='ltr'><strong>est</strong></span> <span class='ocrx_word' id='word_1_73' title='bbox 337 1369 367 1420; x_wconf 86' lang='lat' dir='ltr'><strong>et</strong></span> <span class='ocrx_word' id='word_1_74' title='bbox 380 1359 535 1420; x_wconf 83' lang='lat' dir='ltr'><strong>Pontacus</strong></span> <span class='ocrx_word' id='word_1_75' title='bbox 555 1359 588 1419; x_wconf 90' lang='lat' dir='ltr'><strong>in</strong></span> <span class='ocrx_word' id='word_1_76' title='bbox 611 1359 692 1421; x_wconf 86' lang='lat' dir='ltr'><strong>nolis</strong></span> <span class='ocrx_word' id='word_1_77' title='bbox 710 1359 760 1434; x_wconf 83' lang='lat' dir='ltr'><strong>ad</strong></span> <span class='ocrx_word' id='word_1_78' title='bbox 773 1361 902 1422; x_wconf 87' lang='lat' dir='ltr'><strong>citatum</strong></span> <span class='ocrx_word' id='word_1_79' title='bbox 914 1361 1093 1440; x_wconf 74' lang='lat' dir='ltr'><strong>Eusebium,</strong></span> <span class='ocrx_word' id='word_1_80' title='bbox 1113 1361 1221 1422; x_wconf 84' lang='lat' dir='ltr'><strong>ctGe-</strong></span> 
     </span>
     <span class='ocr_line' id='line_1_12' title="bbox 132 1441 521 1506; baseline -0.01 0"><span class='ocrx_word' id='word_1_81' title='bbox 132 1441 306 1506; x_wconf 86' lang='lat' dir='ltr'><strong>nebrardus</strong></span> <span class='ocrx_word' id='word_1_82' title='bbox 328 1443 361 1503; x_wconf 89' lang='lat' dir='ltr'><strong>in</strong></span> <span class='ocrx_word' id='word_1_83' title='bbox 381 1442 521 1503; x_wconf 84' lang='lat' dir='ltr'><strong>chronic.</strong></span> 
     </span>
    </p>
   </div>
   <div class='ocr_carea' id='block_1_5' title="bbox 133 1543 1222 1800">
    <p class='ocr_par' dir='ltr' id='par_1_5' title="bbox 133 1543 1222 1800">
     <span class='ocr_line' id='line_1_13' title="bbox 217 1543 1220 1630; baseline -0.002 -18"><span class='ocrx_word' id='word_1_84' title='bbox 217 1549 267 1626; x_wconf 71' lang='grc'><strong>11,</strong></span> <span class='ocrx_word' id='word_1_85' title='bbox 288 1544 320 1612; x_wconf 92' lang='grc'><strong>4.</strong></span> <span class='ocrx_word' id='word_1_86' title='bbox 365 1547 607 1610; x_wconf 72' lang='grc' dir='ltr'><strong><em>Κωνσταντίνου</em></strong></span> <span class='ocrx_word' id='word_1_87' title='bbox 635 1547 671 1610; x_wconf 79' lang='grc' dir='ltr'><strong>δὲ</strong></span> <span class='ocrx_word' id='word_1_88' title='bbox 691 1545 753 1609; x_wconf 73' lang='grc' dir='ltr'><strong>τοῦ</strong></span> <span class='ocrx_word' id='word_1_89' title='bbox 771 1543 857 1630; x_wconf 72' lang='lat' dir='ltr'><strong>sios]</strong></span> <span class='ocrx_word' id='word_1_90' title='bbox 893 1547 969 1610; x_wconf 89' lang='lat' dir='ltr'><strong>haec</strong></span> <span class='ocrx_word' id='word_1_91' title='bbox 988 1547 1137 1613; x_wconf 84' lang='lat' dir='ltr'><strong>historice</strong></span> <span class='ocrx_word' id='word_1_92' title='bbox 1157 1567 1220 1610; x_wconf 91' lang='lat' dir='ltr'><strong>nou</strong></span> 
     </span>
     <span class='ocr_line' id='line_1_14' title="bbox 133 1629 1222 1716; baseline -0.001 -21"><span class='ocrx_word' id='word_1_93' title='bbox 133 1633 282 1696; x_wconf 88' lang='lat' dir='ltr'><strong>chronico</strong></span> <span class='ocrx_word' id='word_1_94' title='bbox 303 1631 420 1694; x_wconf 82' lang='lat' dir='ltr'><strong>relata:</strong></span> <span class='ocrx_word' id='word_1_95' title='bbox 457 1653 520 1694; x_wconf 90' lang='lat' dir='ltr'><strong>uon</strong></span> <span class='ocrx_word' id='word_1_96' title='bbox 552 1633 634 1694; x_wconf 89' lang='lat' dir='ltr'><strong>enim</strong></span> <span class='ocrx_word' id='word_1_97' title='bbox 662 1629 806 1714; x_wconf 82' lang='lat' dir='ltr'><strong>adhunc</strong></span> <span class='ocrx_word' id='word_1_98' title='bbox 837 1653 953 1694; x_wconf 85' lang='lat' dir='ltr'><strong>onnam</strong></span> <span class='ocrx_word' id='word_1_99' title='bbox 972 1642 1122 1714; x_wconf 81' lang='lat' dir='ltr'><strong>spectant,</strong></span> <span class='ocrx_word' id='word_1_100' title='bbox 1142 1653 1222 1716; x_wconf 83' lang='lat' dir='ltr'><strong>quse</strong></span> 
     </span>
     <span class='ocr_line' id='line_1_15' title="bbox 133 1715 1055 1800; baseline -0.003 -20"><span class='ocrx_word' id='word_1_101' title='bbox 133 1719 215 1780; x_wconf 89' lang='lat' dir='ltr'><strong>circa</strong></span> <span class='ocrx_word' id='word_1_102' title='bbox 237 1716 410 1778; x_wconf 85' lang='lat' dir='ltr'><strong>Constantii</strong></span> <span class='ocrx_word' id='word_1_103' title='bbox 435 1724 569 1778; x_wconf 90' lang='lat' dir='ltr'><strong>mortem</strong></span> <span class='ocrx_word' id='word_1_104' title='bbox 590 1726 693 1800; x_wconf 77' lang='lat' dir='ltr'><strong>gestas</strong></span> <span class='ocrx_word' id='word_1_105' title='bbox 721 1717 760 1778; x_wconf 92' lang='lat' dir='ltr'><strong>de</strong></span> <span class='ocrx_word' id='word_1_106' title='bbox 783 1715 894 1800; x_wconf 86' lang='lat' dir='ltr'><strong>quibus</strong></span> <span class='ocrx_word' id='word_1_107' title='bbox 915 1715 1055 1778; x_wconf 85' lang='lat' dir='ltr'><strong>inferias.</strong></span> 
     </span>
    </p>
   </div>
   <div class='ocr_carea' id='block_1_6' title="bbox 134 1817 1329 2157">
    <p class='ocr_par' dir='ltr' id='par_1_6' title="bbox 134 1817 1329 2157">
     <span class='ocr_line' id='line_1_16' title="bbox 216 1817 1329 1908; baseline 0 -22"><span class='ocrx_word' id='word_1_108' title='bbox 216 1823 299 1888; x_wconf 81' lang='lat' dir='ltr'><strong>Ibid.</strong></span> <span class='ocrx_word' id='word_1_109' title='bbox 317 1823 347 1885; x_wconf 81' lang='lat'><strong>5.</strong></span> <span class='ocrx_word' id='word_1_110' title='bbox 388 1817 426 1884; x_wconf 82' lang='lat' dir='ltr'><strong>rai</strong></span> <span class='ocrx_word' id='word_1_111' title='bbox 448 1823 649 1904; x_wconf 73' lang='grc' dir='ltr'><strong><em>Χριστιανῶν</em></strong></span> <span class='ocrx_word' id='word_1_112' title='bbox 672 1821 874 1906; x_wconf 80' lang='grc' dir='ltr'><strong><em>φρονοῦντος]</em></strong></span> <span class='ocrx_word' id='word_1_113' title='bbox 895 1833 1032 1908; x_wconf 88' lang='lat' dir='ltr'><strong>propter</strong></span> <span class='ocrx_word' id='word_1_114' title='bbox 1053 1844 1122 1887; x_wconf 78' lang='lat' dir='ltr'><strong>eom</strong></span> <span class='ocrx_word' id='word_1_115' title='bbox 1143 1843 1224 1906; x_wconf 84' lang='lat' dir='ltr'><strong>quse</strong></span> <span class='ocrx_word' id='word_1_116' title='bbox 1324 1875 1329 1886; x_wconf 91' lang='lat'><strong>.</strong></span> 
     </span>
     <span class='ocr_line' id='line_1_17' title="bbox 135 1905 1223 1991; baseline -0.003 -20"><span class='ocrx_word' id='word_1_117' title='bbox 135 1909 166 1971; x_wconf 88' lang='lat' dir='ltr'><strong>in</strong></span> <span class='ocrx_word' id='word_1_118' title='bbox 188 1908 379 1970; x_wconf 83' lang='lat' dir='ltr'><strong>Christianos</strong></span> <span class='ocrx_word' id='word_1_119' title='bbox 401 1906 561 1968; x_wconf 82' lang='lat' dir='ltr'><strong>ferebatur</strong></span> <span class='ocrx_word' id='word_1_120' title='bbox 581 1907 816 1987; x_wconf 80' lang='lat' dir='ltr'><strong>humanitatem,</strong></span> <span class='ocrx_word' id='word_1_121' title='bbox 835 1915 867 1970; x_wconf 87' lang='lat' dir='ltr'><strong>et</strong></span> <span class='ocrx_word' id='word_1_122' title='bbox 889 1929 969 1991; x_wconf 88' lang='lat' dir='ltr'><strong>quae</strong></span> <span class='ocrx_word' id='word_1_123' title='bbox 989 1906 1028 1969; x_wconf 92' lang='lat' dir='ltr'><strong>de</strong></span> <span class='ocrx_word' id='word_1_124' title='bbox 1049 1927 1087 1970; x_wconf 91' lang='lat' dir='ltr'><strong>eo</strong></span> <span class='ocrx_word' id='word_1_125' title='bbox 1105 1907 1138 1968; x_wconf 91' lang='lat' dir='ltr'><strong>in</strong></span> <span class='ocrx_word' id='word_1_126' title='bbox 1158 1905 1223 1969; x_wconf 87' lang='lat' dir='ltr'><strong>eius</strong></span> 
     </span>
     <span class='ocr_line' id='line_1_18' title="bbox 134 1989 1222 2073; baseline -0.002 -21"><span class='ocrx_word' id='word_1_127' title='bbox 134 1992 198 2054; x_wconf 79' lang='lat' dir='ltr'><strong>vita</strong></span> <span class='ocrx_word' id='word_1_128' title='bbox 228 1993 327 2054; x_wconf 85' lang='lat' dir='ltr'><strong>refert</strong></span> <span class='ocrx_word' id='word_1_129' title='bbox 356 1991 506 2053; x_wconf 84' lang='lat' dir='ltr'><strong>Eusebius</strong></span> <span class='ocrx_word' id='word_1_130' title='bbox 539 1991 633 2056; x_wconf 86' lang='lat' dir='ltr'><strong>lib.1</strong></span> <span class='ocrx_word' id='word_1_131' title='bbox 665 2012 734 2073; x_wconf 90' lang='lat' dir='ltr'><strong>cap.</strong></span> <span class='ocrx_word' id='word_1_132' title='bbox 768 1989 816 2052; x_wconf 89' lang='grc'><strong>13.</strong></span> <span class='ocrx_word' id='word_1_133' title='bbox 868 1991 1086 2054; x_wconf 77' lang='lat' dir='ltr'><strong>Constantium</strong></span> <span class='ocrx_word' id='word_1_134' title='bbox 1118 1997 1222 2052; x_wconf 86' lang='lat' dir='ltr'><strong>tamen</strong></span> 
     </span>
     <span class='ocr_line' id='line_1_19' title="bbox 135 2069 1226 2157; baseline -0.004 -19"><span class='ocrx_word' id='word_1_135' title='bbox 135 2075 372 2140; x_wconf 82' lang='lat' dir='ltr'><strong>Constantinum</strong></span> <span class='ocrx_word' id='word_1_136' title='bbox 402 2073 499 2134; x_wconf 86' lang='lat' dir='ltr'><strong>filium</strong></span> <span class='ocrx_word' id='word_1_137' title='bbox 520 2083 687 2157; x_wconf 86' lang='lat' dir='ltr'><strong>praecepto</strong></span> <span class='ocrx_word' id='word_1_138' title='bbox 715 2072 789 2134; x_wconf 88' lang='lat' dir='ltr'><strong>fidei</strong></span> <span class='ocrx_word' id='word_1_139' title='bbox 812 2069 960 2152; x_wconf 86' lang='lat' dir='ltr'><strong>docuisse,</strong></span> <span class='ocrx_word' id='word_1_140' title='bbox 982 2084 1015 2136; x_wconf 84' lang='lat' dir='ltr'><strong>et</strong></span> <span class='ocrx_word' id='word_1_141' title='bbox 1035 2074 1226 2136; x_wconf 81' lang='lat' dir='ltr'><strong>exercendae</strong></span> 
     </span>
    </p>
   </div>
   <div class='ocr_carea' id='block_1_7' title="bbox 135 2155 1225 2308">
    <p class='ocr_par' dir='ltr' id='par_1_7' title="bbox 135 2155 1225 2308">
     <span class='ocr_line' id='line_1_20' title="bbox 135 2155 1225 2306; baseline -0.004 -85"><span class='ocrx_word' id='word_1_142' title='bbox 135 2158 409 2306; x_wconf 50' lang='lat' dir='ltr'><strong>esplaiqlhpistiauos</strong></span> <span class='ocrx_word' id='word_1_143' title='bbox 432 2157 613 2222; x_wconf 81' lang='lat' dir='ltr'><strong>clementius</strong></span> <span class='ocrx_word' id='word_1_144' title='bbox 631 2157 808 2221; x_wconf 87' lang='lat' dir='ltr'><strong>rudimenta</strong></span> <span class='ocrx_word' id='word_1_145' title='bbox 830 2155 948 2220; x_wconf 84' lang='lat' dir='ltr'><strong>dedisse</strong></span> <span class='ocrx_word' id='word_1_146' title='bbox 976 2157 1075 2222; x_wconf 79' lang='lat' dir='ltr'><strong>refert</strong></span> <span class='ocrx_word' id='word_1_147' title='bbox 1095 2156 1225 2220; x_wconf 79' lang='lat' dir='ltr'><strong>Pholius</strong></span> 
     </span>
     <span class='ocr_line' id='line_1_21' title="bbox 135 2259 295 2308; baseline -0.019 -4"><span class='ocrx_word' id='word_1_148' title='bbox 135 2264 174 2304; x_wconf 94' lang='lat' dir='ltr'><strong>co</strong></span> <span class='ocrx_word' id='word_1_149' title='bbox 197 2289 208 2308; x_wconf 91' lang='grc'><strong>.</strong></span> <span class='ocrx_word' id='word_1_150' title='bbox 245 2259 263 2302; x_wconf 87' lang='lat' dir='ltr'><strong>o</strong></span> <span class='ocrx_word' id='word_1_151' title='bbox 287 2285 295 2301; x_wconf 92' lang='lat'><strong>.</strong></span> 
     </span>
    </p>
   </div>
   <div class='ocr_carea' id='block_1_8' title="bbox 222 2338 1091 2429">
    <p class='ocr_par' dir='ltr' id='par_1_8' title="bbox 222 2338 1091 2429">
     <span class='ocr_line' id='line_1_22' title="bbox 222 2338 1091 2429; baseline -0.008 -17"><span class='ocrx_word' id='word_1_152' title='bbox 222 2349 299 2414; x_wconf 67' lang='lat' dir='ltr'><strong>lom</strong></span> <span class='ocrx_word' id='word_1_153' title='bbox 319 2347 350 2410; x_wconf 89' lang='grc'><strong>8.</strong></span> <span class='ocrx_word' id='word_1_154' title='bbox 389 2338 655 2428; x_wconf 70' lang='grc' dir='ltr'><strong><em>μαντευσάμενος]</em></strong></span> <span class='ocrx_word' id='word_1_155' title='bbox 678 2345 761 2410; x_wconf 89' lang='lat' dir='ltr'><strong>idem</strong></span> <span class='ocrx_word' id='word_1_156' title='bbox 779 2347 929 2410; x_wconf 83' lang='lat' dir='ltr'><strong>Eusebius</strong></span> <span class='ocrx_word' id='word_1_157' title='bbox 949 2367 1018 2429; x_wconf 90' lang='lat' dir='ltr'><strong>cap.</strong></span> <span class='ocrx_word' id='word_1_158' title='bbox 1042 2341 1091 2407; x_wconf 91' lang='grc'><strong>14.</strong></span> 
     </span>
    </p>
   </div>
   <div class='ocr_carea' id='block_1_9' title="bbox 136 2449 1227 2705">
    <p class='ocr_par' dir='ltr' id='par_1_9' title="bbox 136 2449 1227 2705">
     <span class='ocr_line' id='line_1_23' title="bbox 220 2449 1227 2541; baseline -0.004 -22"><span class='ocrx_word' id='word_1_159' title='bbox 220 2457 298 2519; x_wconf 68' lang='lat' dir='ltr'><strong>Ihm.</strong></span> <span class='ocrx_word' id='word_1_160' title='bbox 323 2449 372 2519; x_wconf 87' lang='grc'><strong>14.</strong></span> <span class='ocrx_word' id='word_1_161' title='bbox 414 2455 573 2541; x_wconf 77' lang='grc' dir='ltr'><strong><em>Θεοτέκνιρ</em></strong></span> <span class='ocrx_word' id='word_1_162' title='bbox 603 2452 704 2538; x_wconf 81' lang='grc' dir='ltr'><strong><em>γόητι]</em></strong></span> <span class='ocrx_word' id='word_1_163' title='bbox 737 2458 796 2519; x_wconf 83' lang='lat' dir='ltr'><strong>ista</strong></span> <span class='ocrx_word' id='word_1_164' title='bbox 825 2454 919 2518; x_wconf 86' lang='lat' dir='ltr'><strong>fusius</strong></span> <span class='ocrx_word' id='word_1_165' title='bbox 941 2460 1068 2517; x_wconf 77' lang='lat' dir='ltr'><strong>narrata</strong></span> <span class='ocrx_word' id='word_1_166' title='bbox 1091 2454 1227 2536; x_wconf 88' lang='lat' dir='ltr'><strong>reperies</strong></span> 
     </span>
     <span class='ocr_line' id='line_1_24' title="bbox 136 2533 1222 2625; baseline -0.007 -20"><span class='ocrx_word' id='word_1_167' title='bbox 136 2542 221 2625; x_wconf 74' lang='lat' dir='ltr'><strong>apud</strong></span> <span class='ocrx_word' id='word_1_168' title='bbox 241 2541 410 2605; x_wconf 87' lang='lat' dir='ltr'><strong>Eusebium</strong></span> <span class='ocrx_word' id='word_1_169' title='bbox 430 2539 503 2604; x_wconf 91' lang='lat' dir='ltr'><strong>eccl.</strong></span> <span class='ocrx_word' id='word_1_170' title='bbox 526 2539 597 2601; x_wconf 85' lang='lat' dir='ltr'><strong>hist.</strong></span> <span class='ocrx_word' id='word_1_171' title='bbox 621 2560 715 2622; x_wconf 84' lang='lat' dir='ltr'><strong>capp.</strong></span> <span class='ocrx_word' id='word_1_172' title='bbox 735 2540 755 2601; x_wconf 75' lang='lat'>2</span> <span class='ocrx_word' id='word_1_173' title='bbox 776 2538 796 2601; x_wconf 83' lang='lat'>3</span> <span class='ocrx_word' id='word_1_174' title='bbox 817 2533 839 2601; x_wconf 89' lang='grc'><strong>4</strong></span> <span class='ocrx_word' id='word_1_175' title='bbox 859 2547 891 2601; x_wconf 89' lang='lat' dir='ltr'><strong>et</strong></span> <span class='ocrx_word' id='word_1_176' title='bbox 911 2536 942 2615; x_wconf 84' lang='grc'><strong>5,</strong></span> <span class='ocrx_word' id='word_1_177' title='bbox 966 2546 998 2600; x_wconf 85' lang='lat' dir='ltr'><strong>at</strong></span> <span class='ocrx_word' id='word_1_178' title='bbox 1018 2558 1082 2598; x_wconf 91' lang='lat' dir='ltr'><strong>non</strong></span> <span class='ocrx_word' id='word_1_179' title='bbox 1094 2536 1222 2598; x_wconf 79' lang='lat' dir='ltr'><strong>Galerio</strong></span> 
     </span>
     <span class='ocr_line' id='line_1_25' title="bbox 136 2620 1223 2705; baseline -0.007 -16"><span class='ocrx_word' id='word_1_180' title='bbox 136 2628 340 2703; x_wconf 82' lang='lat' dir='ltr'><strong>Maximiano,</strong></span> <span class='ocrx_word' id='word_1_181' title='bbox 362 2624 415 2685; x_wconf 89' lang='lat' dir='ltr'><strong>sed</strong></span> <span class='ocrx_word' id='word_1_182' title='bbox 437 2622 624 2702; x_wconf 83' lang='lat' dir='ltr'><strong>Maximino,</strong></span> <span class='ocrx_word' id='word_1_183' title='bbox 654 2622 745 2683; x_wconf 89' lang='lat' dir='ltr'><strong>acin</strong></span> <span class='ocrx_word' id='word_1_184' title='bbox 772 2620 856 2682; x_wconf 84' lang='lat' dir='ltr'><strong>aliud</strong></span> <span class='ocrx_word' id='word_1_185' title='bbox 878 2631 1008 2705; x_wconf 84' lang='lat' dir='ltr'><strong>tempus,</strong></span> <span class='ocrx_word' id='word_1_186' title='bbox 1031 2620 1223 2681; x_wconf 83' lang='lat' dir='ltr'><strong>ascribenda.</strong></span> 
     </span>
    </p>
   </div>
   <div class='ocr_carea' id='block_1_10' title="bbox 136 2702 1183 2794">
    <p class='ocr_par' dir='ltr' id='par_1_10' title="bbox 136 2702 1183 2794">
     <span class='ocr_line' id='line_1_26' title="bbox 136 2702 1183 2794; baseline -0.009 -20"><span class='ocrx_word' id='word_1_187' title='bbox 136 2714 221 2774; x_wconf 84' lang='lat' dir='ltr'><strong>refer</strong></span> <span class='ocrx_word' id='word_1_188' title='bbox 242 2710 306 2771; x_wconf 91' lang='lat' dir='ltr'><strong>huc</strong></span> <span class='ocrx_word' id='word_1_189' title='bbox 328 2728 408 2794; x_wconf 84' lang='lat' dir='ltr'><strong>quae</strong></span> <span class='ocrx_word' id='word_1_190' title='bbox 426 2705 521 2769; x_wconf 80' lang='lat' dir='ltr'><strong>habet</strong></span> <span class='ocrx_word' id='word_1_191' title='bbox 541 2704 736 2792; x_wconf 75' lang='lat' dir='ltr'><strong>Nicephorut</strong></span> <span class='ocrx_word' id='word_1_192' title='bbox 758 2704 901 2769; x_wconf 82' lang='lat' dir='ltr'><strong>Callistus</strong></span> <span class='ocrx_word' id='word_1_193' title='bbox 920 2704 976 2767; x_wconf 86' lang='lat' dir='ltr'><strong>lib.</strong></span> <span class='ocrx_word' id='word_1_194' title='bbox 1000 2702 1020 2765; x_wconf 88' lang='grc'><strong>7</strong></span> <span class='ocrx_word' id='word_1_195' title='bbox 1044 2724 1112 2787; x_wconf 89' lang='lat' dir='ltr'><strong>cup.</strong></span> <span class='ocrx_word' id='word_1_196' title='bbox 1133 2702 1183 2765; x_wconf 77' lang='lat'><strong>25.</strong></span> 
     </span>
    </p>
   </div>
   <div class='ocr_carea' id='block_1_11' title="bbox 137 2823 1229 3251">
    <p class='ocr_par' dir='ltr' id='par_1_11' title="bbox 137 2823 1229 3251">
     <span class='ocr_line' id='line_1_27' title="bbox 221 2823 1226 2915; baseline -0.008 -19"><span class='ocrx_word' id='word_1_197' title='bbox 221 2831 271 2912; x_wconf 87' lang='grc'><strong>13,</strong></span> <span class='ocrx_word' id='word_1_198' title='bbox 291 2830 322 2895; x_wconf 91' lang='grc'><strong>4.</strong></span> <span class='ocrx_word' id='word_1_199' title='bbox 372 2823 590 2911; x_wconf 73' lang='grc' dir='ltr'><strong><em>προστάγματι</em></strong></span> <span class='ocrx_word' id='word_1_200' title='bbox 616 2830 783 2915; x_wconf 71' lang='grc' dir='ltr'><strong><em>βασιλική]</em></strong></span> <span class='ocrx_word' id='word_1_201' title='bbox 811 2850 847 2893; x_wconf 83' lang='lat' dir='ltr'><strong>ea</strong></span> <span class='ocrx_word' id='word_1_202' title='bbox 868 2850 952 2891; x_wconf 90' lang='lat' dir='ltr'><strong>mens</strong></span> <span class='ocrx_word' id='word_1_203' title='bbox 977 2836 1022 2892; x_wconf 90' lang='lat' dir='ltr'><strong>est</strong></span> <span class='ocrx_word' id='word_1_204' title='bbox 1041 2826 1166 2890; x_wconf 84' lang='lat' dir='ltr'><strong>Eusebii</strong></span> <span class='ocrx_word' id='word_1_205' title='bbox 1188 2826 1226 2888; x_wconf 89' lang='lat' dir='ltr'><strong>ad</strong></span> 
     </span>
     <span class='ocr_line' id='line_1_28' title="bbox 137 2910 1228 2997; baseline -0.006 -18"><span class='ocrx_word' id='word_1_206' title='bbox 137 2941 252 2980; x_wconf 86' lang='lat' dir='ltr'><strong>annum</strong></span> <span class='ocrx_word' id='word_1_207' title='bbox 273 2914 461 2980; x_wconf 83' lang='lat' dir='ltr'><strong>Diocletiani</strong></span> <span class='ocrx_word' id='word_1_208' title='bbox 475 2926 686 2997; x_wconf 76' lang='lat' dir='ltr'><strong>praesentem</strong></span> <span class='ocrx_word' id='word_1_209' title='bbox 708 2914 798 2975; x_wconf 87' lang='lat' dir='ltr'><strong>addit</strong></span> <span class='ocrx_word' id='word_1_210' title='bbox 815 2934 918 2975; x_wconf 83' lang='lat' dir='ltr'><strong>mense</strong></span> <span class='ocrx_word' id='word_1_211' title='bbox 938 2912 1052 2974; x_wconf 77' lang='lat' dir='ltr'><strong>Martio</strong></span> <span class='ocrx_word' id='word_1_212' title='bbox 1067 2914 1096 2973; x_wconf 89' lang='lat' dir='ltr'><strong>in</strong></span> <span class='ocrx_word' id='word_1_213' title='bbox 1119 2910 1228 2973; x_wconf 79' lang='lat' dir='ltr'><strong>dicbus</strong></span> 
     </span>
     <span class='ocr_line' id='line_1_29' title="bbox 137 2994 1229 3085; baseline -0.006 -23"><span class='ocrx_word' id='word_1_214' title='bbox 137 3004 269 3085; x_wconf 87' lang='lat' dir='ltr'><strong>paschae</strong></span> <span class='ocrx_word' id='word_1_215' title='bbox 288 2998 423 3061; x_wconf 90' lang='lat' dir='ltr'><strong>edictum</strong></span> <span class='ocrx_word' id='word_1_216' title='bbox 444 3018 607 3061; x_wconf 79' lang='lat' dir='ltr'><strong>emanasse.</strong></span> <span class='ocrx_word' id='word_1_217' title='bbox 628 2997 835 3080; x_wconf 81' lang='lat' dir='ltr'><strong>adstipulatur</strong></span> <span class='ocrx_word' id='word_1_218' title='bbox 855 2996 1028 3059; x_wconf 90' lang='lat' dir='ltr'><strong>chronicon</strong></span> <span class='ocrx_word' id='word_1_219' title='bbox 1052 2994 1197 3061; x_wconf 82' lang='lat' dir='ltr'><strong>Alexand.</strong></span> <span class='ocrx_word' id='word_1_220' title='bbox 1210 3016 1229 3055; x_wconf 79' lang='lat' dir='ltr'><strong>a</strong></span> 
     </span>
     <span class='ocr_line' id='line_1_30' title="bbox 138 3078 1229 3229; baseline -0.005 -84"><span class='ocrx_word' id='word_1_221' title='bbox 138 3083 382 3229; x_wconf 58' lang='lat' dir='ltr'><strong>‹puptgeminturn</strong></span> <span class='ocrx_word' id='word_1_222' title='bbox 402 3082 582 3225; x_wconf 59' lang='lat' dir='ltr'><strong>agnospitpr</strong></span> <span class='ocrx_word' id='word_1_223' title='bbox 602 3082 757 3225; x_wconf 55' lang='lat' dir='ltr'><strong>epilogum,</strong></span> <span class='ocrx_word' id='word_1_224' title='bbox 781 3079 921 3165; x_wconf 86' lang='lat' dir='ltr'><strong>primum</strong></span> <span class='ocrx_word' id='word_1_225' title='bbox 941 3081 972 3141; x_wconf 92' lang='lat' dir='ltr'><strong>in</strong></span> <span class='ocrx_word' id='word_1_226' title='bbox 993 3078 1145 3158; x_wconf 82' lang='lat' dir='ltr'><strong>ecclesias,</strong></span> <span class='ocrx_word' id='word_1_227' title='bbox 1165 3100 1229 3141; x_wconf 87' lang='lat' dir='ltr'><strong>nou</strong></span> 
     </span>
     <span class='ocr_line' id='line_1_31' title="bbox 139 3186 702 3251; baseline -0.004 -22"><span class='ocrx_word' id='word_1_228' title='bbox 139 3192 191 3231; x_wconf 91' lang='lat' dir='ltr'><strong>mu</strong></span> <span class='ocrx_word' id='word_1_229' title='bbox 220 3188 319 3251; x_wconf 89' lang='lat' dir='ltr'><strong>opos</strong></span> <span class='ocrx_word' id='word_1_230' title='bbox 355 3187 387 3226; x_wconf 87' lang='lat' dir='ltr'><strong>ru</strong></span> <span class='ocrx_word' id='word_1_231' title='bbox 408 3186 495 3227; x_wconf 84' lang='lat' dir='ltr'><strong>sacer</strong></span> <span class='ocrx_word' id='word_1_232' title='bbox 517 3186 582 3227; x_wconf 90' lang='lat' dir='ltr'><strong>oes</strong></span> <span class='ocrx_word' id='word_1_233' title='bbox 606 3188 702 3227; x_wconf 86' lang='lat' dir='ltr'><strong>asu.</strong></span> 
     </span>
    </p>
   </div>
   <div class='ocr_carea' id='block_1_12' title="bbox 138 3264 1232 4104">
    <p class='ocr_par' dir='ltr' id='par_1_12' title="bbox 138 3264 1232 4104">
     <span class='ocr_line' id='line_1_32' title="bbox 220 3264 1229 3353; baseline -0.008 -16"><span class='ocrx_word' id='word_1_234' title='bbox 220 3274 303 3337; x_wconf 82' lang='lat' dir='ltr'><strong>Ibid.</strong></span> <span class='ocrx_word' id='word_1_235' title='bbox 326 3274 375 3335; x_wconf 89' lang='lat'><strong>11.</strong></span> <span class='ocrx_word' id='word_1_236' title='bbox 415 3272 449 3349; x_wconf 79' lang='grc' dir='ltr'><strong>ἐξ</strong></span> <span class='ocrx_word' id='word_1_237' title='bbox 472 3270 764 3353; x_wconf 72' lang='lat' dir='ltr'><strong>dsot&#39;acl’Enscbius</strong></span> <span class='ocrx_word' id='word_1_238' title='bbox 785 3269 869 3334; x_wconf 83' lang='lat' dir='ltr'><strong>lib8</strong></span> <span class='ocrx_word' id='word_1_239' title='bbox 892 3290 959 3351; x_wconf 85' lang='lat' dir='ltr'><strong>cap.</strong></span> <span class='ocrx_word' id='word_1_240' title='bbox 982 3264 1022 3329; x_wconf 74' lang='lat'><strong>96</strong></span> <span class='ocrx_word' id='word_1_241' title='bbox 1041 3266 1081 3329; x_wconf 88' lang='lat' dir='ltr'><strong>de</strong></span> <span class='ocrx_word' id='word_1_242' title='bbox 1100 3266 1229 3329; x_wconf 83' lang='lat' dir='ltr'><strong>Diocle-</strong></span> 
     </span>
     <span class='ocr_line' id='line_1_33' title="bbox 140 3344 1229 3437; baseline -0.009 -16"><span class='ocrx_word' id='word_1_243' title='bbox 140 3359 227 3421; x_wconf 84' lang='lat' dir='ltr'><strong>tiano</strong></span> <span class='ocrx_word' id='word_1_244' title='bbox 247 3365 401 3434; x_wconf 84' lang='lat' dir='ltr'><strong>testatur,</strong></span> <span class='ocrx_word' id='word_1_245' title='bbox 428 3350 471 3427; x_wconf 75' lang='grc' dir='ltr'><strong>οὖς</strong></span> <span class='ocrx_word' id='word_1_246' title='bbox 492 3346 553 3437; x_wconf 76' lang='grc' dir='ltr'><strong>ήδη</strong></span> <span class='ocrx_word' id='word_1_247' title='bbox 580 3352 619 3417; x_wconf 84' lang='grc' dir='ltr'><strong>τοὶ</strong></span> <span class='ocrx_word' id='word_1_248' title='bbox 649 3356 706 3437; x_wconf 79' lang='grc' dir='ltr'><strong>τῆς</strong></span> <span class='ocrx_word' id='word_1_249' title='bbox 730 3354 873 3427; x_wconf 75' lang='grc' dir='ltr'><strong><em>διανοίας</em></strong></span> <span class='ocrx_word' id='word_1_250' title='bbox 901 3352 947 3423; x_wconf 81' lang='grc' dir='ltr'><strong>εἰς</strong></span> <span class='ocrx_word' id='word_1_251' title='bbox 974 3344 1121 3411; x_wconf 77' lang='grc' dir='ltr'><strong><em>ἔκστασιν</em></strong></span> <span class='ocrx_word' id='word_1_252' title='bbox 1141 3346 1229 3433; x_wconf 60' lang='grc' dir='ltr'><strong>αὐτῷ</strong></span> 
     </span>
     <span class='ocr_line' id='line_1_34' title="bbox 138 3434 1229 3523; baseline -0.009 -18"><span class='ocrx_word' id='word_1_253' title='bbox 138 3437 306 3523; x_wconf 73' lang='grc' dir='ltr'><strong><em>παρήγετο.</em></strong></span> <span class='ocrx_word' id='word_1_254' title='bbox 345 3439 423 3501; x_wconf 86' lang='lat' dir='ltr'><strong>adeo</strong></span> <span class='ocrx_word' id='word_1_255' title='bbox 442 3439 589 3501; x_wconf 88' lang='lat' dir='ltr'><strong>nimirum</strong></span> <span class='ocrx_word' id='word_1_256' title='bbox 608 3459 691 3501; x_wconf 84' lang='lat' dir='ltr'><strong>suno</strong></span> <span class='ocrx_word' id='word_1_257' title='bbox 711 3460 730 3499; x_wconf 87' lang='lat' dir='ltr'><strong>a</strong></span> <span class='ocrx_word' id='word_1_258' title='bbox 747 3437 964 3520; x_wconf 85' lang='lat' dir='ltr'><strong>persecutione</strong></span> <span class='ocrx_word' id='word_1_259' title='bbox 986 3442 1071 3494; x_wconf 87' lang='lat' dir='ltr'><strong>mota</strong></span> <span class='ocrx_word' id='word_1_260' title='bbox 1091 3434 1229 3495; x_wconf 84' lang='lat' dir='ltr'><strong>secundo</strong></span> 
     </span>
     <span class='ocr_line' id='line_1_35' title="bbox 141 3516 1231 3587; baseline -0.009 0"><span class='ocrx_word' id='word_1_261' title='bbox 141 3526 255 3587; x_wconf 88' lang='lat' dir='ltr'><strong>morbo</strong></span> <span class='ocrx_word' id='word_1_262' title='bbox 284 3524 460 3586; x_wconf 80' lang='lat' dir='ltr'><strong>laborasse:</strong></span> <span class='ocrx_word' id='word_1_263' title='bbox 490 3536 523 3584; x_wconf 84' lang='lat' dir='ltr'><strong>ut</strong></span> <span class='ocrx_word' id='word_1_264' title='bbox 549 3543 633 3585; x_wconf 80' lang='lat' dir='ltr'><strong>mens</strong></span> <span class='ocrx_word' id='word_1_265' title='bbox 659 3522 730 3583; x_wconf 81' lang='lat' dir='ltr'><strong>inde</strong></span> <span class='ocrx_word' id='word_1_266' title='bbox 760 3521 801 3581; x_wconf 87' lang='lat' dir='ltr'><strong>ds</strong></span> <span class='ocrx_word' id='word_1_267' title='bbox 831 3540 884 3581; x_wconf 86' lang='lat' dir='ltr'><strong>suo</strong></span> <span class='ocrx_word' id='word_1_268' title='bbox 903 3530 983 3579; x_wconf 82' lang='lat' dir='ltr'><strong>statu</strong></span> <span class='ocrx_word' id='word_1_269' title='bbox 1009 3516 1231 3579; x_wconf 69' lang='lat' dir='ltr'><strong>deturbaretur.</strong></span> 
     </span>
     <span class='ocr_line' id='line_1_36' title="bbox 140 3594 1231 3684; baseline -0.01 -15"><span class='ocrx_word' id='word_1_270' title='bbox 140 3609 359 3669; x_wconf 86' lang='lat' dir='ltr'><strong>Constantinus</strong></span> <span class='ocrx_word' id='word_1_271' title='bbox 381 3605 526 3668; x_wconf 86' lang='lat' dir='ltr'><strong>oratione</strong></span> <span class='ocrx_word' id='word_1_272' title='bbox 558 3604 597 3665; x_wconf 92' lang='lat' dir='ltr'><strong>ad</strong></span> <span class='ocrx_word' id='word_1_273' title='bbox 615 3606 668 3666; x_wconf 88' lang='lat' dir='ltr'><strong>SS.</strong></span> <span class='ocrx_word' id='word_1_274' title='bbox 691 3615 817 3665; x_wconf 87' lang='lat' dir='ltr'><strong>coetum</strong></span> <span class='ocrx_word' id='word_1_275' title='bbox 839 3623 908 3684; x_wconf 80' lang='lat' dir='ltr'><strong>cap.</strong></span> <span class='ocrx_word' id='word_1_276' title='bbox 931 3600 980 3665; x_wconf 73' lang='lat'><strong>95.</strong></span> <span class='ocrx_word' id='word_1_277' title='bbox 1023 3594 1077 3661; x_wconf 77' lang='lat' dir='ltr'><strong>dari</strong></span> <span class='ocrx_word' id='word_1_278' title='bbox 1099 3600 1156 3679; x_wconf 86' lang='grc' dir='ltr'><strong>τήν</strong></span> <span class='ocrx_word' id='word_1_279' title='bbox 1175 3598 1231 3675; x_wconf 81' lang='grc' dir='ltr'><strong>τῆς</strong></span> 
     </span>
     <span class='ocr_line' id='line_1_37' title="bbox 139 3674 1232 3773; baseline -0.011 -19"><span class='ocrx_word' id='word_1_280' title='bbox 139 3686 319 3773; x_wconf 72' lang='grc' dir='ltr'><strong><em>ἀφροσύνης</em></strong></span> <span class='ocrx_word' id='word_1_281' title='bbox 339 3686 461 3769; x_wconf 78' lang='grc' dir='ltr'><strong><em>βλάβην</em></strong></span> <span class='ocrx_word' id='word_1_282' title='bbox 481 3686 558 3767; x_wconf 81' lang='grc' dir='ltr'><strong>μιοῖς</strong></span> <span class='ocrx_word' id='word_1_283' title='bbox 584 3682 861 3771; x_wconf 75' lang='grc' dir='ltr'><strong><em>εὐκαταφρονήτου</em></strong></span> <span class='ocrx_word' id='word_1_284' title='bbox 886 3674 1032 3765; x_wconf 80' lang='grc' dir='ltr'><strong><em>οἰκήσεως</em></strong></span> <span class='ocrx_word' id='word_1_285' title='bbox 1052 3678 1232 3765; x_wconf 71' lang='grc' dir='ltr'><strong><em>καθειργμῷ</em></strong></span> 
     </span>
     <span class='ocr_line' id='line_1_38' title="bbox 139 3764 1232 3857; baseline -0.012 -20"><span class='ocrx_word' id='word_1_286' title='bbox 139 3772 335 3855; x_wconf 74' lang='grc' dir='ltr'><strong><em>ἐτιμωρήθη.</em></strong></span> <span class='ocrx_word' id='word_1_287' title='bbox 374 3786 500 3857; x_wconf 82' lang='lat' dir='ltr'><strong>propter</strong></span> <span class='ocrx_word' id='word_1_288' title='bbox 518 3772 623 3832; x_wconf 68' lang='lat' dir='ltr'><strong>odiism</strong></span> <span class='ocrx_word' id='word_1_289' title='bbox 643 3772 795 3833; x_wconf 79' lang='lat' dir='ltr'><strong>amemiae</strong></span> <span class='ocrx_word' id='word_1_290' title='bbox 807 3782 836 3829; x_wconf 86' lang='lat' dir='ltr'><strong>et</strong></span> <span class='ocrx_word' id='word_1_291' title='bbox 853 3767 1046 3828; x_wconf 81' lang='lat' dir='ltr'><strong>delirationis</strong></span> <span class='ocrx_word' id='word_1_292' title='bbox 1067 3768 1154 3826; x_wconf 83' lang='lat' dir='ltr'><strong>unius</strong></span> <span class='ocrx_word' id='word_1_293' title='bbox 1172 3764 1232 3824; x_wconf 83' lang='lat' dir='ltr'><strong>ab·</strong></span> 
     </span>
     <span class='ocr_line' id='line_1_39' title="bbox 139 3848 1231 3937; baseline -0.009 -18"><span class='ocrx_word' id='word_1_294' title='bbox 139 3860 235 3923; x_wconf 72' lang='lat' dir='ltr'><strong>lectae</strong></span> <span class='ocrx_word' id='word_1_295' title='bbox 257 3858 424 3921; x_wconf 73' lang='lat' dir='ltr'><strong>mansionis</strong></span> <span class='ocrx_word' id='word_1_296' title='bbox 444 3856 595 3937; x_wconf 76' lang='lat' dir='ltr'><strong>ergasmlo</strong></span> <span class='ocrx_word' id='word_1_297' title='bbox 626 3854 808 3916; x_wconf 75' lang='lat' dir='ltr'><strong>concredens</strong></span> <span class='ocrx_word' id='word_1_298' title='bbox 836 3874 885 3928; x_wconf 84' lang='lat' dir='ltr'><strong>sc,</strong></span> <span class='ocrx_word' id='word_1_299' title='bbox 912 3868 1026 3935; x_wconf 78' lang='lat' dir='ltr'><strong>poerms</strong></span> <span class='ocrx_word' id='word_1_300' title='bbox 1046 3868 1067 3907; x_wconf 91' lang='lat' dir='ltr'><strong>a</strong></span> <span class='ocrx_word' id='word_1_301' title='bbox 1089 3848 1231 3913; x_wconf 76' lang='lat' dir='ltr'><strong>deotolt.</strong></span> 
     </span>
     <span class='ocr_line' id='line_1_40' title="bbox 142 3930 1232 4016; baseline -0.012 -13"><span class='ocrx_word' id='word_1_302' title='bbox 142 3940 361 4003; x_wconf 85' lang='lat' dir='ltr'><strong>continuatum</strong></span> <span class='ocrx_word' id='word_1_303' title='bbox 381 3940 421 4001; x_wconf 87' lang='lat' dir='ltr'><strong>ad</strong></span> <span class='ocrx_word' id='word_1_304' title='bbox 443 3940 507 4001; x_wconf 90' lang='lat' dir='ltr'><strong>eius</strong></span> <span class='ocrx_word' id='word_1_305' title='bbox 529 3947 665 4001; x_wconf 90' lang='lat' dir='ltr'><strong>mortem</strong></span> <span class='ocrx_word' id='word_1_306' title='bbox 685 3936 840 4013; x_wconf 88' lang='lat' dir='ltr'><strong>delirium,</strong></span> <span class='ocrx_word' id='word_1_307' title='bbox 869 3933 1014 4016; x_wconf 87' lang='lat' dir='ltr'><strong>idemque</strong></span> <span class='ocrx_word' id='word_1_308' title='bbox 1036 3931 1146 3993; x_wconf 87' lang='lat' dir='ltr'><strong>mortis</strong></span> <span class='ocrx_word' id='word_1_309' title='bbox 1167 3930 1232 3992; x_wconf 87' lang='lat' dir='ltr'><strong>eius</strong></span> 
     </span>
     <span class='ocr_line' id='line_1_41' title="bbox 143 4024 582 4104; baseline -0.009 -18"><span class='ocrx_word' id='word_1_310' title='bbox 143 4026 339 4086; x_wconf 83' lang='lat' dir='ltr'><strong>occasionem</strong></span> <span class='ocrx_word' id='word_1_311' title='bbox 360 4024 476 4086; x_wconf 87' lang='lat' dir='ltr'><strong>ibidem</strong></span> <span class='ocrx_word' id='word_1_312' title='bbox 491 4024 582 4104; x_wconf 80' lang='lat' dir='ltr'><strong>legas.</strong></span> 
     </span>
    </p>
   </div>
   <div class='ocr_carea' id='block_1_13' title="bbox 143 4120 1244 4297">
    <p class='ocr_par' dir='ltr' id='par_1_13' title="bbox 143 4120 1244 4297">
     <span class='ocr_line' id='line_1_42' title="bbox 224 4120 1232 4212; baseline -0.009 -21"><span class='ocrx_word' id='word_1_313' title='bbox 224 4132 306 4193; x_wconf 81' lang='lat' dir='ltr'><strong>Ibid.</strong></span> <span class='ocrx_word' id='word_1_314' title='bbox 329 4132 377 4193; x_wconf 89' lang='grc'><strong>14.</strong></span> <span class='ocrx_word' id='word_1_315' title='bbox 427 4130 462 4193; x_wconf 71' lang='grc' dir='ltr'><strong>ἐν</strong></span> <span class='ocrx_word' id='word_1_316' title='bbox 481 4124 665 4212; x_wconf 60' lang='grc' dir='ltr'><strong><em>Λοιαονιρ]</em></strong></span> <span class='ocrx_word' id='word_1_317' title='bbox 697 4128 741 4189; x_wconf 86' lang='lat' dir='ltr'><strong>ita</strong></span> <span class='ocrx_word' id='word_1_318' title='bbox 770 4126 878 4210; x_wconf 80' lang='lat' dir='ltr'><strong>lugunt</strong></span> <span class='ocrx_word' id='word_1_319' title='bbox 905 4132 1017 4187; x_wconf 86' lang='lat' dir='ltr'><strong>cuncta</strong></span> <span class='ocrx_word' id='word_1_320' title='bbox 1035 4120 1232 4204; x_wconf 82' lang='lat' dir='ltr'><strong>exemplaris.</strong></span> 
     </span>
     <span class='ocr_line' id='line_1_43' title="bbox 143 4205 1244 4297; baseline -0.011 -20"><span class='ocrx_word' id='word_1_321' title='bbox 143 4214 319 4297; x_wconf 83' lang='lat' dir='ltr'><strong>Eutropius</strong></span> <span class='ocrx_word' id='word_1_322' title='bbox 339 4216 506 4279; x_wconf 61' lang='lat' dir='ltr'><strong>maniam</strong></span> <span class='ocrx_word' id='word_1_323' title='bbox 526 4212 647 4276; x_wconf 84' lang='lat' dir='ltr'><strong>scribit.</strong></span> <span class='ocrx_word' id='word_1_324' title='bbox 696 4222 898 4275; x_wconf 68' lang='lat' dir='ltr'><strong>commentat</strong></span> <span class='ocrx_word' id='word_1_325' title='bbox 916 4222 981 4272; x_wconf 83' lang='lat' dir='ltr'><strong>tum</strong></span> <span class='ocrx_word' id='word_1_326' title='bbox 995 4205 1129 4271; x_wconf 70' lang='lat' dir='ltr'><strong>Selom</strong></span> <span class='ocrx_word' id='word_1_327' title='bbox 1147 4224 1244 4285; x_wconf 70' lang='lat' dir='ltr'><strong>sanies,</strong></span> 
     </span>
    </p>
   </div>
   <div class='ocr_carea' id='block_1_14' title="bbox 0 0 1549 4900">
    <p class='ocr_par' dir='ltr' id='par_1_14' title="bbox 0 0 1549 4900">
     <span class='ocr_line' id='line_1_44' title="bbox 0 0 1549 4900; baseline 0 0"><span class='ocrx_word' id='word_1_328' title='bbox 0 0 1549 4900; x_wconf 95' lang='lat' dir='ltr'><strong> </strong></span> 
     </span>
    </p>
   </div>
  </div>
 </body>
</html>
