3050 4900
516 290 570 350 Ex
604 287 863 354 'futurumve
1163 285 1232 354 117

141 451 241 528 licilia,
263 451 362 517 multa
387 452 582 516 incurrentes
603 454 752 537 pericula.
797 467 932 537 cumque
943 455 988 517 sol
1010 463 1098 516 ortus
1120 457 1235 536 fnisset,

140 558 157 598 a
180 535 358 598 calamitate
382 535 605 614 liberabantur,
629 538 979 621 nemineperscquente,
1002 547 1032 598 et
1047 539 1234 618 pervenies.

138 627 184 682 tes
203 617 244 680 ad
265 629 450 702 praetorem
468 619 552 682 huuc
574 620 694 682 iniuriis
713 621 849 704 pessimis
872 621 1136 702 blasphemabant.
1178 644 1234 684 ve.

137 723 211 766 rum
232 703 344 764 Persae
363 702 467 764 fictam
488 705 693 766 existimantes
706 705 810 788 bigam
823 704 969 788 persequi
991 705 1054 766 ausi
1068 725 1132 766 nou
1152 715 1234 767 sunt.

136 806 240 868 porro
261 785 423 848 Heraclius
444 795 633 850 transmeans
645 787 775 872 Tigrim,
796 809 1000 871 quaecunque
1021 787 1159 849 Medicas
1181 809 1234 849 re.
1299 835 1302 837 a
1323 867 1327 870 ἡ

135 868 237 1014 gionis
261 877 354 932 erant
368 869 496 953 iusignia
524 867 671 952 praedia,
700 871 764 952 igni
785 872 950 951 tradebat,
971 881 1003 933 et
1025 873 1069 933 sic
1093 872 1133 933 ad
1155 871 1234 932 Phi.

150 953 294 1036 ippicum
316 952 412 1015 rediit
432 973 504 1014 cum
522 954 628 1035 spoliis
650 954 766 1015 multis.

220 1058 331 1120 Mundi
352 1081 434 1120 anno
449 1057 542 1137 6079,
562 1059 686 1123 divinae
700 1060 921 1122 incarnationis
932 1082 1014 1122 anno
1027 1059 1099 1138 579,
1119 1062 1232 1145 quinto

133 1141 263 1224 imperii
283 1143 428 1204 Mauricii
453 1165 536 1205 auno
569 1147 707 1206 Avarum
738 1144 892 1228 chaganus
922 1144 1051 1206 loedere
1083 1144 1328 1216 dissolutor-³9⁶

132 1225 267 1311 Mysiam
287 1233 320 1288 et
331 1225 490 1310 Scythiam
512 1229 664 1290 atrociter
684 1229 890 1311 expugnabat,
910 1229 1092 1290 subvertens
1106 1229 1234 1290 Ratiar-

132 1331 208 1370 uam
240 1318 272 1371 et
292 1310 467 1372 Bononiam
496 1320 528 1373 et
554 1312 649 1394 Aquis
679 1321 711 1373 et
742 1311 950 1373 Dorostolnm
976 1322 1008 1373 at
1032 1311 1179 1394 Zandapa
1201 1321 1246 1376 et.

132 1392 410 1474 Marcianopolim.
436 1393 647 1456 Comentiolns
669 1415 747 1456 vero
772 1395 811 1456 ad
831 1395 990 1455 maritima
1011 1395 1107 1472 uenit,
1130 1404 1162 1458 ct
1182 1417 1233 1456 se.

131 1485 251 1558 parato
273 1479 415 1540 exercitu
437 1477 658 1559 improbabiles
680 1478 827 1540 discrevit
846 1479 885 1540 ab
907 1478 1043 1560 optimis,
1064 1487 1096 1540 et
1117 1479 1232 1541 inutilis

132 1558 262 1642 qnidam
283 1560 406 1621 virtutis
424 1559 629 1644 quadraginta
645 1560 728 1624 milia
740 1561 900 1624 custodire
916 1561 1029 1621 vallum
1051 1560 1145 1640 iubet,
1170 1563 1233 1623 ele·

133 1653 263 1705 ntorum
285 1653 390 1704 autem
410 1644 559 1706 sexmilia
581 1665 711 1721 sumens,
734 1645 798 1707 duo
816 1645 900 1706 milia
914 1666 950 1707 ex
970 1643 1016 1720 his
1028 1643 1125 1705 tradit
1138 1645 1231 1706 Casto

133 1734 167 1788 et
189 1727 254 1788 dno
267 1729 414 1804 Martino‚
436 1737 467 1789 et
487 1728 554 1810 ipse
567 1727 830 1810 ainohussurnptis
846 1737 959 1789 contra
979 1727 1130 1789 barbaros
1155 1747 1255 1810 pro..

131 1819 236 1892 perat.
292 1811 398 1872 Castus
432 1818 536 1872 autem
565 1811 689 1873 veniens
720 1810 866 1894 Zandapa
896 1821 929 1873 et
954 1813 1079 1889 Emon,
1099 1811 1232 1895 repertis

131 1891 277 1955 barbaris
298 1893 329 1954 in
353 1893 469 1956 desidia
487 1894 672 1973 constitutis,
694 1895 807 1958 multos
831 1917 866 1956 ex
887 1896 930 1956 eis
951 1894 1114 1974 disperdit,
1128 1915 1231 2038 prae-

132 1975 272 2060 dansque
295 1976 425 2058 multam
453 1976 593 2040 obtinens
625 1979 782 2060 armigero
815 1977 855 2039 ad
874 1977 1054 2039 salvandam
1077 1987 1125 2038 tra
1150 1977 1230 2040 chat.

130 2061 286 2122 Martinus
308 2069 412 2128 autem
441 2061 525 2122 circa
546 2065 636 2124 Mean
658 2063 816 2125 civitatem
843 2061 981 2138 effectus,
1002 2070 1036 2124 et
1057 2061 1089 2122 in
1114 2059 1232 2144 chage-

130 2165 209 2204 num
228 2163 265 2206 ex
286 2142 445 2225 insperato
463 2144 637 2225 incurrens,
659 2144 772 2208 multos
789 2145 911 2208 virtutis
935 2145 1000 2215 eins
1022 2145 1161 2222 extinxit,
1185 2143 1231 2209 ita

129 2237 168 2289 ut
187 2226 239 2288 ille
258 2226 390 2290 salntem
416 2249 502 2290 suam
534 2229 607 2312 fuga
635 2237 791 2293 mercatus
811 2230 861 2296 sit.
910 2230 1063 2291 Martinus
1082 2250 1159 2313 vero
1181 2227 1231 2288 vi-

129 2311 232 2374 ctoria
253 2311 391 2393 gloriosa
422 2321 572 2394 percepta
595 2311 634 2373 ad
655 2323 838 2395 praetorem
871 2309 1100 2391 revertebatur,
1121 2309 1175 2372 uhi
1197 2330 1230 2386 se

127 2393 318 2477 promiserat
338 2415 390 2459 eos
411 2404 656 2479 expectaturum.
707 2394 920 2458 Comentiolus
941 2402 1044 2457 autem
1060 2391 1229 2459 formidine

127 2499 251 2559 pressus
272 2480 536 2563 Marcianopolim
561 2478 675 2551 rediit;
698 2478 753 2561 qui
777 2500 840 2540 uon
854 2478 1043 2539 invenientes
1065 2498 1136 2537 eum
1159 2476 1228 2539 col·

127 2564 275 2645 legerunt
304 2563 455 2625 exercitus
476 2584 566 2638 snos,
588 2570 621 2625 et
655 2582 714 2645 per
745 2572 850 2623 artum
871 2559 977 2623 locum
1006 2559 1094 2620 Aemi
1125 2568 1227 2621 castra

127 2654 269 2707 movent.
318 2654 351 2707 at
381 2668 458 2709 vero
480 2647 635 2711 Martinus
664 2642 772 2709 videns
810 2644 985 2725 choganum
1013 2639 1328 2713 namnetensem

126 2726 261 2790 lluvium
280 2727 321 2791 ad
339 2732 518 2811 praetorem
539 2728 643 2793 rediit.
686 2728 794 2793 Castus
816 2736 920 2790 antem
942 2729 1075 2791 transito
1097 2726 1226 2792 llnmine

126 2812 387 2896 appropinquans
414 2811 460 2873 his
488 2813 542 2896 qui
573 2822 839 2895 praecurrerant,
864 2814 1001 2874 Avarum
1021 2810 1144 2871 obtinet
1163 2832 1225 2893 pu·

125 2918 228 2978 gnam.
269 2916 370 2978 porro
394 2896 466 2957 vani
486 2896 647 2961 cuiusdam
669 2895 828 2959 daemonis
847 2894 1141 2977 repromissionibus
1168 2895 1224 2955 de-

126 2987 237 3061 ceptus
270 2998 333 3041 nou
369 2980 465 3043 rediit
496 2979 536 3041 ad
564 2988 757 3063 praetorem.
814 2989 1002 3061 posteraque
1035 2979 1086 3039 die
1117 2986 1225 3039 teneus

126 3063 274 3125 transitus
296 3062 450 3146 chaganus
481 3062 633 3125 conclusit
653 3084 735 3125 enm.
784 3062 938 3126 scinditur
958 3063 1055 3144 igitur
1075 3060 1225 3141 populus,

125 3154 159 3209 et
177 3146 401 3229 unusquisque,
423 3157 460 3209 ut
481 3148 561 3209 vires
581 3146 728 3223 habehat,
757 3167 817 3228 per
839 3166 970 3207 nemora
989 3143 1136 3225 fugiebat.
1169 3164 1226 3203 ca-

124 3228 259 3311 piuntur
281 3229 387 3313 itaque
408 3230 537 3314 quidam
568 3252 585 3291 a
606 3230 760 3307 barbaris,
781 3238 814 3292 et
836 3230 976 3292 indicant
1005 3227 1059 3288 uhi
1080 3226 1224 3287 latitabat

126 3314 258 3381 Castam
290 3322 323 3375 et
350 3312 413 3375 hoc
443 3324 538 3395 capto
563 3313 741 3376 exultabant
762 3322 795 3375 et
822 3314 1027 3375 laetabantur.
1070 3308 1223 3392 chaganus

123 3416 196 3459 sane
231 3416 292 3477 per
321 3397 485 3459 meridiem
516 3398 578 3459 iter
611 3418 701 3480 agens
735 3406 848 3457 contra
876 3395 1031 3457 'ibracem
1059 3402 1222 3475 properat,

122 3480 312 3564 Longosque
338 3500 445 3543 muros
466 3481 595 3565 accepit.
649 3491 682 3541 at
705 3478 971 3555 Commentiolus,
1000 3476 1055 3561 qui
1088 3476 1120 3538 in
1140 3475 1222 3537 silvis

124 3565 212 3625 Aemi
234 3562 386 3640 latitabat,
408 3586 480 3625 oum
499 3564 638 3628 Martino
660 3562 764 3641 exivit,
785 3570 818 3624 et
838 3562 1022 3644 perveniens
1046 3558 1085 3620 ad
1107 3559 1221 3641 chags.
1285 3622 1288 3627 ,

123 3668 199 3707 nam
221 3647 409 3727 imparatum
433 3647 553 3710 invenit
580 3668 618 3711 eo
646 3645 732 3730 quod
757 3652 892 3707 Avarum
919 3642 1087 3707 multitudo
1111 3642 1221 3703 diffusa

123 3739 202 3792 esset
222 3750 280 3811 per
300 3730 469 3804 Thracem
491 3740 523 3793 et
546 3732 648 3813 prima
673 3728 778 3813 vigilia
800 3729 900 3791 noctis
927 3734 1084 3812 properat
1105 3723 1220 3787 adver.

100 3808 171 3874 'sus
194 3812 301 3895 illum,
319 3822 458 3898 essetque
478 3814 623 3897 prolecto
648 3835 666 3873 a
691 3834 723 3874 se
744 3832 822 3894 opus
841 3812 947 3894 ingens
969 3816 1138 3891 patratum,
1161 3808 1218 3870 nisi

126 3905 252 3958 eventus
274 3897 402 3983 quidam
423 3896 546 3960 falleret
560 3897 625 3960 eius
639 3907 801 3958 conatum.
844 3916 910 3956 uno
923 3894 1041 3980 quippe
1062 3892 1220 3955 animante

126 3999 201 4040 onus
225 3981 440 4057 subvertente,
477 3979 605 4067 qnidam
630 3979 759 4043 domino
784 3978 947 4043 animantis
968 3976 1117 4037 acclamat
1139 3997 1217 4038 onus

103 4062 254 4145 -erigere,
275 4065 378 4147 patria
391 4086 470 4127 voce
490 4064 595 4129 dicens
615 4068 742 4141 “torna,
767 4073 871 4141 torua,
893 4062 1022 4123 lrater.''
1063 4067 1096 4121 et
1116 4056 1217 4121 domi·
1227 4082 1255 4135 p·
1273 4061 1328 4119 398

127 4166 181 4208 nus
204 4146 331 4232 quidem
353 4147 454 4212 mulae
476 4168 588 4213 vocem
608 4146 737 4211 minima
757 4146 927 4211 sentiebat:
950 4142 1004 4209 sed
1025 4144 1136 4228 populi
1156 4144 1217 4205 hnc
