3050 4900
478 321 617 388 NOTAE
644 322 932 394 Postsstouss.
1169 319 1242 392 655

232 491 311 572 725,
346 493 395 560 17.
444 495 587 570 scandala
619 501 688 571 τοῖς
718 502 895 582 aquatecta.
934 494 1038 586 ἡμέρᾳ
1066 494 1243 582 σαββάτου]

147 574 324 744 pquilil?
339 659 390 724 10.
440 660 500 724 rori
537 666 646 724 πεῖσαι
678 659 818 741 αὐτούς]
846 663 898 726 hic
928 662 1020 747 plane
1055 675 1129 750 apta
1162 686 1243 740 vox,

146 737 282 828 nasicas,
316 767 410 828 quam
439 768 471 829 p.
498 743 561 808 393
588 745 697 808 suffiri.
754 769 818 809 non
848 749 947 828 enim·
968 749 1028 808 iam
1061 770 1138 810 unns
1167 750 1245 811 anit-

147 829 246 906 titur,
273 831 328 973 spui
359 829 547 892 auctoritate
578 827 706 894 suadeat
732 829 780 891 uti
808 832 968 912 superius,
989 829 1042 896 sed
1065 831 1128 896 duo
1150 831 1243 896 duces

147 935 220 976 eum
249 913 377 996 reiquis
408 913 612 991 cohortibus,
643 914 697 998 qui
725 915 982 978 armeniacorum
1010 925 1129 979 turmas
1161 925 1244 980 totas

145 995 230 1060 bello
251 996 390 1079 capiant,
414 996 641 1081 edomeutque:
674 997 731 1059 etsi
751 1019 837 1061 secus
871 998 1009 1078 accidit3
1033 1003 1202 1085 missosque
1223 997 1244 1062 ii

150 1081 244 1142 duces
264 1079 321 1142 rosi
338 1077 454 1144 σιοὶσσι
473 1093 508 1143 ut
525 1103 556 1144 se
570 1095 741 1166 capenum
764 1078 916 1162 ἐπίασαν,
938 1083 972 1145 in
987 1098 1164 1168 potestatem
1187 1103 1245 1146 ac-

151 1185 187 1228 ce
222 1178 303 1224 lwtt-

181 1185 302 1325 pem,
325 1243 357 1308 3.
398 1243 574 1325 εἰσήγαγεν.
595 1241 631 1307 τὸ
653 1241 789 1324 κοὶστροο
811 1243 931 1327 αὐτῶν]
950 1247 1057 1310 civitas
1079 1248 1245 1312 Armenio·

147 1353 220 1394 rum
240 1351 276 1393 ex
307 1329 528 1415 qualri1000
561 1331 658 1392 vincti
689 1329 721 1389 in
746 1329 858 1394 urbem
889 1331 1029 1412 inducti,
1054 1354 1090 1395 ac
1110 1335 1245 1396 vultibus

147 1415 305 1497 inscriptis
327 1415 417 1478 exilio
449 1415 603 1498 relegati,
624 1415 725 1496 ipsum
755 1413 943 1478 Camachum
963 1416 1013 1494 sit,
1033 1417 1120 1501 quod
1141 1419 1245 1478 statim

148 1501 306 1563 Arabibus
338 1496 503 1581 proditum
523 1498 693 1574 scribitur,
722 1498 761 1558 ab
793 1498 828 1560 iis
847 1498 929 1582 ipsis,
954 1501 1007 1583 qui
1028 1498 1155 1582 gentiles
1173 1521 1244 1562 suos

148 1583 353 1647 Constantino
375 1581 601 1664 prodiderant,
627 1603 685 1644 nce
715 1582 754 1643 ab
777 1603 815 1644 eo
838 1591 1030 1667 expectatam
1051 1585 1099 1647 rai
1119 1605 1244 1648 mercc-

148 1667 221 1732 dem
244 1672 443 1748 acceperant.

230 1766 311 1828 Ibid.
336 1758 384 1827 14.
426 1759 568 1860 ὕασβολῇ
591 1763 647 1846 τῆς
682 1764 786 1826 αὐτοῦ
812 1762 940 1846 μητρός]
971 1765 1085 1829 durum
1109 1767 1190 1829 istud
1213 1767 1243 1830 in

147 1853 271 1914 lreuem
290 1849 335 1912 sic
356 1847 421 1909 aliis
444 1848 667 1930 praedicatam.
710 1847 851 1912 habuisse
872 1849 1108 1914 Constantinum
1131 1851 1242 1912 coniu.

147 1957 218 2020 gem
231 1934 385 1996 Marinum
405 1932 552 1994 castitatis
577 1943 759 2015 suspectam,
779 1953 878 2017 exque
897 1956 933 1996 ea
945 1935 1120 2017 suspicione
1138 1943 1246 1998 ortum

149 2021 181 2081 iu
202 2039 271 2080 eam
292 2017 373 2080 illius
397 2013 521 2093 odium,
539 2016 631 2078 Cedr.
663 2017 772 2084 refert.
826 2017 933 2081 favisse
965 2021 1085 2080 irenem
1106 2019 1244 2096 Platoni,

147 2125 184 2165 ac
205 2101 364 2184 discipulis
385 2099 550 2161 occasione
569 2099 649 2160 illius
671 2099 813 2178 divortii,
835 2123 871 2163 ac
893 2103 1076 2184 nuptiarum
1098 2123 1177 2187 quae
1198 2123 1247 2165 se·

147 2195 239 2249 culae
258 2193 331 2246 suut
351 2181 420 2244 dire
440 2183 566 2261 vexatis,
588 2183 708 2245 fatetur
729 2206 762 2266 p.
782 2205 846 2268 seq.
866 2185 931 2268 lpse
946 2185 1168 2270 Tlscophanes3
1191 2187 1246 2270 qui

34 2294 39 2302 ·
146 2289 225 2353 ergo
245 2269 311 2351 ipsu
331 2267 459 2329 illorum
479 2266 539 2326 fuit
560 2267 703 2328 auctrix?
752 2289 817 2330 non
839 2291 890 2330 sne
916 2270 993 2368 latet
1011 2291 1124 2355 parere
1144 2269 1246 2332 aulam

147 2375 213 2416 nou
233 2374 309 2416 raro
331 2351 405 2412 ulia
430 2349 632 2412 simulationis
661 2359 818 2430 monstra,
850 2351 964 2436 agique
982 2374 1016 2413 ιιι
1037 2374 1071 2415 ea
1094 2353 1245 2437 pleraque

147 2460 213 2501 non
233 2437 296 2500 alio
317 2454 423 2519 scopo,
446 2455 539 2517 quam
561 2443 598 2495 ut
620 2433 705 2517 plebi
726 2435 916 2517 imponatur,
939 2458 1038 2519 eaque
1059 2435 1239 2499 addicatura

147 2522 253 2584 malim
275 2530 378 2583 tamen
413 2539 486 2579 cum
515 2517 687 2581 Theodoro
715 2518 829 2583 studita
854 2527 953 2582 totam
975 2521 1168 2604 tragoediam
1192 2542 1242 2583 re-

147 2607 234 2669 ferre
259 2604 292 2666 iu
316 2601 510 2665 Constantini
547 2602 640 2685 ipsius
674 2604 760 2686 regia
796 2611 952 2688 potestate
983 2604 1015 2666 in
1036 2603 1244 2668 adolescentia

147 2688 304 2752 abutentis
316 2686 488 2759 luxuriam
510 2685 567 2747 nisi
581 2686 673 2747 etiam
685 2690 822 2750 referam
843 2690 873 2749 in
890 2689 992 2753 lrenes
1014 2689 1245 2773 imprudentem

147 2772 351 2856 diligentiam,
362 2792 424 2853 qua
436 2769 572 2832 inuitum
587 2769 742 2852 iuvenem,
749 2780 854 2853 spreta
871 2771 898 2833 E
953 2772 1013 2835 hro
1025 2772 1132 2835 Caroli
1143 2774 1169 2835 F
1171 2794 1244 2834 ran-

150 2878 263 2919 corum
283 2856 363 2937 regis
384 2853 447 2915 tilia
471 2854 500 2916 ei
519 2853 730 2937 praedilecta,
754 2856 892 2940 olimque
935 2864 1115 2939 espnnsntn,
1137 2856 1245 2919 adeas

147 2940 272 3024 nuptias
292 2937 453 3022 coegerim
475 2958 514 3000 ne
536 2938 620 3005 torte
641 2938 708 3021 ipso
729 2940 801 3001 satis
816 2940 846 3001 in
865 2959 914 3003 eas
927 2940 1141 3004 consentiente
1160 2940 1246 3002 Con·

149 3023 309 3099 stantiae,
331 3029 539 3104 acquantum
569 3042 690 3085 neeesse
711 3030 781 3084 erat
810 3030 847 3084 ut
866 3034 968 3088 essent
989 3032 1085 3091 ratae.
1129 3023 1246 3086 habent

149 3130 215 3171 nou
236 3128 310 3169 raro
331 3126 395 3167 non
416 3105 517 3166 bonos
538 3104 635 3167 exitus
657 3104 773 3170 isthaec
802 3106 969 3192 coniugia3
991 3128 1028 3171 ac
1049 3108 1245 3192 vipsanius,

22 3240 32 3257 .
149 3191 214 3273 ipss
241 3188 478 3252 lucilisecclesia
497 3188 637 3273 indulget
665 3188 811 3253 divortia.
852 3212 962 3254 verum
983 3200 1120 3273 praestet
1144 3192 1154 3251 i
1178 3212 1246 3252 sum

148 3272 353 3337 Theodorum
373 3272 506 3348 audire,
538 3274 593 3358 qui
624 3275 812 3357 praecipuus
832 3294 868 3338 ex
891 3274 1075 3357 nepotibus,
1093 3296 1130 3336 ac
1151 3213 1246 3341 laci.

149 3360 230 3441 pulis
252 3356 391 3419 Platonis
413 3356 496 3434 suit,
525 3378 604 3439 quos
635 3367 750 3421 auctor
768 3378 831 3441 seq.
851 3378 885 3440 p.
908 3358 973 3421 eius
992 3358 1040 3421 rei
1062 3378 1152 3420 causa
1175 3380 1246 3420 cae·

149 3464 210 3517 sos,
232 3439 484 3503 Thessalonicam
506 3441 659 3525 relegatos
694 3440 805 3503 tradit.
827 3440 865 3502 ab
887 3440 940 3504 illo
964 3462 1040 3528 ergo
1059 3442 1246 3527 auspicatus,

149 3548 210 3588 vae
235 3526 368 3601 civitati,
404 3524 487 3583 anus
520 3543 581 3586 rex
600 3527 705 3586 tunsos·
723 3538 766 3587 est
772 3569 782 3600 ‚
818 3524 863 3586 sic
893 3525 1106 3611 prosequitur.
1150 3526 1246 3588 Κων-

150 3612 313 3681 crassiana
333 3607 389 3687 τῆς
420 3598 557 3688 Εἰρήνης
588 3602 769 3689 diatomos,
801 3596 882 3689 οὔῆ
904 3606 1010 3683 πίστις
1029 3608 1090 3688 μὲν
1110 3604 1186 3688 σ’ριῆ
1211 3607 1247 3671 ἐκ

150 3690 305 3797 μρτρικῆς
330 3686 494 3766 εὐσεβείας
523 3689 778 3797 ἑσρραγισμέοη·
830 3685 847 3751 ὅ
880 3693 948 3771 dioc
980 3690 1015 3754 dl
1043 3686 1185 3769 σκομβὸς
1213 3690 1247 3767 ἐξ

151 3772 421 3854 αοτοκρὶιτοροκῆς
438 3766 611 3845 clunienses
625 3770 952 3873 d{osuqulusq'umoa.
993 3766 1066 3851 dipsa
1087 3769 1148 3855 γὰρ
1171 3794 1247 3852 apa.

150 3850 249 3939 τὴσσς
268 3854 304 3917 ἐν
323 3851 478 3939 saulonien
497 3848 613 3941 ἡλικίᾳ,
634 3856 718 3932 suoi
736 3856 797 3933 μὲν
815 3856 870 3939 τῆς
892 3858 1044 3941 μητρυιῆς
1064 3856 1173 3929 αἰδοῦς
1193 3856 1249 3919 καί

152 3938 298 4022 φυλακῆς
318 3930 509 4023 cippaticos,
526 3934 611 4019 ὁμοῦ
631 3938 668 4001 δὲ
685 3938 749 4002 ruis
781 3941 842 4003 τοῦ
858 3942 938 4003 θεοῦ
957 3935 1062 4019 eduma
1081 3938 1247 4022 ὑπερφρο.

150 4018 258 4105 νήσας,
279 4018 423 4099 ἐκβαλών
435 4015 494 4099 τήν
506 4024 646 4099 νομίμως
668 4022 757 4106 adesi
777 4024 998 4106 σοοαφθεῖσαν
1017 4030 1163 4103 γυναῖκα,
1175 4044 1247 4100 μοι·

150 4100 245 4185 χεύει
264 4103 346 4166 κατὰ
365 4101 423 4167 τόν
439 4102 597 4187 Ἡρώδην.
640 4100 721 4167 oillei
743 4106 827 4179 τίνος
848 4102 952 4168 ἕνεκεν
973 4102 992 4187 ἢ
1016 4106 1152 4184 ἱστορία.
1196 4100 1248 4167 ὅτι

152 4190 212 4251 τοῦ
232 4184 418 4273 προδρόμου
447 4182 600 4273 ὁμόζηλος
630 4185 646 4251 i
677 4186 827 4273 ἡμέτερος
857 4184 1037 4273 καθργρτὴς
1064 4190 1249 4274 aspasiam·
