3050 4900
656 282 805 347 nurse.
1190 272 1261 351 491

171 452 276 515 ctione
306 451 440 513 secunda
469 456 612 513 notaturi
644 450 683 513 ad
704 448 858 513 mentem·
875 452 982 533 itaque
1002 448 1208 532 Theophanis,
1229 475 1265 517 ex

171 533 339 617 Nicephori
360 534 476 597 iudicio
506 535 642 596 decimus
672 554 772 595 nonus
796 533 929 595 Heraclii
957 532 1148 611 elabebatur,
1173 530 1266 615 ἡνίκα

167 616 271 681 ταῦτα
292 612 470 697 ἐπράττετο.
511 616 724 700 Nicephorum
746 638 848 700 porro
871 614 1008 679 Heraclii
1030 615 1063 676 in
1085 617 1265 680 σώσαιτε.

169 702 251 785 giam
272 699 438 762 adventum
458 702 607 786 posthaec
625 701 742 781 scripta
762 701 789 761 si
807 700 941 775 dixeris,
964 701 1121 782 geminum
1142 702 1175 761 iu
1197 723 1266 765 eam

170 785 279 845 urbem
301 806 318 845 e
341 784 469 849 Perside
503 794 535 849 et
556 784 771 867 Hierosolyma
805 784 941 847 reditum
967 782 1062 844 facilis
1084 784 1264 865 concedam,
1313 812 1319 828 =

168 879 200 930 et
222 868 433 1010 Nipephorum
455 876 656 933 narratorum
679 866 822 931 ordinem
850 868 976 929 solitum
995 880 1181 951 pervertere
1202 869 1273 931 cb*

169 972 255 1014 serva
281 972 314 1010 rs.

249 1032 320 1111 505,
344 1033 375 1095 5.
419 1024 682 1114 οἶαοκαταστὴσας
701 1032 872 1113 Ζαχαρίαν
894 1030 950 1095 τὸν
971 1030 1182 1116 πατριάρχηυ]
1204 1056 1262 1097 oc-

170 1126 302 1199 cupatae
327 1139 344 1177 a
366 1117 467 1179 Persis
487 1117 726 1201 ¹Hierosolymae
748 1125 892 1199 tempore
912 1116 1088 1188 Modestum
1108 1120 1171 1180 eius
1192 1120 1264 1203 epi.

167 1221 297 1283 scopum
319 1200 430 1263 sedisse
455 1204 538 1267 testis
566 1210 611 1264 est
631 1199 833 1282 Nicephorus·
887 1201 1010 1261 vivente
1032 1200 1191 1277 Zacharia,
1211 1202 1261 1263 vel

166 1286 305 1357 absente,
328 1284 445 1346 nullam
465 1284 597 1348 Modesti
618 1284 650 1345 iu
662 1284 954 1366 Hiorosolymoram
973 1282 1131 1345 ecclesiam
1148 1294 1263 1347 saeto-

167 1368 293 1429 ritstam
319 1368 525 1450 Theophanes
558 1368 665 1431 refert.
716 1388 797 1451 quae
820 1367 922 1443 ratio,
946 1375 982 1428 ut
1001 1367 1109 1427 falsum
1131 1370 1261 1429 omnino

156 1450 335 1533 -llicephori
349 1450 521 1513 chronicon
537 1452 732 1526 existimaret,
750 1452 912 1513 Patavium
924 1450 1059 1532 impulit,
1076 1451 1160 1511 litem
1181 1472 1261 1513 vero

165 1536 266 1595 verbis
299 1534 510 1597 huiuscemodi
542 1557 559 1595 a
586 1533 779 1615 Theophane
809 1532 848 1593 ad
885 1533 970 1595 huuc
1001 1555 1114 1594 annum
1136 1535 1261 1617 scriptis

167 1616 323 1698 aptissime
333 1620 491 1700 componi.
505 1612 658 1679 εἰσελθών
671 1616 707 1679 δὲ
721 1612 902 1695 ipocrisis
916 1612 1196 1695 ἑυἹεροσολύμοις,
1207 1610 1264 1677 καί

167 1698 226 1761 τοῦ
240 1694 439 1781 πατριάρχου
450 1703 619 1778 Ζαχαρίου
629 1699 879 1779 τελευτήσαντος,
896 1695 975 1775 μετα
991 1697 1027 1759 ro'
1045 1698 1149 1761 steen
1162 1695 1262 1761 adeda

166 1781 201 1845 tx
224 1784 440 1861 Παλαιστίνης
454 1780 514 1844 siud
528 1784 582 1860 τῆς
602 1782 833 1861 αἰχμαλωσίας,
853 1782 912 1842 τοῦ
934 1781 969 1843 di
985 1779 1075 1860 ἁγίου
1089 1782 1262 1844 Modioroo

164 1861 220 1927 sui
240 1864 507 1947 Ἀρχτματδρίτου
526 1868 582 1945 τῆς
602 1866 700 1943 μονῆς
720 1865 777 1926 τοῦ
797 1862 890 1944 ἁγίου
905 1862 1088 1945 Θεοδοσίου,
1108 1866 1167 1925 τοῦ
1186 1862 1261 1945 κτή-

163 1968 274 2019 σαττος
294 1944 350 2027 τήν
374 1944 465 2026 ἁγίαν
490 1946 724 2029 minoramus,
752 1944 808 2007 καί
829 1944 888 2027 τήν
918 1940 1013 2028 ἁγίαν
1032 1949 1192 2029 Βηθλεέμ,
1216 1943 1262 2019 αἷς

168 2029 390 2112 ἐμπρησθέντα
411 2028 473 2093 α’ττὸ
494 2032 557 2093 τῶν
571 2032 728 2111 Περσῶν·
770 2024 840 2092 so'rs
855 2018 913 2091 οὖν
932 2028 1143 2109 proposuisti
1164 2033 1262 2109 βασι·

164 2111 238 2186 istic
259 2108 314 2175 seir
336 2108 424 2193 ἅγιον
449 2112 618 2176 Mddsoroa
650 2111 860 2194 ποτριᾰρχητ.
900 2116 997 2176 rerba
1017 2134 1118 2197 porro
1142 2116 1199 2175 ista
1220 2114 1261 2175 li.

165 2206 215 2259 cet
237 2195 355 2271 vitiata,
375 2207 406 2259 et
428 2220 446 2257 a
467 2197 685 2279 grammaticae
720 2197 835 2279 legibus
859 2196 957 2259 aliena
977 2218 1098 2258 sensum
1122 2221 1140 2260 a
1162 2198 1259 2259 Peta-

163 2280 214 2341 rio
237 2278 484 2342 animadversum
507 2279 643 2341 reddunt
664 2302 757 2363 quam
778 2299 935 2361 congrue:
954 2281 1122 2363 imperator
1141 2280 1258 2342 Hieru-

162 2364 311 2441 solymam
332 2366 479 2444 ingmarus
501 2376 554 2437 est,
580 2364 782 2444 (procedente
803 2384 879 2423 vero
901 2367 1056 2444 tempore)
1075 2384 1142 2423 cum
1164 2365 1261 2425 soluta

164 2448 341 2530 captivitate
361 2451 395 2508 in
415 2446 623 2509 Palaestinam
645 2447 783 2508 rediisset
807 2446 988 2508 Zacharias
1012 2446 1216 2527 patriarcha,
1230 2459 1262 2508 et

160 2530 239 2592 άίτοτ
262 2531 395 2592 αΙτίοτυοτ
418 2529 547 2601 obiisset,
572 2542 640 2591 triac
657 2533 823 2614 imperator
841 2542 975 2590 sananim
998 2528 1183 2603 Modestum,
1205 2531 1263 2614 qui

160 2615 256 2674 sumti
278 2614 437 2677 Theodosii
456 2615 640 2675 monastem'o
656 2613 812 2698 quoredam
823 2610 1080 2674 Archimaadrita
1095 2612 1261 2696 praeposi·

163 2707 208 2758 tos
215 2698 339 2775 fisos-at,
362 2710 392 2758 et
409 2709 552 2760 sanctam
565 2697 773 2772 Anastasiam,
797 2693 828 2757 id
844 2704 900 2772 est,
920 2694 1156 2757 resurrectionis
1177 2704 1261 2759 tem-

166 2779 264 2860 plum,
294 2793 324 2844 et
341 2779 433 2844 aliud
450 2781 484 2842 in
505 2793 614 2844 sancta
636 2781 787 2844 Bethleem
814 2802 836 2842 a
855 2777 959 2840 Persis
977 2791 1130 2856 exosum,
1162 2799 1259 2923 repa.

161 2876 308 2938 rauerat,
339 2863 483 2926 ordinari
510 2865 649 2926 curavit:
679 2862 799 2925 cunctis
829 2872 935 2925 nmen
965 2861 997 2926 iu
1019 2860 1185 2944 exemplari
1210 2883 1255 2940 us,

164 2967 245 3028 quae
266 2945 306 3006 ad
327 2967 434 3008 manus
455 2954 550 3024 suat,
582 2966 645 3007 non
677 2955 782 3010 extare
813 2945 961 3008 observo.
1004 2944 1036 3004 in
1058 2945 1153 3006 illust.
1175 2945 1259 3030 Pey-

164 3050 226 3092 τοι.
246 3029 357 3092 codice
387 3031 491 3091 fateor
512 3028 590 3111 legi3
616 3027 655 3090 ad
674 3029 839 3092 Barberini
862 3029 1033 3111 marginem
1055 3029 1258 3108 exPalstino,

164 3133 235 3174 oum
257 3135 321 3196 quo
344 3115 387 3174 Pe
410 3113 550 3174 resinous
570 3113 668 3176 codex
691 3121 905 3195 comparatus,
925 3111 1078 3194 exscripta
1096 3131 1161 3172 nou
1182 3111 1257 3174 inii.

160 3194 222 3256 cias
243 3216 294 3258 co.
338 3197 370 3260 in
387 3135 498 3278 hegio,
520 3201 549 3256 ln
562 3195 720 3262 Vaticanis
739 3198 851 3276 tribus,
873 3195 905 3256 in
920 3195 1093 3257 Barberiuo
1115 3214 1179 3254 non
1201 3217 1257 3258 re·

162 3280 272 3364 periri,
298 3290 331 3342 et
360 3300 435 3342 num
463 3303 481 3340 a
505 3277 696 3362 Theophane
726 3279 831 3364 primo
889 3278 1065 3355 redierint,
1099 3274 1256 3342 incestum

162 3361 329 3428 contendo.
373 3371 424 3426 tot
443 3361 603 3424 codicibus
624 3386 687 3428 uuo
713 3363 800 3447 quasi
820 3300 902 3446 stylo
926 3360 1057 3426 exoratis
1080 3362 1255 3426 concordes

158 3467 222 3510 sese
247 3447 428 3530 Anastasius,
450 3445 603 3510 miscellae
623 3446 772 3529 scriptor,
788 3454 820 3508 et
833 3446 993 3510 Cedrenus
1007 3444 1201 3528 adiungunt:
1222 3452 1256 3508 et

161 3551 242 3612 qnae
263 3530 399 3594 adducta
429 3529 527 3592 verba
551 3532 732 3608 continent,
755 3551 794 3592 ne
817 3529 915 3592 verbo
938 3528 1067 3612 quidem
1085 3528 1253 3612 attingunt.

160 3613 310 3696 quocirca
332 3635 371 3690 er
390 3613 442 3691 eis,
464 3622 500 3675 ut
520 3613 596 3675 mihi
620 3613 729 3676 falsum
749 3611 921 3695 Nicephori
941 3611 1115 3674 chronicon
1137 3609 1254 3674 redda-

160 3702 233 3771 tur,
255 3697 402 3780 colligere
434 3716 497 3758 oon
513 3695 603 3760 liceto
640 3697 773 3758 maxime
799 3717 871 3758 cum
898 3694 1047 3758 Zacharia
1069 3693 1254 3777 captivitate

157 3778 281 3842 Persica
304 3779 452 3860 detento,
482 3801 563 3863 quse
590 3781 719 3842 Baronii
749 3779 904 3844 sententia
936 3785 984 3842 est
1014 3777 1054 3840 ad
1084 3801 1112 3838 a.
1136 3780 1171 3840 C.
1189 3775 1254 3842 616

160 3883 244 3926 num.
267 3863 296 3940 7,
314 3863 480 3944 Modestus,
501 3870 538 3924 ut
558 3865 752 3946 episcopatus
772 3863 1017 3939 administrator,
1039 3859 1143 3922 sedem
1164 3869 1253 3924 tene

160 3967 195 4008 rs
213 3949 371 4029 potuerit:
393 3947 487 4032 idque
506 3947 606 4010 solum
627 3947 796 4030 Nicephori
816 3947 1006 4010 auctoritate
1025 3944 1134 4006 evincis
1157 3945 1254 4032 quin·

158 4028 254 4092 immo
276 4031 352 4093 illud
376 4031 457 4094 idem
486 4031 665 4094 memoratis
694 4031 837 4112 superius
857 4028 979 4106 verbis,
1009 4029 1048 4088 ab
1070 4025 1137 4108 ipso
1157 4028 1252 4092 etiam

157 4111 350 4200 Theophane
375 4116 476 4180 faetus
499 4114 625 4178 nomine
644 4115 756 4198 agnitis
787 4111 953 4179 commode
972 4111 1164 4176 confirmari.
1194 4113 1251 4198 qui
