3050 4900
449 383 587 450 NOTAE
606 384 894 452 POSTERIORES.
1133 377 1203 456 6111

201 548 274 632 644,
297 551 346 618 16.
389 561 502 635 κροτεῖ
519 558 574 636 τῆς
585 555 689 638 ἀρχῆς
705 555 794 636 trit]
809 535 971 644 imperium
991 559 1119 642 capessit
1137 561 1211 624 isid

118 652 309 719 aspramente
327 640 449 722 Lipsus.
504 661 568 701 non
594 642 676 704 bene
708 644 843 725 interpr.
869 641 1027 727 Cuifilius
1049 643 1122 704 Ista
1140 663 1210 704 tua.

12 725 16 729 ’
118 725 222 782 cessit.-
243 722 314 783 satis
336 723 419 784 enirn
438 724 599 808 sequentia
621 725 761 787 indicant
784 747 848 786 non
869 725 961 787 fnisse
980 725 1082 788 Validi
1104 726 1210 807 fitium,

120 825 192 864 cum
201 807 451 869 Marovamillins
474 829 506 868 se
525 808 595 868 filiis
614 830 745 890 regnum
768 819 958 872 asserturum
977 817 1156 891 praeterens
1176 810 1209 871 in

120 910 193 949 eum
214 890 346 950 movisse
368 890 580 967 describatur,
602 894 730 974 eiusque
758 893 889 954 subinde
910 894 1049 971 fratrem,
1070 915 1163 978 quem
1179 899 1212 957 et

77 994 80 1000 ’
120 970 264 1034 sustulit:
289 974 434 1056 ipsosque
449 977 650 1056 postmodum
671 977 750 1038 iiiios
772 974 888 1040 validi.

204 1084 277 1166 645,
300 1090 331 1151 9.
355 1083 483 1169 θνήσκει
505 1083 521 1150 ὅ
539 1088 624 1166 ’tcta
694 1087 701 1100 ’

204 1199 285 1262 that
305 1195 337 1258 8.
378 1209 450 1279 post
464 1196 651 1276 Σουλεϊμάν,
674 1198 727 1260 nbi
741 1199 889 1262 mendose
910 1194 1060 1278 θνήσκει,
1079 1207 1114 1260 ut
1135 1197 1213 1260 dan-

122 1281 197 1340 dum
220 1281 338 1363 aliquid
353 1285 569 1358 coniecturae,
590 1285 687 1364 legam
704 1304 773 1364 ego,
796 1278 944 1364 φθάσσςς
968 1303 1024 1345 nee
1047 1281 1132 1344 aliud
1154 1305 1212 1344 au.

122 1375 194 1426 etos
218 1365 388 1445 scripserit,
409 1386 480 1428 aum
501 1370 631 1430 uenisset
653 1367 700 1427 ad
706 1366 847 1450 flaviane
859 1367 974 1427 Litam.

205 1475 278 1558 tito,
303 1481 352 1547 14.
394 1479 427 1543 ie
446 1473 493 1553 οἷς
513 1475 530 1542 o‘
549 1479 727 1562 Μονούτνγς.

205 1579 288 1641 Ista.
307 1578 355 1642 16.
398 1577 525 1654 αὐτούς.
549 1580 670 1662 ἐγένετο
692 1580 737 1647 di.

206 1685 279 1763 647,
304 1688 334 1750 5.
383 1683 621 1766 περιεβάλοντο]
653 1688 820 1768 ultimum,
852 1685 907 1750 sni
934 1687 1115 1768 γυναικείαν
1134 1709 1212 1750 στο-

123 1765 191 1852 itit,
211 1771 290 1832 maie
326 1773 495 1853 repetitum
529 1793 564 1834 ex
593 1775 668 1854 Reg.
699 1794 763 1833 non
796 1771 890 1833 habet
911 1773 1002 1856 Peyr.
1055 1776 1119 1833 eius
1143 1772 1213 1834 ioco

123 1861 227 1921 Anasi.
250 1855 364 1931 reddit,
384 1856 534 1916 eiliainum
555 1860 779 1930 uestimentum
810 1867 845 1916 ut
864 1877 924 1916 vox
947 1855 1005 1916 alia
1027 1857 1084 1918 atit
1103 1857 1216 1918 substi-

46 1944 53 1956 '
125 1948 193 2001 tuta
213 1939 264 2000 sit.
280 1939 324 2022 τῷ
344 1935 407 1998 ἀπὸ
423 1937 481 1998 τοῦ
494 1939 663 2000 ἐπισκόπου
675 1935 852 2018 novatianus
863 1939 1086 2024 Μαρκελλίνου.
1110 1961 1218 2001 emen.

124 2023 196 2084 date
220 2023 311 2105 Peyr.
340 2043 406 2082 cum
438 2013 626 2084 Marcellino
652 2037 789 2084 curatore
811 2045 853 2084 ex
874 2022 1044 2104 Gangremi
1064 2025 1216 2110 episcopo.

122 2101 375 2185 μονοστρᾰτηγον
392 2100 540 2182 πεδήσας.
555 2108 807 2167 anastasianam
823 2106 910 2190 patri
918 2128 977 2191 per
994 2127 1112 2167 mitram
1134 2129 1218 2168 mon·

122 2189 260 2264 strabam·
279 2209 350 2268 ego,
371 2209 388 2246 e
409 2207 497 2248 mura
518 2189 732 2270 aspectantium
760 2191 893 2250 viieetrsm
923 2190 1113 2250 ostendebat:
1138 2211 1216 2265 non,

122 2273 253 2333 uinculis
282 2271 323 2330 de
344 2290 428 2330 muro
456 2289 646 2354 suspensam,
672 2273 719 2331 uti
746 2271 906 2332 redditum
936 2282 990 2332 est.
1039 2273 1217 2336 eratenim

122 2353 312 2428 Artabasdus
332 2355 463 2414 Nicetae
491 2355 637 2433 paterio
665 2353 754 2431 urbe,
786 2355 877 2436 eique
898 2354 1115 2416 Constantinus
1137 2375 1217 2414 con.

123 2448 213 2502 sueto
235 2444 453 2519 stratagemate
480 2437 619 2499 vinctum
649 2437 747 2497 iiiium
779 2458 840 2518 pro
870 2439 1044 2499 moenibus.
1062 2435 1216 2501 obtende-

122 2524 188 2599 bat,
210 2523 250 2583 ad
274 2522 354 2584 iliius
376 2518 596 2583 inflectendum
616 2521 710 2582 animi
734 2521 845 2602 robur,
870 2541 906 2581 aa
926 2522 1107 2585 tentandam
1128 2520 1217 2585 dedi-

122 2607 253 2669 tionem.

207 2699 280 2782 649,
302 2704 331 2765 1.
373 2694 538 2784 siponida
558 2700 604 2787 τῷ
623 2700 754 2784 ἀσεβεῖ]
777 2702 869 2787 Peyr.

205 2804 290 2866 Ibid.
315 2797 364 2864 tt.
406 2797 545 2881 μάλιστα
567 2802 603 2863 δὲ
624 2796 830 2889 σωφροσύνῃ]
854 2802 1047 2865 beneAnnst.
1067 2805 1216 2867 maxime-

122 2908 180 2973 que
192 2887 363 2972 pudicam
386 2888 539 2949 castitate:
562 2908 624 2946 non
648 2886 690 2946 ita
711 2888 801 2965 bene,
830 2890 1086 2972 temperantiaque
1107 2891 1215 2951 maxi·

124 2993 173 3033 sne
191 2966 244 3033 sis·
263 2969 299 3031 di
312 2961 414 3044 ”Atiae
434 2965 491 3030 τὸν
511 2968 621 3030 πολλοί.
642 2970 717 3052 neg,
739 2980 798 3035 etc.

205 3074 278 3155 650,
298 3074 329 3138 8.
372 3071 566 3138 ἐστασίασαν
589 3073 624 3136 di
642 3070 698 3137 sai
714 3069 768 3155 oi]
788 3078 863 3161 Reg.
884 3084 943 3139 etc.

205 3184 287 3251 Ibid.
311 3181 359 3245 18.
408 3180 630 3255 ἐξαποστείλας
658 3176 812 3267 ἀόπλους,
834 3178 1043 3263 προσελάβετο
1064 3176 1121 3246 sai
1138 3180 1215 3259 τούς

122 3258 204 3347 apic
236 3262 357 3344 πατρὸς
383 3270 553 3343 συγγενεῖς]
583 3266 661 3348 Reg.
691 3278 749 3329 ete
786 3268 956 3329 securitatis
976 3264 1043 3346 fide
1076 3288 1214 3331 concessa

122 3351 237 3412 emissis
257 3351 328 3411 inde
346 3350 510 3411 ineuntibus
527 3349 701 3427 Ambitus,
722 3352 818 3411 etiam
833 3370 909 3410 suos
926 3362 1058 3432 paterna
1080 3374 1122 3414 ex
1142 3354 1214 3413 stir-

117 3454 161 3517 pe
182 3448 323 3516 cognatas
341 3436 516 3516 assumpsit,
545 3454 583 3493 ac
611 3434 793 3512 Byzantium
818 3434 980 3494 transtulit.
1019 3454 1081 3495 nou
1105 3443 1140 3495 nt
1159 3457 1215 3496 so-

123 3525 200 3577 nant
234 3516 328 3579 verba
350 3518 484 3596 interpr.
538 3516 619 3596 ipsos
649 3515 764 3576 Arabas
786 3514 858 3577 inde
877 3516 1004 3577 eductos
1039 3538 1110 3578 cum
1133 3538 1213 3579 eoa.

119 3600 302 3681 sanguineis,
331 3599 480 3682 Syrisque
510 3596 575 3658 aliis
604 3598 831 3682 monophysitis
858 3600 901 3659 ita
930 3600 1097 3661 transtulit.
1119 3602 1212 3663 Cedr.

120 3682 225 3745 habet.
246 3680 320 3753 τούς
346 3676 426 3763 apic
455 3676 573 3761 μητρὸς
600 3687 769 3762 συγγενεῖς.
820 3682 913 3743 etiam
931 3684 1037 3743 Anast.
1058 3706 1126 3744 suos
1142 3708 1214 3746 ma-

119 3780 207 3829 tema
234 3789 277 3827 ex
293 3768 378 3827 linea
404 3766 626 3826 descendentes.
679 3762 755 3848 quid
778 3766 925 3828 hahuerit
945 3766 976 3825 S.
998 3766 1124 3849 Niceph.
1148 3788 1212 3829 non

120 3850 241 3933 liquet,
267 3852 370 3911 statim
398 3858 510 3929 coepta
539 3848 629 3909 huius
659 3848 864 3929 expeditionis
886 3851 1067 3913 narratione
1097 3860 1213 3913 astur-

120 3944 212 3996 rente
232 3933 344 4016 grandi
362 3931 450 3993 hiatu
472 3933 503 3992 iu
525 3931 593 3993 eius'
610 3930 751 3997 historia.

203 4046 279 4122 651,
304 4046 351 4109 17.
394 4046 615 4127 anapaesticus
644 4041 699 4108 τὸν
728 4042 829 4127 οόεβῆ
860 4047 1113 4131 navatianos]
1137 4050 1211 4133 Reg.

117 4133 214 4218 Peyr.
234 4133 391 4193 verisnam
405 4134 460 4193 Ιεου
477 4130 637 4215 praeludio
655 4131 782 4213 impiam
802 4132 1032 4193 Constantinum
1053 4134 1212 4215 castigans.

123 4218 200 4280 tibet
218 4216 299 4277 hana
321 4218 414 4295 luem,
433 4237 526 4298 quam
545 4222 673 4297 praeter
692 4212 836 4295 Theopii.
864 4214 990 4297 eiusque
1011 4214 1211 4297 subiecturus,

221 4340 398 4413 Theophanes
414 4340 452 4395 11.
976 4335 1012 4388 tt
