3050 4900
648 327 800 396 NOTAE.
1050 395 1057 412 ,
1178 331 1249 401 351

156 507 230 587 hus,
249 509 323 570 licet
333 525 399 568 non
412 514 568 589 potestate
583 507 705 584 Cacsar,
725 517 761 569 nt
776 526 812 570 er
826 507 951 570 Zozimo
966 509 1158 575 commodius
1180 512 1253 576 alibi
1355 573 1358 598 ,

167 593 360 678 proferetur,
378 611 415 651 ac
436 587 506 650 iden
530 589 555 650 is
575 591 670 666 idem,
693 593 745 674 qni
760 597 911 674 Augustus
930 595 988 652 iam
1011 598 1175 676 proposito
1201 599 1253 659 de-

161 680 312 759 signatus.
341 681 390 740 ,01
409 675 507 756 igitur
528 683 601 736 ante
621 677 799 736 conclusum
821 675 1028 739 Valentiniani
1052 701 1164 740 asinum
1185 682 1256 763 pri.

163 783 251 822 mum
260 756 413 820 Gratiano
434 758 564 818 consutis
586 759 679 820 fasces
699 758 817 822 delatos
840 779 875 820 ex
891 761 1030 838 Socrate,
1051 771 1083 822 et
1103 783 1138 824 ex
1158 763 1256 826 chro.

167 846 240 905 nico
261 839 468 903 Alexandrino
489 841 565 901 dato
594 841 775 903 nobilissimi
799 844 923 904 nomine
943 844 1109 927 imperium
1130 847 1257 929 pollici.

169 937 238 988 tum
255 927 345 989 simul
368 932 399 986 01
420 923 592 987 exhibitum
612 924 817 1007 Tbeopbanes
838 927 982 1010 collegit,
1007 929 1050 988 sic
1071 928 1131 988 hoc
1152 931 1256 1016 primo
1367 957 1370 972 ·

166 1008 377 1073 Valentiniani
400 1028 483 1068 anuo
506 1007 668 1085 audacius,
690 1031 783 1091 qnam
804 1013 906 1072 verius
926 1012 1064 1092 scripsit:
1087 1009 1257 1074 Οαάλεντι-

165 1088 275 1164 sicsic
294 1088 314 1154 c‘
336 1079 523 1170 Αὔγουστος
543 1091 574 1152 Γ
571 1090 724 1168 ρατιανόν
754 1087 808 1152 τὸν
834 1084 950 1154 ἑαυτοῦ
979 1089 1049 1154 visis
1071 1085 1258 1174 Αὔγουστον

165 1172 384 1258 ἀνηγόρευσεν,
403 1169 549 1234 κοινωνὸν
570 1175 624 1254 τῆς
643 1174 807 1253 βασιλείοις
828 1169 909 1252 ὁμοῦ
930 1176 984 1238 καί
1001 1170 1132 1238 ὕπατον.

144 1309 149 1316 ·
249 1274 301 1351 85,
326 1272 374 1335 10.
418 1272 472 1334 καί
490 1269 718 1348 ὖνιὸΕὖδοξὼο
738 1273 974 1418 βαπτισθένταὶ
989 1273 1151 1338 Valentem
1173 1273 1256 1338 salu.

124 1405 127 1409 -
168 1360 209 1422 tis
230 1358 361 1420 fiduciae
379 1357 460 1419 hene
474 1359 702 1437 consulturum,
726 1359 800 1419 dum
822 1359 852 1421 in
876 1363 954 1420 Gott
978 1379 1011 1420 os
1033 1359 1259 1441 expeditionem

169 1452 311 1526 pararet,
332 1443 372 1502 ab
390 1439 534 1502 Eudoxio
556 1439 748 1522 baptizatum
770 1441 915 1504 observat
930 1441 1149 1505 Theodoretns
1171 1441 1261 1503 lino

170 1547 238 1609 cap.
264 1525 312 1586 11.
361 1545 448 1586 arma
476 1545 552 1586 vero
572 1524 604 1584 in
638 1523 772 1586 Gotthos
803 1525 957 1607 Lupicino
993 1533 1025 1587 01
1054 1525 1162 1588 lovino
1184 1546 1260 1586 coss.

169 1611 300 1671 movisse
333 1609 443 1670 scribit
478 1609 653 1668 Ammianus
676 1607 729 1668 lib.
750 1604 790 1669 17
821 1609 966 1672 ineunte:
997 1630 1095 1692 00000
1125 1609 1201 1674 haec
1223 1607 1261 1668 de

170 1693 308 1756 Valentis
336 1692 490 1774 baptismo
522 1711 582 1773 per
610 1683 771 1772 πρόληψιν
800 1701 873 1754 ante
904 1713 1020 1754 annum
1051 1691 1261 1756 Valentiniani
1321 1697 1327 1712 ‘

169 1779 299 1840 10011000
319 1776 360 1838 01)
380 1774 584 1838 0001000110
606 1774 707 1856 posita
728 1775 831 1837 nullus
857 1775 1059 1838 dubitaverit.

253 1883 339 1950 Itict
381 1875 413 1944 oi
439 1880 476 1944 dt
494 1876 662 1962 σ’ρθόδοξοι
691 1881 870 1964 προσῆλθον
893 1880 1156 1958 ΟυἀλεντινιανἹ
1178 1901 1263 1945 sece-

175 1968 261 2032 denti
282 1967 323 2029 ad
344 1964 489 2027 occiduas
519 1975 625 2046 partes
648 1965 866 2029 Valentiniano
889 1967 1049 2050 episcopos
1071 1901 1263 2028 orthodoxos

173 2052 350 2114 occurrisse
371 2049 516 2112 observat
534 2047 755 2112 'theodoretus
777 2051 829 2112 lib.
851 2047 871 2112 6
894 2069 962 2134 cap.
984 2047 1015 2126 7,
1036 2070 1072 2110 ex
1098 2071 1162 2133 000
1186 2049 1264 2110 haee
1350 2076 1354 2086 ·
1398 2071 1400 2078 ‘

171 2133 373 2217 Theophanis
400 2132 560 2194 narratio:
587 2141 747 2214 separatos
771 2145 874 2196 autem
896 2135 934 2196 ab
957 2133 1091 2194 invicem
1112 2143 1185 2194 ante
1214 2153 1265 2192 su.

170 2227 310 2300 sceptnm
332 2219 372 2279 ab
393 2227 532 2299 utroque
560 2215 763 2293 consulatum,
786 2239 850 2302 000
873 2239 955 2278 anno
982 2225 1127 2278 mortuus
1149 2223 1194 2278 est
1211 2217 1265 2276 lo-

175 2301 298 2400 010000,
327 2299 452 2384 scriptis
485 2307 619 2362 testatur
651 2300 828 2364 Ammianus
860 2295 1266 2384 111016000100001101-

173 2395 263 2448 tcum.

259 2482 312 2559 86,
333 2480 364 2546 2.
414 2473 488 2544 odas
507 2482 658 2563 ποιμένα,
689 2471 761 2543 cito
782 2476 949 2561 ἐκκλησίαν
970 2470 1069 2559 εἶχον]
1101 2470 1131 2540 oi
1151 2477 1187 2539 dd
1206 2478 1267 2541 0οὕ

165 2563 347 2646 dpsoovochv
376 2559 577 2649 φρονήματος
598 2565 632 2627 ἐν
648 2564 754 2650 μικρῷ
768 2560 892 2649 οἰκίσκῳ
904 2558 961 2634 τὰς
975 2558 1159 2641 συναγωγὰς
1179 2560 1266 2623 dnus·

173 2652 266 2713 οῦντο
287 2644 378 2713 ἔνδον
405 2644 462 2729 τῆς
479 2645 610 2721 πόλεως.
644 2648 733 2731 fidei
751 2647 1006 2709 consubstantialis
1031 2658 1266 2731 propugnatores

174 2736 209 2795 ἰνι
227 2734 370 2795 wisela
387 2732 521 2815 quadum
535 2734 616 2795 intru
631 2734 783 2794 civitatem
803 2742 966 2793 conventus
984 2729 1184 2791 celebrabant.
1208 2728 1267 2789 So·

177 2827 280 2879 crates
300 2817 354 2879 lib.
372 2810 396 2879 4
416 2835 486 2899 cap.
509 2815 541 2877 1.

259 2922 341 2984 Ibid:
360 2920 392 2984 3.
444 2921 601 3001 Λεβέριος
631 2919 796 2994 ἒσίσὶιοπσς
822 2918 956 3018 Ῥώμης]
983 2940 1018 2981 eu
1038 2918 1176 2983 Socratis
1197 2920 1268 2982 loco

176 3016 351 3068 memorato
371 3005 571 3089 transcripta.
614 3007 786 3068 celebrium
808 3015 911 3067 autem
925 3024 1068 3065 virorum
1091 3002 1269 3067 huiusmodi

181 3092 277 3150 vitam
296 3090 398 3153 voluit
416 3110 479 3153 esse
499 3097 641 3153 testatam
662 3090 720 3151 suh
734 3087 944 3151 Valentiniani
966 3097 997 3149 et
1009 3086 1146 3149 Valentis
1167 3087 1270 3169 impe·

179 3174 273 3250 rium,
293 3170 372 3235 aurci
394 3172 451 3254 δή,
472 3173 535 3250 011,
557 3169 615 3237 τὸν
635 3168 751 3253 χρόναν
768 3168 826 3234 τόν
849 3171 894 3250 da,
915 3191 978 3231 non
998 3171 1133 3252 praelixa
1154 3170 1193 3231 ad
1214 3190 1270 3232 00-

178 3278 250 3319 rum
271 3278 388 3317 annum
410 3254 590 3333 secundum,
610 3277 674 3341 quo
693 3256 855 3317 Liberium
886 3252 988 3315 adhuc
1010 3253 1125 3334 vixisse,
1146 3252 1270 3314 Damasi

179 3340 431 3403 nonusdecimus
465 3350 616 3424 quartus,
637 3361 731 3423 quem
750 3339 803 3401 hic
822 3348 935 3401 auctos·
957 3346 1111 3416 numerat,
1132 3336 1270 3397 falsitatis

178 3424 310 3485 omnino
329 3424 497 3502 convincit,
516 3425 565 3485 vel
588 3423 776 3506 compendio
798 3430 992 3485 contractam
1013 3420 1272 3482 1000000000ῐίοὲ-

179 3527 252 3571 uem
272 3507 430 3584 historiae,
452 3528 516 3568 non
537 3506 809 3589 chronographiae
828 3516 951 3588 partem
972 3506 1093 3565 astruit.

263 3608 344 3672 [bid.
360 3606 409 3670 13.
451 3600 635 3685 Προκόνιιος
655 3602 790 3690 α’ντῇρεν
806 3604 840 3668 ἕν
857 3604 937 3667 ΚΠ.
955 3602 1035 3685 μηνί
1052 3596 1271 3687 Σεστεμβρίῳ]

179 3698 217 3751 ut
237 3690 388 3773 Procopii
419 3690 618 3773 tyrannidem
649 3712 732 3750 anno
748 3688 954 3750 Valentiniani
987 3688 1083 3750 tertio
1103 3686 1275 3747 ascriberet
1354 3684 1358 3689 “

177 3773 394 3857 Theophanes,
413 3774 521 3855 potuit
535 3794 638 3834 ausam
652 3772 769 3833 dedisse
778 3770 1012 3854 Philostorgius,
1033 3769 1118 3831 cuius
1137 3768 1275 3849 epitome

181 3857 336 3919 Photiana
357 3858 436 3920 haec
456 3856 560 3919 habet.
581 3849 630 3917 ta
649 3855 754 3935 τρίτον
782 3856 838 3935 τῆς
857 3853 1022 3933 βασιλείας
1043 3848 1134 3924 ἕσσας
1149 3846 1276 3953 Οὐάλης

180 3937 295 4018 ἐπιβὰς
309 3939 443 4022 Πέρσας
461 3935 666 4016 ἐστράτευσε·
687 3939 761 3999 καθ’
782 3932 819 4000 ὃν
829 3933 941 4017 καιρὸν
955 3934 1009 3998 καί
1019 3933 1203 4015 Προκίσιος
1216 3954 1276 4013 την

181 4023 353 4102 ropum‘dc
371 4017 452 4085 acad
476 4024 559 4085 1111.
582 4016 783 4086 descedente.
832 4022 915 4103 qaod
932 4020 1048 4082 Valens
1068 4019 1156 4080 tertio
1177 4022 1275 4099 impe.

178 4108 228 4186 pii
247 4128 331 4168 αναιο
347 4108 577 4190 expeditionem
596 4106 628 4165 in
653 4104 761 4166 Persas
781 4109 929 4167 mouerit:
958 4124 1017 4185 pun
1037 4116 1172 4185 tempore
1194 4102 1274 4163 Pro·

179 4193 284 4273 soprius
306 4203 338 4252 et
357 4190 550 4271 tyrasnsidem
581 4188 646 4253 GP.
672 4190 814 4274 arripuit.
865 4186 1084 4251 Valentiniano
1118 4194 1221 4247 tamen
1241 4192 1274 4245 01
