3050 4900
497 398 547 461 ex
581 396 838 505 satornana.
1138 392 1208 497 rus

124 586 242 631 mersae
262 574 343 629 suut.
393 580 457 650 quo
490 568 597 631 andito
620 568 774 651 chaganus
803 567 953 651 siguificat
983 569 1011 631 ei
1041 567 1145 632 dicens
1168 570 1210 629 “o

125 654 283 727 insensate,
303 668 406 712 nonne
426 654 596 734 oportebat
621 661 653 713 te
684 656 715 715 in
740 653 859 715 duabus
885 652 935 715 vel
967 652 1067 714 tribus
1089 653 1210 734 scaphis

124 736 267 816 accipere
290 734 449 795 mulierem
473 745 571 809 tuam,
595 743 626 797 et
648 760 711 799 non
731 746 851 798 tantam
874 734 1017 798 occidere
1037 736 1212 797 multitudi-

124 818 215 879 nem?
234 838 272 877 an
294 826 384 899 putas
406 818 491 901 quod
514 820 546 880 et
565 818 647 881 hanc
663 823 764 882 lllarte
785 822 952 903 percipias.
996 841 1067 881 ecce
1088 818 1212 902 peperit

124 902 181 961 tibi
202 900 354 962 etlilium.
375 903 463 963 mitte
484 922 559 983 ergo
584 912 615 964 et
629 908 735 986 accipe
757 902 856 965 illos.'¹
875 914 908 966 at
930 903 979 964 ille
1000 904 1090 963 misso
1104 902 1213 963 Theo-

122 984 273 1069 pbylacto
306 985 500 1045 cubiculario
520 988 607 1047 duxit
633 986 832 1047 Theodoram
862 988 1010 1049 etlilium
1031 986 1094 1048 cius
1116 986 1215 1047 Tibe-

125 1068 218 1145 rinm,
243 1078 274 1128 et
293 1069 458 1129 coronavit
480 1090 541 1147 eos,
561 1080 593 1132 et
615 1072 810 1153 imperavere
830 1070 919 1131 simul
939 1089 1010 1131 cum
1036 1071 1112 1153 ipso.

200 1186 299 1244 ‘Anno
319 1184 439 1266 imperii
462 1186 621 1248 lastiniani
643 1187 779 1249 secundo
802 1188 930 1248 loannes
953 1185 1213 1269 Hierosolymita.

124 1288 193 1346 nus,
214 1268 268 1350 qui
291 1286 347 1349 per
371 1269 497 1350 triginta
520 1285 614 1332 annos
636 1271 781 1331 ecclesiae
799 1270 955 1352 praefuit,
979 1271 1112 1331 habetur
1130 1268 1213 1329 nuti.

124 1358 199 1427 stes3
234 1349 407 1435 eodemque
438 1374 518 1413 anno
539 1353 652 1415 Vhalid
678 1354 831 1435 surripuit
850 1354 1009 1415 ecclesiam
1028 1352 1214 1415 catholicam

125 1434 271 1495 Damasci
299 1436 397 1495 livore
425 1437 571 1515 pestifero
605 1438 635 1497 in
670 1436 861 1497 Christianos
889 1436 1016 1514 habito,
1041 1435 1213 1498 stimulatus

124 1526 263 1599 propter
285 1517 470 1579 eminentem
492 1522 570 1582 tanti
593 1519 833 1603 pulcritudinem
853 1530 915 1582 tem
939 1520 977 1597 li,
998 1530 1030 1583 et
1050 1518 1216 1602 prohibuit

126 1600 223 1662 scribi
242 1622 354 1683 graece
375 1601 516 1683 publicos
538 1602 703 1688 logothesii
725 1603 857 1683 codices,
879 1542 979 1665 sedin
1000 1602 1137 1665 Arabicis
1158 1624 1216 1663 an.

126 1685 232 1745 notari
254 1685 319 1744 sinc
340 1696 499 1765 computo,
521 1691 667 1769 quoniam
690 1686 878 1767 impossibile
899 1695 945 1749 est
965 1687 1092 1750 illorum
1114 1685 1218 1767 lingua
1305 1725 1320 1771 ιἰ

127 1768 296 1829 monadem
318 1768 365 1831 vel
386 1767 565 1831 dualitatem
586 1782 641 1833 aut
655 1772 830 1833 trinitatem
844 1781 898 1831 aut
913 1778 986 1832 octo
1006 1778 1037 1831 et
1057 1767 1218 1833 dimidium

126 1861 181 1913 aut
202 1851 264 1913 tria
284 1852 395 1929 scribi,
416 1862 552 1937 propter
576 1852 665 1939 ,quod
689 1864 720 1917 et
746 1874 845 1937 tuque
873 1853 970 1919 hodie
988 1864 1061 1917 sunt
1084 1874 1155 1917 cum
1176 1852 1219 1914 eis

129 1934 247 1997 notarii
271 1934 451 1997 Christiani.

212 2049 321 2111 Mundi
344 2072 426 2113 anno
439 2049 532 2127 6200,
557 2052 679 2115 divinae
700 2052 922 2115 incarnationis
943 2076 1026 2115 anno
1045 2051 1116 2130 70⁰,
1139 2066 1220 2113 anno

131 2134 258 2215 imperii
279 2134 325 2191 sui
347 2137 443 2196 tertio
467 2137 647 2197 lastinianus
668 2158 778 2219 pacem
800 2140 883 2199 iuter
908 2138 1062 2199 Romanos
1086 2147 1118 2198 et
1138 2138 1221 2198 val-

128 2238 218 2299 gares
242 2220 366 2289 evertit,
399 2226 431 2280 et
452 2228 607 2301 equestres
636 2220 758 2283 militias
794 2222 824 2281 in
843 2221 996 2283 Thracem
1019 2221 1151 2281 transire
1173 2220 1315 2303 impoli

127 2304 213 2361 ciens
233 2301 378 2361 classibus
398 2304 582 2363 constructis
603 2311 714 2364 contra
739 2304 888 2385 Volgares
909 2302 1120 2365 et'Terbcllin
1142 2323 1222 2383 pro-

128 2383 265 2467 peravit.
317 2404 388 2445 cum
418 2392 521 2445 autem
550 2387 681 2447 venisset
699 2386 750 2477 lad
773 2387 884 2468 ripam,
919 2387 1076 2469 navigium
1096 2387 1245 2468 quidem·

129 2477 207 2530 ante
239 2477 374 2528 castrum
408 2469 566 2550 applicare
601 2471 692 2552 iecit,
716 2472 835 2553 equites
860 2471 987 2531 veroin
1010 2469 1224 2550 superioribus

128 2551 250 2633 campis
271 2551 337 2613 sine
356 2553 496 2613 custodia
519 2561 551 2612 et
574 2552 659 2612 omni
682 2553 857 2634 suspicione
878 2552 1107 2626 castrametari
1128 2573 1224 2634 praee

128 2637 226 2717 cepit.
268 2635 388 2716 populo
410 2646 513 2697 autem
534 2636 615 2698 sicut
638 2637 747 2698 ovibus
772 2655 831 2718 per
851 2656 977 2718 campos
999 2633 1039 2695 ad
1062 2633 1225 2716 legendum

131 2721 240 2780 fenum
260 2717 422 2800 disperso,
441 2719 587 2782 viderunt
612 2719 825 2802 exploratores
840 2719 1008 2800 Vulgariae
1029 2739 1137 2779 vanam
1157 2719 1224 2778 llo.

129 2821 300 2864 manorum
324 2803 567 2884 dispositionem,
591 2813 623 2866 ct
645 2804 817 2865 coacervati
839 2804 971 2864 utferae
993 2803 1225 2876 subitolirruc-

131 2893 219 2962 runt,
243 2895 276 2946 et
298 2885 497 2947 veliementer
511 2888 962 2969 consumpseruntRomaicum
983 2887 1074 2963 ovile,
1095 2885 1226 2946 multant

130 2968 295 3052 praedam,
318 2979 348 3034 et
372 2989 468 3052 equos
489 2978 522 3030 et
542 2991 645 3047 arma,
668 2971 803 3050 exceptis
826 2969 871 3029 bis
892 2970 945 3052 qui
967 2969 1121 3050 perempti
1144 2979 1225 3044 siant,

130 3053 332 3134 accipientes.
373 3072 473 3134 porro
497 3053 680 3116 lastinianus
700 3073 771 3114 cum
793 3053 832 3114 ad
853 3063 988 3114 castrum
1010 3055 1133 3135 fugisset
1155 3073 1226 3111 cum

130 3136 179 3198 bis
205 3137 259 3218 qui
270 3137 461 3210 temserunt,
494 3156 552 3218 per
575 3145 639 3198 tres
665 3136 727 3200 dies
756 3146 864 3218 portas
889 3136 999 3196 clauslt
1018 3147 1051 3198 et
1070 3137 1225 3197 obseratas

134 3221 251 3294 tenuit,
271 3219 441 3302 vidensque
453 3220 625 3302 Vulgarum
661 3221 911 3301 erseversntiam,
933 3221 998 3301 ipse
1012 3219 1131 3300 primus
1152 3217 1225 3299 eqni

130 3307 178 3364 sni
201 3323 314 3364 nervos
335 3303 471 3364 incidens
493 3325 596 3364 omnes
619 3241 770 3385 idipsum
790 3304 893 3363 facere
917 3301 1012 3362 iussit.
1053 3301 1147 3360 armis
1167 3301 1226 3359 nu'.

131 3397 200 3448 tem
219 3385 337 3446 bellicis
367 3405 461 3465 supra
490 3409 616 3446 murum
643 3387 769 3468 positis,
798 3396 895 3448 noctu
917 3385 949 3445 in
969 3383 1094 3468 scaphas
1116 3404 1226 3444 asceu-

131 3469 211 3531 dens
233 3467 367 3530 latenter
389 3468 572 3552 enavigavit,
594 3480 708 3533 etcum
731 3469 913 3531 confiniens
934 3469 1018 3530 venit
1039 3468 1078 3552 ad
1100 3469 1224 3528 urbem.

243 3587 333 3647 Anno
360 3585 484 3669 imperii
512 3587 671 3649 iustiniani
699 3594 813 3670 quarto
845 3584 1015 3648 exercitum
1036 3583 1134 3648 movit
1155 3585 1225 3646 Ma·

131 3669 243 3730 salmas
269 3669 413 3730 adversus
440 3680 604 3754 tyrarurum
632 3679 768 3753 proptor
801 3666 1046 3751 indignationem
1074 3668 1224 3731 exercilus

133 3775 197 3813 una
233 3775 304 3814 cum
337 3753 483 3814 Machina
514 3776 574 3836 per
593 3753 821 3816 Mauriciauum
851 3753 960 3824 occisi;
989 3761 1022 3812 nt
1050 3749 1129 3812 banc
1163 3751 1321 3832 ohopbli

132 3835 266 3898 sidentes
286 3835 502 3908 hiemaverunt
525 3837 648 3899 ibidem.
692 3837 730 3898 ad
747 3857 825 3920 quos
841 3835 936 3896 mittit
953 3837 1126 3916 imperator
1146 3831 1223 3905 duos

133 3929 309 4000 praetores,
332 3919 535 3982 'theodorum
557 3921 758 3982 Carterucum
777 3927 809 3978 et
825 3916 1066 4000 Tlicopbilatum
1089 3914 1223 3992 saliban,

134 4024 209 4062 cum
232 4003 371 4064 exercitu
392 4011 424 4065 et
443 4003 554 4086 agresti
575 4005 695 4086 populo
721 4002 872 4072 ,rusticam
900 4022 1030 4081 opernm
1051 3999 1164 4060 daturo
1185 3999 1224 4061 ad

135 4083 353 4148 debellandum
387 4109 439 4148 eos
471 4097 503 4148 et
532 4087 765 4168 insequendum.
807 4085 864 4228 {psi
887 4105 963 4144 vero
987 4079 1025 4143 ad
1046 4081 1225 4143 contentio-

21 4215 22 4228 ,
134 4189 208 4229 nem
231 4170 259 4230 in
282 4171 469 4232 alterutrum
493 4171 657 4244 venientes,
677 4178 708 4230 et
735 4170 806 4231 inor
830 4165 913 4230 inate
931 4167 961 4227 in
986 4187 1037 4226 cos
1056 4168 1224 4249 congressi,

136 4259 321 4333 vertuntur,
341 4262 373 4314 ct
399 4255 495 4314 multa
527 4253 609 4313 milia
632 4252 814 4334 perierunt,
837 4260 869 4314 et
889 4249 1003 4332 captivi
1026 4249 1116 4312 multi
1138 4247 1225 4312 ducti

243 4375 431 4446 Theophanes
449 4377 488 4430 11.
1011 4373 1044 4424 13
