3050 4900
472 347 525 414 EX
553 348 814 416 rusorum.
1134 341 1184 414 59

126 521 190 581 banc
207 535 236 581 ss
251 518 363 600 lingens
384 539 505 582 sumere
530 529 691 602 postremo
720 521 862 603 porrexit
882 519 1019 595 ancillas,
1040 515 1077 582 et'
1092 533 1187 580 acce-

125 613 194 686 ptam
202 603 493 680 'macedonianorum
506 604 757 666 communionem
779 605 819 666 ad
837 626 872 667 os
894 607 993 682 affert,
1013 611 1046 664 et
1064 603 1185 664 invenit

124 707 177 748 enm
202 685 326 766 lapidem
349 687 472 748 factum.
527 696 592 749 tum
626 687 777 750 deterrita
794 695 827 749 et
853 690 1034 750 tremefacta
1052 683 1183 769 pedibus

124 769 282 830 incurvatur
309 768 449 848 loannis,
477 773 683 833 temeritatem
716 771 867 834 confitens
895 780 928 834 et
957 770 1121 833 sinceriter
1141 769 1184 830 ud

123 852 256 914 ecclesiam
276 852 406 914 rediens.
448 873 549 936 porro
569 855 645 938 lupis
669 855 823 938 repositus
841 855 939 918 estin
958 871 1104 916 uasorum
1125 873 1184 914 cu-

122 935 249 996 stodiaris
270 936 484 1000 reservandust
536 939 697 1022 peridem
726 947 847 1022 tempus
868 939 1023 1013 Arsenius,
1044 937 1100 1019 qui
1114 957 1184 996 ms-

121 1037 181 1100 gnus
194 1019 228 1079 ud
245 1019 400 1082 saeculum
419 1021 531 1094 fuerat,
558 1021 744 1104 contemptis
761 1023 903 1083 omnibus
921 1021 1058 1084 divinam
1078 1018 1184 1102 philo-

120 1101 237 1184 sophiam
264 1104 348 1184 apud
376 1108 549 1188 Aegyptum
576 1107 773 1182 sectabatur,
806 1106 871 1168 vita
902 1112 935 1168 et
968 1105 1068 1166 verbo
1088 1113 1184 1188 atque

123 1186 254 1248 miraculis
275 1186 308 1248 in
330 1187 443 1250 ordine
463 1189 634 1250 monastico
660 1190 789 1271 fulgens.

184 1285 286 1348 Mundi
308 1307 391 1348 anno
414 1283 506 1364 5896,
527 1287 650 1351 divinae
662 1287 882 1351 incarnationis
897 1308 978 1349 anuo
992 1282 1065 1366 396,
1087 1287 1220 1354 loen-p·
1234 1283 1283 1339 tul
1302 1276 1322 1332 o

121 1387 160 1430 nes
177 1367 406 1455 Chrysostomus
424 1372 527 1432 multis
548 1373 580 1432 in
601 1373 664 1434 vita
687 1383 719 1436 et
743 1373 842 1435 verbo
876 1370 1051 1455 diuinisque
1077 1368 1185 1432 chari-

119 1451 241 1516 smatibus
261 1453 435 1538 splendens,
465 1462 497 1517 et
516 1454 599 1518 circa
627 1475 751 1518 omnem
772 1455 920 1517 virtutem
941 1455 1097 1516 districtos
1118 1452 1186 1515 eni-

120 1543 192 1616 susus,
210 1537 395 1621 diligebatur
414 1561 430 1600 a
477 1540 583 1622 opulo,
607 1541 662 1624 qui
685 1537 907 1601 aedificabatur
928 1539 1017 1599 valde
1033 1535 1184 1599 doctrinis

121 1617 176 1679 eius.
222 1619 253 1682 bi
276 1641 355 1683 uero
389 1620 442 1704 qui
453 1560 618 1685 luxuriose
640 1623 785 1685 vivebant
803 1645 835 1684 se
854 1623 1039 1683 avertebant
1058 1621 1098 1682 ab
1117 1620 1183 1697 illc,

121 1703 199 1782 quiet
218 1704 248 1765 in
269 1704 365 1781 bello,
388 1705 474 1788 qnod
496 1703 639 1768 adversus
660 1727 729 1768 eum
744 1713 862 1788 gestum
876 1713 931 1782 est,
956 1703 1079 1787 operati
1101 1712 1184 1776 snnt;

120 1783 183 1846 inter
202 1809 278 1872 qnae
301 1787 462 1870 contigere
484 1810 564 1873 quae
588 1789 670 1851 circa
690 1789 880 1872 Eutropium
902 1786 1080 1851 eunuchum
1101 1794 1185 1869 gesta

118 1871 271 1953 suntquis
298 1880 330 1933 et
352 1873 513 1934 contentio
526 1871 686 1936 Severianl
709 1873 887 1935 Gabalensis
908 1881 1020 1933 contra
1032 1868 1185 1952 Serapio-

119 1969 172 2011 nem
189 1953 441 2018 archidiaconum
453 1955 586 2034 loannis,
608 1967 641 2018 et
660 1953 737 2018 illud
751 1953 838 2040 quod
857 1965 960 2017 actum
983 1963 1028 2016 est
1050 1954 1184 2017 deLon-

118 2033 166 2115 gis,
192 2039 242 2119 qui
265 2061 304 2102 ex
325 2040 466 2136 Aegypto
488 2039 632 2124 fugerant
651 2048 787 2125 propter
813 2033 1038 2121 Theophilum
1059 2057 1183 2099 necnon

117 2119 230 2182 utillud
263 2123 305 2186 de
327 2121 437 2184 litteris
467 2123 635 2208 Theophili
667 2124 705 2186 ud
733 2121 954 2205 Epiphaniunr.
1003 2140 1040 2184 ex
1068 2115 1182 2204 quibus

117 2201 236 2265 omuibus
270 2205 404 2268 famulus
435 2203 485 2268 dei
507 2209 634 2270 loannes
657 2207 773 2270 insidiis
793 2207 1011 2289 appetebatur.
1060 2203 1182 2266 interea

116 2281 283 2368 Epiphanius
305 2289 438 2374 Cyprius
468 2290 593 2354 veniens
622 2291 653 2352 in
673 2291 853 2354 Ebdomnm
883 2289 1130 2351 consecrationes
1149 2296 1182 2349 ot

115 2386 216 2449 synaxes
245 2381 376 2459 praeter
400 2373 521 2436 loannis
549 2373 740 2438 voluntatem
771 2372 856 2436 fecit.
897 2392 1008 2434 verum
1027 2372 1105 2434 bueo
1126 2371 1181 2432 lo-

115 2472 176 2515 snne
195 2458 233 2519 ob
255 2456 393 2521 divinam
413 2458 577 2520 caritatem
599 2456 857 2542 parvipendente,
878 2476 942 2517 non
964 2465 1008 2518 est
1031 2456 1180 2539 placatus,

115 2537 361 2604 criminationibus
371 2540 538 2641 theophili
548 2550 660 2603 contra
675 2542 803 2603 beatum
814 2540 963 2601 loannem
975 2540 1063 2600 fectis
1083 2558 1182 2620 prae-

115 2630 270 2705 occupatus.
324 2636 465 2709 sequentr
497 2646 572 2689 vero
608 2644 688 2687 anno
712 2624 841 2686 loannes
870 2638 1045 2683 sermonem
1067 2618 1308 2702 contrapgtttt

38 2720 40 2735 ’
113 2705 188 2766 malas
206 2704 349 2772 mulieres
370 2710 452 2786 fecit,
471 2730 535 2793 qno
550 2709 652 2772 vesani
675 2717 706 2771 et
719 2706 857 2768 veritatis
878 2704 995 2766 inimici
1006 2702 1181 2768 Eudoxiam
1301 2725 1304 2731 ’

112 2784 317 2872 irritaverunt,
346 2792 482 2855 dicentes
514 2793 660 2856 adversus
691 2813 759 2853 enm
786 2788 928 2851 habitum
947 2789 1038 2851 fuisse
1058 2807 1180 2851 sermo.

112 2888 175 2933 tem·
214 2884 246 2936 ut
269 2876 322 2938 illa
345 2872 449 2938 dicens
473 2878 511 2939 ad
533 2874 698 2939 Arcadium
720 2874 841 2935 atrocia
862 2896 894 2936 se
913 2896 931 2934 a
952 2872 1067 2935 loanne
1088 2870 1181 2932 fuisse

111 2961 286 3039 perpessam,
316 2960 380 3043 egit
402 2970 437 3021 ut
456 2959 644 3043 Theophilus
673 2958 889 3036 accersiretur,
911 2956 984 3040 quin
1002 2956 1180 3017 manifestos

38 3040 40 3113 ξ
111 3050 166 3099 erat
184 3042 323 3107 inimicas
347 3044 489 3121 loannis3
511 3044 564 3129 qui
586 3042 732 3105 accedens
751 3049 862 3103 contra
882 3042 1031 3103 loannem
1050 3036 1179 3100 insidia-

111 3125 227 3206 tussit,
262 3136 297 3190 et
328 3134 403 3188 tunc
424 3126 524 3189 emisit
552 3127 591 3189 ab
626 3126 713 3189 urbe.
787 3147 828 3187 no
857 3131 1021 3205 comperto
1043 3122 1180 3204 populns

109 3222 231 3297 pungnam
254 3209 401 3273 excitavit
420 3210 620 3288 seditionem,
643 3231 707 3272 uon
731 3149 892 3291 inilulgens
912 3203 987 3305 pelli
1007 3205 1177 3277 loannem

38 3300 40 3315 ³
109 3296 177 3351 inter
207 3314 286 3378 qnos
320 3302 352 3355 et
371 3293 512 3355 Eudoxia
541 3292 772 3377 plorationibus
795 3291 893 3375 plebis
913 3290 1059 3349 inclinata
1080 3305 1178 3371 rogu-

107 3369 143 3432 rit
161 3377 336 3454 Arcadium,
355 3385 387 3439 et
407 3379 497 3441 misso
518 3378 647 3439 Crisone
667 3375 812 3441 eunucho
833 3398 851 3436 u
871 3374 1009 3436 Preneto
1029 3369 1178 3435 Ioannem

108 3454 223 3533 reduxit,
246 3460 302 3547 qui
333 3460 489 3543 publicam
519 3462 672 3546 synodum
700 3460 834 3521 introire
855 3456 981 3519 minime
1010 3474 1114 3538 passos
1142 3454 1176 3515 iu

106 3544 229 3615 proastio
253 3544 451 3608 morabatur.
493 3547 628 3629 populus
655 3554 760 3607 antem
791 3542 831 3605 ud
862 3542 1086 3625 imperatorem
1114 3556 1177 3599 vc-

106 3620 235 3688 sileratus
265 3630 415 3692 loannem
447 3630 567 3692 intrare
593 3638 624 3693 et
655 3628 687 3690 in
717 3628 834 3691 throno
855 3626 961 3689 locare
983 3624 1103 3707 coegit,
1130 3622 1175 3683 its

105 3714 133 3765 tlt
151 3708 354 3795 Theophilus,
378 3723 410 3776 et
433 3715 487 3797 qui
510 3734 580 3775 cum
600 3713 656 3774 illo
676 3720 775 3790 erunt,
797 3719 968 3773 metuentes
991 3704 1176 3772 decivitate

104 3788 241 3872 fugerent.
285 3802 361 3858 tnnc
384 3798 536 3880 sexaginta
559 3797 696 3879 episcopi
716 3796 935 3859 convenientus
953 3789 1048 3857 truita
1068 3790 1176 3853 omnin

105 3888 171 3953 quae
200 3900 217 3939 a
244 3880 421 3963 Theophilo
454 3890 486 3943 et
504 3881 594 3943 sociis
623 3890 734 3941 contra
759 3880 897 3941 diuisum
926 3880 1073 3941 loannem
1104 3883 1177 3937 acts

105 3956 215 4022 luerunt
234 3964 304 4026 iure
325 3964 565 4027 constituerunt.
608 3984 709 4046 porro
730 3963 972 4047 sequentianno
993 3958 1209 4042 imperatrixl’·
1221 3947 1307 4011 ¹2³³

104 4035 228 4106 Eudoxio
252 4068 338 4109 susm
360 4058 539 4131 argenteam
558 4056 693 4109 statuam
713 4048 825 4109 faciens
845 4045 954 4109 stetsit
973 4042 1006 4105 in
1024 4042 1098 4105 loco
1119 4040 1175 4126 qui

38 4130 40 4221 p
104 4140 292 4210 nuncupatur
318 4130 468 4211 Pittacia,
489 4131 571 4193 iuxta
596 4123 734 4194 sanctuni
765 4129 921 4192 Eirensm.
961 4126 1048 4190 urbis
1069 4136 1175 4189 sutem

38 4224 40 4307 g
105 4210 266 4286 praelectus
286 4236 357 4278 cunr
388 4226 466 4281 essct
491 4214 706 4293 Manicbaens',
735 4222 769 4279 et
789 4224 870 4299 quae
889 4224 1083 4298 pagrasorum
1100 4218 1175 4273 sont
