3050 4900
267 305 336 384 156
421 315 632 382 Anastnsu
662 315 857 380 HISTORIA
884 315 1191 383 EGCLFSthTlCA

261 485 372 550 llurlus
390 489 541 554 meatlbus
561 508 668 549 carens
678 533 688 566 ,
710 486 765 572 qni
794 493 898 548 artum
917 496 1046 569 pontem
1077 485 1173 549 babet
1201 493 1234 548 et
1253 507 1351 569 ango.

259 573 330 631 stios
359 593 437 654 prae
461 571 706 634 habitationibus
738 571 870 647 multas,
887 589 946 632 nee
975 591 1039 632 non
1072 578 1105 632 et
1129 569 1240 631 foetidi
1261 571 1350 632 rivi.'’

260 653 435 736 imperator
464 677 540 753 erqo
574 655 702 716 consilio
736 675 808 714 cum
832 653 1028 735 principibus
1057 654 1135 714 inito
1159 663 1192 716 et
1212 655 1350 716 exercitu

259 738 392 802 seditio
416 739 533 822 palatro
563 737 696 802 Rachel:
728 736 849 820 reperit
870 738 987 820 quippe
1016 737 1048 797 iu
1070 758 1132 798 une
1156 758 1192 799 ex
1213 737 1351 820 portici-

259 819 316 882 bus
337 823 401 884 eius
418 823 568 906 saginatas
595 841 664 884 aves
684 828 860 899 trecentas,
888 830 920 882 et
943 821 973 881 in
994 821 1053 881 alia
1073 821 1200 902 portien
1222 841 1349 902 capreas

258 905 407 988 saginatas
429 907 629 990 quingentas,
659 925 759 986 porro
782 903 813 963 in
837 903 896 964 alio
917 903 1069 986 saginatos
1100 925 1194 986 agnos
1213 913 1348 982 eentum,

259 1009 339 1069 qnae
358 989 478 1072 populo
500 999 615 1050 cuncta
638 987 776 1049 donarit.
820 995 853 1048 et
873 986 1019 1050 kalendas
1042 987 1198 1048 lanuarias
1218 986 1280 1047 illic
1299 987 1350 1048 se.

259 1079 379 1131 cerunt.
405 1073 539 1156 denique
560 1072 689 1133 inventis
711 1071 820 1133 ovibus
841 1078 874 1131 et
894 1071 1000 1152 porcis
1022 1079 1055 1132 et
1074 1069 1185 1146 bobus,
1209 1091 1349 1154 quornm

257 1175 320 1214 non
342 1164 410 1215 erat
433 1177 588 1234 numeros,
608 1154 764 1238 requievit
784 1154 920 1237 populns
945 1153 1115 1232 universus,
1137 1153 1296 1234 epulantes
1315 1164 1350 1216 et

277 1237 464 1300 lorilioeotes
483 1237 584 1300 deum.
625 1247 791 1322 praeterea
809 1235 1037 1319 comprehensis
1058 1237 1100 1300 eis
1119 1237 1174 1320 qui
1196 1237 1252 1298 ista
1270 1258 1350 1298 eon·

256 1257 421 1397 iurabant,
445 1321 623 1384 didicerunt
651 1322 690 1383 ab
721 1321 780 1382 illis
809 1319 953 1403 liquidius
979 1319 1066 1404 quod
1093 1319 1247 1382 chosroes
1267 1343 1284 1381 a
1305 1319 1347 1382 23

257 1403 307 1465 die
328 1405 507 1466 Decembris
529 1405 661 1483 mensis,
684 1413 850 1487 comperto
874 1403 961 1488 quod
983 1406 1157 1487 imperator
1177 1405 1349 1465 transiisset

143 1493 384 1572 ¹p.t9tpontem
413 1490 560 1568 Tornae,
597 1488 760 1552 confestim
795 1496 899 1548 motus
929 1487 1025 1550 luerit
1059 1486 1099 1549 de
1120 1486 1238 1570 palatio
1259 1487 1348 1570 qnod

255 1582 324 1633 crat
344 1572 376 1632 in
398 1573 582 1657 Dastagerd‚
602 1593 674 1633 cum
693 1592 803 1654 magna
829 1569 1057 1654 Ctisiphontem
1081 1571 1241 1633 eeleritate
1264 1571 1346 1651 peti.

254 1661 353 1735 turus,
373 1657 489 1720 onustis
512 1677 548 1720 ex
569 1655 713 1718 omnihus
733 1654 893 1738 pecuniis,
959 1677 990 1716 as
1011 1653 1147 1716 babebat
1167 1655 1198 1714 in
1219 1654 1347 1736 palatio,

254 1747 318 1800 lam
340 1739 552 1822 elephantibus
563 1761 657 1824 quam
672 1738 796 1800 camelis
810 1747 904 1822 atque
914 1675 1122 1800 burdonibus
1135 1740 1162 1816 *l
1183 1737 1347 1800 ministerii

252 1820 310 1899 sui,
331 1823 467 1884 scribens
499 1831 532 1885 et
548 1823 670 1906 populo
690 1822 810 1884 Rhasat
835 1832 873 1884 ut
891 1820 1133 1904 ingrederentur
1154 1821 1236 1883 idem
1255 1821 1346 1902 puls.

251 1905 332 1966 tium
365 1913 398 1968 et
426 1905 605 1991 principum
639 1905 767 1983 domos,
792 1913 825 1968 et
853 1905 1004 1988 quicquid
1030 1906 1062 1966 in
1083 1905 1130 1966 his
1151 1904 1347 1966 inveniretur

253 1991 423 2051 auferrent.
477 1989 582 2074 itaque
616 1991 792 2074 imperator
822 1987 987 2050 dimidium
1016 1987 1143 2072 quidem
1173 1987 1345 2050 exercitum

251 2071 333 2134 misit
354 2073 394 2134 ad
413 2076 506 2136 Dasta
529 2073 596 2150 erd,
621 2073 687 2156 ipse
707 2094 785 2135 vero
806 2093 867 2157 per
886 2070 978 2133 aliam
997 2073 1080 2133 viam
1100 2071 1178 2134 abiit
1198 2071 1238 2134 ad
1259 2071 1345 2132 alind

250 2154 402 2237 palatium
438 2097 526 2242 qnod
562 2156 844 2242 cognominabatur
869 2155 1061 2218 Bebdaracb.
1124 2165 1157 2219 et
1192 2156 1239 2217 his
1277 2155 1345 2215 rui·

251 2237 298 2299 nis
322 2247 355 2301 et
383 2239 446 2324 igni
473 2241 597 2304 traditis
626 2240 739 2324 gratias
770 2261 862 2383 eqere
879 2237 960 2316 deo,
991 2239 1045 2322 qui
1067 2259 1128 2322 per
1147 2238 1343 2300 intercessio.

251 2343 304 2384 nes
326 2319 375 2383 dei
394 2323 551 2408 genitricis
582 2324 655 2386 talia
676 2325 826 2386 miracus
855 2332 979 2406 patrat:
1009 2324 1077 2407 quis
1101 2321 1183 2384 enim
1203 2322 1344 2404 speravit

251 2427 388 2491 unquam
409 2409 517 2492 fugere
538 2407 698 2472 Cbosroen
722 2431 739 2469 a
767 2406 846 2469 facie
869 2406 1001 2469 Romani
1026 2406 1177 2491 principis
1197 2406 1236 2469 de
1257 2405 1345 2489 pala·

250 2492 299 2553 tiis
326 2492 386 2553 anis
416 2514 496 2577 quae
523 2503 615 2556 erant
643 2496 674 2555 in
695 2490 889 2575 Dastagerd,
918 2501 950 2552 et
976 2499 1085 2572 petere
1104 2490 1342 2573 Ctisiphontem,

250 2574 323 2637 dum
346 2574 483 2659 aviginti
506 2586 659 2661 quattuor
679 2576 765 2637 onnia
778 2596 881 2657 passus
900 2573 1127 2656 Ctisiphontem
1147 2574 1258 2637 videre
1277 2595 1342 2634 non

247 2659 355 2735 suerit,
378 2661 432 2721 sed
455 2661 487 2721 in
508 2658 680 2743 Dastagerd
703 2658 817 2742 regalia
840 2658 904 2719 eius
925 2668 1026 2718 erant.
1078 2658 1264 2720 invenerunt
1282 2680 1346 2717 au·

247 2750 312 2805 tem
333 2742 443 2824 populi
464 2744 679 2805 Romanorum
701 2742 733 2802 in
754 2741 874 2825 palatiis
895 2738 959 2802 eius
982 2739 1067 2823 apud
1086 2742 1260 2824 Dastagerd
1279 2739 1344 2803 300

197 2872 198 2875 ¹
247 2824 462 2887 Romanorum
483 2826 597 2904 banda,
619 2846 700 2909 quae
720 2846 780 2908 per
799 2825 918 2885 diversa
940 2832 1091 2907 oeperunt
1113 2834 1267 2908 tempora.
1290 2825 1343 2884 in·

248 2916 403 2971 venerunt
429 2910 523 2971 etiam
543 2920 575 2971 et
596 2911 731 2990 species,
762 2930 844 2992 quse
865 2920 1097 2987 remanserant,
1117 2909 1238 2986 multas,
1260 2908 1345 2970 aloes

247 2990 365 3055 scilicet
384 2995 512 3053 multem
524 3039 534 3071 ,
554 3002 586 3053 et
606 2994 687 3075 ligna
709 2994 778 3053 aloe
794 3014 922 3073 magua,
943 3012 980 3053 ex
1002 2992 1114 3075 quibus
1135 2991 1340 3077 unumquod-

249 3096 312 3161 que
334 3072 374 3137 70
396 3076 518 3159 pondus
539 3074 675 3139 babebat
705 3076 753 3137 vel
774 3072 815 3137 80
838 3076 1000 3153 librarum,
1022 3084 1055 3137 et
1073 3077 1208 3137 semesam
1227 3075 1342 3157 eopio-

247 3180 324 3235 snrn,
341 3181 377 3221 ae
390 3159 493 3241 piper,
509 3168 541 3222 et
553 3159 719 3221 chalbasias
731 3160 772 3237 “l
794 3158 930 3221 camisias
950 3158 1070 3237 multas,
1090 3159 1200 3220 sachar
1213 3179 1344 3242 quoque

233 3252 342 3327 'atque
363 3244 502 3325 zingiber
522 3252 554 3306 et
568 3243 641 3304 alias
657 3244 773 3325 species
785 3243 868 3303 ultra
890 3264 1065 3305 mensuram
1088 3244 1137 3305 vel
1157 3263 1339 3315 numerum3

249 3328 376 3411 quidam
394 3348 469 3388 vero
480 3336 511 3388 et
524 3336 690 3409 argentum
706 3333 738 3387 et
753 3324 926 3387 holoserica
941 3326 1132 3403 vestimenta,
1154 3326 1341 3387 lectisternia

247 3432 302 3471 seu
323 3432 381 3471 acu
401 3412 517 3492 tapetia
538 3420 702 3487 contexta,
733 3430 869 3493 qnorum
898 3420 967 3471 erat
987 3410 1079 3491 copia
1101 3410 1210 3483 multa,
1231 3418 1342 3471 orant-

248 3494 433 3579 quaomnia
455 3496 538 3557 bona
557 3493 668 3573 valde,
689 3513 770 3578 qnae
796 3499 968 3575 propterea
990 3493 1076 3576 quod
1098 3493 1205 3577 gravia
1226 3501 1338 3569 essent,

284 3718 306 3787 ')
327 3716 508 3788 burdonlbus]
528 3719 616 3770 utitur
643 3716 775 3786 Ulpianus
795 3717 824 3769 in
841 3716 894 3786 leg.
912 3718 949 3769 49
966 3716 1001 3770 de
1027 3717 1146 3787 legati}
1180 3714 1339 3784 Chrysosto-

317 3806 376 3839 naras
397 3804 440 3859 ep.
462 3787 509 3839 14:
527 3788 587 3843 εἶτα
608 3785 753 3857 ὄβόρδων
777 3785 909 3858 riuique
932 3788 1012 3862 ἡμῶν
1029 3791 1061 3843 sd
1079 3792 1223 3842 λεκτίκιον.
1243 3786 1338 3839 Theo-

317 3858 434 3930 phanes:
455 3858 524 3913 ὅταν
542 3862 582 3918 εἰς
600 3858 766 3929 βουρδώνην
775 3862 945 3931 καθέζωμαι.
965 3859 1239 3911 ConstantinusTaet.
1251 3875 1278 3926 p.
1291 3858 1337 3908 ta:

315 3934 360 4000 ἔχε
382 3929 413 3985 δὲ
431 3934 480 3985 eut
496 3928 631 4001 βορδόνια
650 3934 698 3982 καὶ
717 3931 851 3999 tunsum.
887 3930 957 3982 adde
977 3932 1105 3983 Ioannem
1124 3928 1266 3983 Moschum
1286 3928 1335 3981 ti-

314 4018 387 4053 mon·
407 4000 457 4056 101
477 4008 506 4053 et
527 4000 587 4065 125,
606 4000 676 4053 Hist.
693 4001 769 4071 Trip.
789 4000 805 4054 7
822 4000 849 4054 5.
884 4001 964 4054 Pana.

261 4109 299 4185 *')
315 4110 482 4237 immin]
500 4114 690 4189 ullisronymi
708 4112 852 4183 epistolam
870 4113 906 4166 ad
921 4113 1060 4167 Fabiolam
1078 4120 1107 4164 et
1125 4113 1206 4181 gloss.
1225 4108 1262 4162 ad
1281 4109 1337 4161 Cs-

335 4198 391 4235 ren.
449 4200 506 4237 m.
