3050 4900
463 312 602 380 nonne
629 265 918 380 nossessiones.
1078 334 1087 349 ·
1175 297 1247 376 ott

241 483 313 567 673,
335 483 384 548 1⁰.
425 485 702 566 συγκαθεζομένου
724 483 824 570 caleni]
846 485 941 570 Peyr.
960 479 1083 546 flend.

239 585 312 664 675,
332 586 362 648 9.
402 579 479 658 τούς
498 580 558 667 τὴν
578 581 633 648 nin’
654 582 756 649 αὐτοῦ
775 587 883 664 βασιλ.
903 585 997 646 uara.
1018 583 1111 668 Peyr.

241 684 327 748 Ibid.
339 683 388 746 13.
420 691 492 758 ταῖς
507 683 617 758 οἶκτοῖς
631 684 942 768 προοορμιοθέπωο]
964 705 1031 746 nam
1055 681 1103 746 ad
1155 697 1250 746 trosas

154 787 229 832 oras
250 770 471 853 applicuissent.
486 773 615 849 τραχεῖς
645 767 754 845 οόπιοι,
775 769 796 830 ii
820 767 979 830 dicuntur.
1001 775 1062 828 act.
1085 767 1099 828 1
1127 807 1135 828 .
1179 768 1249 830 loca

150 872 276 935 aspera,
297 861 512 933 importuosa3
542 851 685 936 adquae
715 873 805 922 naves
828 862 923 914 vento
947 851 1042 913 flante
1061 857 1160 912 tutam
1182 859 1246 912 sta-

150 934 271 996 tionem
290 935 406 997 hnbere
428 943 595 1020 nequeant.
640 936 766 1018 exponit
779 937 810 996 S.
826 933 955 1016 Niceph.
970 933 1016 995 his
1040 932 1152 997 verhis.
1174 931 1249 996 att·

150 1013 366 1098 μενοςγοὶρὸ
391 1016 496 1099 τόπος,
517 1017 657 1090 καὶτοῖς
678 1019 809 1079 πλέουσι
839 1014 1090 1100 δοσφορόοοτος.
1133 1019 1248 1098 impon-
1353 1027 1357 1034 '

149 1113 247 1162 mosen
268 1105 349 1176 enim
368 1115 411 1164 est
428 1103 518 1185 loon,
536 1114 564 1163 et
583 1103 795 1185 navigantibus
816 1099 959 1184 difficilis.
982 1123 1044 1163 non
1057 1121 1135 1184 ergo
1157 1101 1247 1180 benc,

151 1205 220 1247 casm
238 1186 346 1247 littora
365 1187 506 1268 legerent,
530 1193 589 1247 etc.

235 1280 308 1359 676,
318 1283 348 1350 9.
390 1283 431 1345 τοὶ
456 1279 545 1366 πάθη
562 1279 683 1361 αὐτῶν]
704 1285 783 1366 Reg.
806 1291 838 1348 et
852 1283 920 1345 Pal.
944 1294 976 1347 at
986 1282 1079 1368 Peyr.
1099 1292 1132 1345 ct
1142 1281 1245 1346 hnnst.

149 1366 263 1447 oritoni,
285 1378 320 1430 ut
340 1367 458 1430 editum
479 1377 531 1429 est.
575 1389 616 1430 ac
637 1370 700 1428 eim
717 1369 796 1429 vitia
815 1367 1001 1430 traducerent
1007 1389 1020 1444 ‚·
1041 1387 1151 1448 nempe
1163 1367 1246 1428 Con.

150 1451 278 1512 stantini
301 1451 383 1533 apud
406 1451 506 1532 ipsum
530 1451 722 1533 Stephanum
753 1451 905 1512 inclusam
932 1450 972 1512 ad
1003 1470 1095 1534 quem
1116 1453 1245 1526 iterent3

150 1534 237 1596 cuins
258 1534 352 1596 etiam
388 1535 538 1596 criminis·
559 1537 598 1596 ah
628 1556 667 1596 eo
698 1535 744 1598 rei
780 1533 842 1596 acti
864 1543 946 1602 sunt.
988 1533 1031 1596 sic
1050 1543 1136 1596 certe
1155 1533 1245 1594 fictus

150 1617 203 1678 ille
225 1639 260 1679 cx
281 1618 383 1678 nulico
408 1619 600 1679 Constantini
634 1617 805 1680 monachus
831 1617 1005 1700 Gregorius
1034 1617 1065 1678 in
1088 1617 1151 1680 vita
1172 1617 1246 1678 Ste-

149 1697 264 1783 phani,
296 1702 403 1763 deluso
439 1702 550 1764 codem
581 1701 764 1783 Stephano,
787 1723 823 1763 ac
845 1701 884 1764 ab
905 1723 943 1764 co
965 1699 1111 1764 monachi
1135 1700 1246 1764 habitu

150 1783 303 1846 derisorie
325 1785 508 1867 impetrato,
529 1787 601 1869 cogi
624 1807 657 1847 sc
679 1807 715 1847 ac
737 1786 837 1847 socios
861 1807 877 1846 a
906 1783 1111 1847 Constantino
1133 1782 1172 1844 ad
1192 1785 1244 1846 ln.

149 1865 316 1944 duismnm,
343 1891 380 1929 ac
408 1869 639 1931 Saracenorum
668 1869 860 1952 impietatem
888 1867 971 1952 apud
1003 1889 1073 1930 eum
1095 1866 1243 1929 simulatis

148 1949 290 2035 lacrymis
300 1961 424 2034 questas
435 1961 497 2014 est:
510 1951 551 2013 ita
566 1953 713 2014 nimirum
726 1973 906 2036 persuasum
916 1951 1049 2013 habente
1058 1959 1193 2036 tyranno
1204 1947 1245 2012 de

148 2033 215 2117 ipso
228 2056 263 2096 re
277 2033 341 2118 ipso
356 2035 456 2119 queri,
471 2038 525 2120 qni
539 2057 574 2098 ex
591 2036 694 2099 animo
713 2037 882 2098 orthodoxi
903 2043 1011 2112 essem,
1032 2055 1070 2096 ac
1082 2032 1242 2118 Stephano
1315 2060 1317 2066 ¹

147 2115 273 2179 addicti.
317 2120 448 2180 cavebat
467 2119 614 2182 nimirum
643 2121 843 2205 nequissimus
873 2119 969 2181 homo
992 2141 1086 2204 qnam
1108 2117 1242 2201 diligen.

148 2209 199 2263 ter
220 2223 260 2263 no
282 2201 393 2284 impias
415 2202 549 2284 audiret,
572 2225 675 2288 eoque
697 2203 824 2266 nomine
845 2223 1025 2287 quanquam
1046 2203 1077 2264 in
1098 2201 1242 2264 omnibns

147 2285 464 2369 obsequentissimum,
485 2308 522 2347 ac
540 2285 604 2349 eins
625 2285 866 2348 addictissimum
888 2287 1006 2348 haeresi
1029 2284 1241 2368 patriarcham

146 2370 384 2432 Constantinum
403 2391 493 2430 saeva
524 2391 599 2432 nece
618 2369 752 2447 sustulit,
783 2368 870 2455 qnod
889 2379 1011 2432 secreto
1032 2367 1163 2453 prodito
1188 2389 1239 2429 sn·

145 2476 273 2517 narrans
290 2454 521 2517 Nestorianismi
544 2472 614 2516 enm
636 2454 847 2516 insimulasset.
889 2451 968 2514 nihil
992 2449 1030 2513 ad
1053 2473 1130 2528 rem,
1151 2449 1239 2536 qnod

146 2536 306 2599 redditum
325 2545 388 2599 est:
412 2557 469 2599 nec
488 2546 602 2599 auctor
624 2532 663 2599 roi
684 2531 791 2619 πάθη,
812 2537 866 2601 sed
884 2532 919 2599 ro'
941 2527 1054 2611 πάθος,
1077 2535 1122 2597 vel
1143 2532 1239 2615 magis

144 2614 202 2681 τόν
221 2610 323 2683 ἆθλον
340 2621 520 2704 scripsisset,
540 2630 576 2684 ut
597 2621 640 2683 ita
660 2620 700 2685 de
722 2621 815 2703 ipsine
837 2618 983 2704 martyris
1003 2617 1166 2701 triumpho
1187 2616 1238 2677 lo.

146 2705 200 2787 qni
221 2704 377 2766 voluisset.
399 2704 462 2765 hoc
482 2727 570 2767 sensu
585 2708 656 2767 Nan.
678 2696 1039 2785 ποραδειγμοτίσοςκοί
1055 2694 1238 2779 θριαμβεοῖ·

143 2806 205 2859 σος
224 2782 283 2866 τήν
304 2784 519 2865 ἅμαρτίαοοῖς
539 2786 630 2861 α’ξίοο
649 2780 782 2869 ὕβρεως.
849 2809 886 2849 ro
908 2785 1005 2848 altera
1027 2783 1162 2849 lectione
1173 2784 1238 2844 Re-

143 2870 186 2952 gii
209 2869 280 2931 cod.
302 2878 337 2942 ,et
355 2871 421 2933 Pal.
444 2872 574 2933 maxime
595 2872 686 2946 lacit,
715 2869 802 2955 qnod
825 2810 926 2933 hahet
946 2870 1010 2951 ipsc
1030 2866 1237 2949 Theophanes

143 2951 341 3015 Constantini
368 2975 451 3016 anno
484 2954 522 3016 tt
545 2976 614 3039 pag.
639 2952 701 3018 373
730 2954 785 3017 ahs
814 2976 846 3017 se
875 2952 926 3015 hic
955 2952 1038 3015 dicta
1067 2950 1236 3035 explicans3

143 3058 216 3098 cnm
238 3037 282 3099 ait
304 3037 405 3100 dictos
434 3057 582 3121 proceres
613 3036 733 3101 idcirco
759 3038 800 3102 ah
821 3060 860 3101 eo
881 3035 950 3101 neci
968 3036 1068 3117 datos,
1089 3058 1126 3098 ac
1147 3034 1178 3097 in
1199 3034 1236 3097 iis

142 3120 335 3201 Strategium
356 3120 621 3204 Podapognrnm,
649 3120 829 3207 quodcum
857 3118 928 3185 alias
951 3121 1062 3202 turpis,
1086 3140 1122 3181 ac
1146 3117 1235 3179 nela-

143 3204 210 3267 riae
233 3204 369 3275 lihidinis
389 3204 594 3268 Constantino
615 3204 757 3268 minister
776 3215 865 3283 essct,
887 3204 932 3267 rei
951 3213 1120 3284 pertaesus,
1140 3200 1234 3265 heato

140 3288 241 3350 sancti
264 3287 406 3349 Auxentii
432 3287 550 3350 incluso
573 3292 695 3374 (nempe
708 3290 742 3351 S.
757 3288 918 3372 Stephano
943 3285 1071 3363 iuniori)
1093 3306 1141 3348 eas
1164 3295 1233 3348 tan

140 3370 295 3454 pitndines
314 3390 404 3433 sacro
425 3370 666 3458 exhomologesis
694 3374 758 3437 ritu
783 3380 962 3455 exponeret.
1003 3362 1234 3447 ὖπονοοῦμενος

140 3449 334 3534 cistercia
353 3451 584 3533 ἑξαγοροῦσεοον
611 3456 858 3534 προσγινομένῳ
886 3450 975 3538 αὐτῷ
996 3444 1159 3531 αἰσχύνην.
1178 3473 1232 3512 ve·

140 3539 218 3599 ritus
234 3538 382 3621 pmhmm
402 3538 485 3620 qrcod
502 3561 544 3601 ex
568 3539 799 3617 confictionibus
817 3540 868 3600 illi
885 3536 1055 3600 accedebat.
1097 3556 1136 3597 en
1158 3534 1232 3596 ahi.

142 3642 205 3705 que
226 3621 302 3705 qnid
322 3618 358 3682 nd
380 3614 469 3705 anton
497 3620 733 3701 θριαμβεῦσαι,
760 3621 826 3683 sive
853 3644 926 3701 sna,
947 3621 1011 3683 sive
1030 3616 1125 3683 etiam
1145 3618 1232 3679 Con.

140 3703 287 3781 stantini,
315 3704 479 3767 occasione
505 3726 560 3767 sua
586 3705 727 3789 ipsorum
748 3704 932 3788 confitendi,
951 3704 1039 3769 cuins
1059 3702 1232 3785 turpitudi-

140 3808 217 3849 nnm
251 3795 306 3850 ant
327 3786 443 3849 conscii
467 3788 613 3870 luissent,
643 3798 698 3850 ant
726 3788 877 3863 minist1i;
908 3808 946 3852 ac
977 3808 1072 3873 qaam
1090 3786 1172 3848 helle
1192 3784 1232 3847 ad

139 3870 290 3954 Stephani
309 3871 425 3934 isthaec
446 3879 548 3933 tracta
568 3872 746 3957 praeconia.
787 3868 967 3956 σποθάριος
986 3863 1068 3935 aurci
1088 3864 1143 3933 οόν
1162 3870 1231 3951 Βη-

139 3946 213 4037 οήρ.
254 3954 373 4019 Beseris
384 3956 565 4042 spatharius.

221 4075 365 4155 677,13.
412 4074 574 4159 κλερικοός
596 4098 629 4143 τε
653 4079 709 4144 eol
732 4076 903 4163 μονοχούς,
925 4076 981 4142 καὶ
1007 4070 1144 4157 tuitionis,
1164 4072 1229 4159 pni-

141 4179 218 4234 σιος
240 4158 346 4226 αὐτοῦ
365 4162 433 4241 ane]
455 4164 531 4249 Reg.
556 4174 617 4227 etc.
