3050 4900
530 349 582 410 Ex
611 345 870 412 moestus.
1174 343 1244 416 157

152 515 279 601 penltus
302 515 522 578 lucenderunl.
574 513 628 578 sed
647 524 679 578 et
698 516 837 578 tentoria
857 513 1005 578 Cbosrols
1028 524 1123 600 atque
1141 518 1243 578 corti.

150 623 217 679 nas,
238 621 313 685 quas
334 601 365 660 in
391 599 521 661 modum
549 598 695 660 tendebat
716 600 910 680 porticuum,
931 597 1055 682 quando
1078 601 1109 661 in
1131 622 1242 682 campo

148 696 252 746 castra
269 683 457 766 metabatur,
481 693 593 744 cuncta
610 691 800 759 cremarunt,
822 683 898 763 quin
912 693 944 744 et
955 692 1070 744 statuas
1082 684 1146 744 eius
1159 685 1339 764 mul-pllio

148 778 207 829 tas.
250 769 436 829 invenerunt
458 774 563 828 eutem
583 775 616 828 et
638 765 735 826 iubis
758 766 881 846 palatiis
902 766 1020 827 aviaria
1039 775 1072 829 et
1094 766 1243 832 dorcades

148 862 184 914 et
204 851 304 914 minos
324 859 457 933 agrestes
477 857 509 912 et
536 869 674 933 pavones
697 859 730 912 et
756 849 888 911 fasianos
908 850 1047 912 infinitae
1066 849 1244 912 multitudi-

148 935 208 1012 nis,
232 955 374 996 necnon
406 934 439 994 in
466 933 588 996 vivario
621 931 686 994 eius
722 933 826 996 leones
848 954 885 994 ac
907 933 1035 1016 tigrides
1056 933 1155 996 mirae
1174 957 1247 995 ma.

147 1017 319 1102 guitudinis
352 1017 449 1080 vivos.
504 1013 542 1078 de
575 1027 683 1079 cetero
719 1017 929 1100 confugerunt
956 1016 996 1077 ad
1021 1019 1244 1100 imperatorem

147 1099 279 1186 plurimi
300 1121 337 1163 er
357 1099 498 1184 captivis,
520 1095 645 1162 Edesini
662 1097 780 1162 scilicet
800 1110 832 1162 et
845 1100 1056 1178 Alexandrini,
1076 1101 1129 1164 sed
1154 1109 1187 1163 et
1206 1123 1242 1166 ex

146 1185 215 1246 eliis
240 1183 370 1246 urbibus
397 1181 611 1246 multitudines
637 1184 791 1264 copiosae.
833 1183 908 1245 fecit
931 1183 1050 1246 interea
1069 1184 1244 1268 imperator

144 1268 347 1332 festivitatem
376 1266 527 1328 luminum
550 1287 644 1350 penes
673 1267 846 1350 Dastagerd
872 1265 1023 1345 laetatus,
1045 1275 1077 1330 et
1099 1289 1243 1330 recreans

146 1361 213 1414 tam
243 1351 397 1435 populum
428 1371 522 1435 qnam
550 1351 705 1428 iumenta,
725 1350 801 1436 quin
827 1357 860 1412 et
881 1349 1026 1412 Chosrois
1049 1350 1164 1434 palatia
1185 1352 1242 1414 de-

144 1444 280 1514 struens,
301 1434 441 1498 aedificia
469 1433 615 1498 videlicet
644 1455 725 1517 qnae
745 1441 839 1496 eraut
857 1434 1064 1517 comptissima
1087 1445 1120 1497 et
1141 1435 1242 1497 admi.

147 1517 259 1599 meda,
281 1515 455 1602 domosque
474 1516 648 1600 stupendas,
669 1539 744 1600 quas
775 1537 873 1602 usqne
893 1517 932 1579 ad
951 1517 1165 1600 pavimentum
1184 1518 1241 1580 de-

145 1603 277 1748 posuit,
300 1601 445 1746 pusbnus
464 1601 617 1664 Cbosroes
639 1601 792 1664 edisceret
820 1622 914 1684 quam
935 1599 1051 1662 durum
1074 1599 1242 1664 habuerint

177 1686 281 1748 omani
324 1685 445 1747 olorem
466 1685 595 1746 urbibus
616 1685 675 1746 suis
698 1684 840 1746 desolatis
864 1683 904 1746 ab
924 1706 964 1747 eo
984 1684 1184 1747 nibilominus
1209 1694 1242 1746 et

146 1769 286 1832 indensis.
311 1769 391 1832 tenti
409 1778 513 1830 nutem
528 1780 598 1830 sunt
609 1778 641 1831 et
652 1788 687 1830 er
705 1767 809 1830 aulicis
820 1767 929 1851 palatii
947 1769 1051 1849 multi,
1071 1768 1126 1852 qui
1140 1770 1242 1830 inter-

146 1854 249 1936 rogati
270 1851 397 1935 quando
419 1852 591 1915 discesserit
615 1851 769 1914 Cliosroes
791 1875 808 1914 u
827 1849 1017 1935 Dastagerd.
1040 1861 1241 1914 asseruerunt

145 1943 239 2000 “ante
259 1936 359 2000 ildies
378 1935 466 2018 prius
483 1957 576 2019 quam
597 1956 652 1997 vos
664 1935 820 1997 veniretis.
842 1931 950 1998 andito
981 1933 1119 1998 adveatu
1133 1945 1238 1998 vestro

146 2021 280 2084 latenter
293 2030 422 2102 pertuso
440 2039 532 2080 muro
546 2017 689 2096 civitatis,
711 2019 822 2103 quiest
839 2019 923 2080 iuxta
941 2018 1102 2101 palatium,
1121 2028 1241 2082 temere

145 2126 204 2186 per
225 2105 336 2166 hortos
355 2103 460 2181 exivit,
482 2103 547 2186 ipsc
569 2113 602 2166 et
622 2123 703 2164 uror
725 2112 756 2165 et
776 2101 832 2164 lilii
852 2101 929 2180 eius,
950 2125 988 2166 ue
1007 2103 1096 2166 fieret
1119 2105 1240 2165 tumul-

145 2197 193 2248 tus
216 2189 247 2248 in
272 2188 425 2249 civitate.''
476 2195 508 2249 et
539 2207 641 2271 neque
663 2185 792 2249 militiae
822 2183 917 2268 ipsius
940 2207 1118 2269 cognovere
1137 2209 1239 2270 neque

144 2273 303 2353 principes
318 2270 392 2346 eius,
415 2289 576 2355 usquequo
593 2270 731 2332 miliariis
754 2269 894 2354 quinque
913 2272 1065 2413 perrexit,
1083 2269 1237 2352 siquidem

145 2365 221 2417 tunc
245 2355 404 2417 mandavit
433 2375 497 2438 quo
528 2373 560 2415 se
583 2363 791 2438 sequerentur
813 2351 912 2435 Ctisip
935 2362 1042 2416 ontem
1064 2351 1236 2416 tendentes.
1247 2387 1274 2442 p.
1284 2365 1340 2425 496

143 2439 220 2503 etis
246 2440 298 2523 qui
320 2460 383 2500 uon
407 2445 534 2521 poterat
557 2437 697 2521 quinque
716 2435 850 2508 miliaria
869 2437 973 2499 facere
993 2458 1054 2517 per
1077 2435 1170 2515 diem,
1187 2437 1238 2499 ln.

143 2523 228 2606 giens
248 2524 322 2585 fecit
350 2522 460 2605 viginti
483 2520 641 2606 quinque,
663 2521 870 2602 mulieresque
897 2518 1107 2595 condielur,
1129 2519 1238 2601 quise

141 2609 229 2693 prius
249 2608 418 2670 alterutros
437 2626 501 2666 nou
514 2604 672 2681 videbant,
694 2613 771 2665 tunc
790 2602 910 2665 mixtim
923 2602 1084 2685 fugiebant
1103 2601 1235 2665 invicem

143 2690 346 2774 impellentes.
398 2710 533 2771 cumque
561 2708 622 2749 nox
652 2688 834 2764 accessisset,
862 2686 1009 2748 introivit
1029 2686 1183 2749 Chosroes
1203 2688 1236 2747 in

142 2776 271 2837 domum
292 2774 448 2853 agricolae
477 2770 580 2847 nihili,
613 2772 645 2831 in
667 2771 754 2833 cuins
782 2769 863 2833 ostio
884 2771 934 2831 vir
954 2791 1083 2833 munere
1100 2790 1236 2851 praesu.

141 2859 220 2933 lnit;
243 2856 331 2941 quod
352 2856 458 2919 videus
481 2854 680 2935 postmodum
700 2854 862 2917 Heraclius
892 2854 1061 2917 admiratus
1079 2860 1133 2917 est.
1174 2875 1235 2937 per

140 2953 202 3005 tres
225 2949 330 3002 autem
349 2939 413 3003 dies
435 2938 512 2999 adiit
533 2936 778 3019 Ctisopbuntem.
834 2958 908 2999 saue
928 2936 1081 3001 Cbosroes
1102 2956 1234 3019 respon-

138 3049 206 3089 sum
228 3034 395 3107 acceperat
415 3043 433 3084 a
454 3021 597 3084 maleficis
618 3031 650 3083 et
682 3020 845 3103 astrologis
867 3028 939 3082 aute
957 3030 1112 3105 quattuor
1132 3029 1164 3082 et
1185 3021 1233 3082 vi.

139 3130 231 3172 cenos
252 3130 359 3185 annos,
381 3105 507 3190 qnando
523 3106 620 3167 Duces
636 3104 843 3187 depopulatus
864 3112 910 3166 est
930 3104 1124 3185 temporibus
1143 3104 1231 3165 Pho.

138 3212 191 3257 cae
217 3190 353 3253 Romani
373 3189 535 3272 principis,
558 3188 646 3273 quod
666 3198 811 3271 tempore
832 3210 896 3271 qno
917 3188 1020 3249 adiret
1040 3184 1233 3267 Ctisophon-

15 3332 17 3345 ,
138 3283 199 3338 tem
220 3274 351 3356 periret.
401 3272 573 3336 etidcirco
605 3280 736 3333 nonest
763 3292 867 3355 passus
888 3294 905 3331 a
926 3268 1097 3351 Dastagerd
1119 3278 1232 3331 extunc

138 3358 167 3421 in
190 3367 315 3441 partem
348 3357 431 3418 illam
453 3378 517 3419 uno
544 3356 652 3419 saltem
677 3355 815 3416 miliario
844 3373 987 3436 pergere,
1005 3353 1059 3415 sed
1082 3350 1157 3414 binc
1176 3354 1231 3413 l'u.

137 3442 220 3523 giem
243 3440 284 3503 ad
307 3441 386 3503 banc
407 3440 491 3501 abiit.
532 3460 642 3501 verum
662 3459 720 3501 nec
741 3439 773 3500 in
794 3437 862 3519 ipsa
875 3436 1042 3518 persistere
1063 3456 1152 3497 ausus
1173 3446 1229 3514 est,

136 3526 188 3588 sed
208 3526 361 3587 transiens
384 3533 514 3605 pontem
543 3522 678 3605 Tigridis
706 3520 843 3584 fluminis
862 3520 1021 3583 civitatem
1042 3521 1126 3582 ultra
1144 3519 1230 3601 posi.

137 3616 200 3675 tam
220 3606 307 3690 adiit,
328 3630 408 3691 quae
424 3605 549 3691 quidem
569 3604 654 3687 apud
677 3624 732 3666 nos
743 3604 897 3682 Seleucia,
920 3602 1004 3687 apud
1023 3604 1131 3667 Persas
1149 3623 1228 3663 saro

137 3692 278 3755 Gubeser
303 3692 473 3767 vocitatur,
508 3690 540 3751 iu
563 3708 625 3774 que
644 3708 750 3751 omnes
771 3689 918 3771 pecunias
938 3687 1089 3770 reposuit.
1131 3685 1227 3747 sedit·

138 3797 196 3859 que
219 3776 283 3837 illic
311 3797 383 3836 cum
411 3775 513 3836 Sirem
544 3794 642 3835 uxore
663 3794 717 3833 sua
747 3780 780 3834 et
808 3772 874 3834 aliis
902 3771 1006 3833 tribus
1035 3768 1227 3846 mulieribus,

138 3880 215 3942 quae
236 3870 268 3923 et
291 3860 372 3921 tiliae
391 3858 484 3941 ipsius
505 3864 611 3930 eraut;
632 3856 768 3939 reliquas
800 3876 877 3918 vero
899 3854 1042 3917 mulieres
1061 3874 1129 3916 suas
1146 3853 1325 3942 mul-pst?

139 3948 245 4027 tosqne
265 3942 380 4005 liberos
413 3962 484 4005 suos
510 3940 715 4023 quadraginta
742 3938 867 4001 milibus
887 3937 980 4019 louge
1001 3936 1168 3999 transmisit
1187 3936 1226 3997 ad

138 4024 318 4089 interiorem
337 4037 460 4109 partem
474 4023 612 4086 Orientis
633 4024 664 4082 in
681 4022 920 4084 munitissimum
940 4020 1054 4081 locum.
1097 4020 1223 4103 quidam

137 4127 204 4170 sane
226 4110 393 4172 Persarum
417 4108 649 4189 derogaverunt
669 4106 808 4167 Serbaro
831 4124 926 4188 penes
940 4104 1113 4175 chosroen,
1136 4104 1225 4187 quod

139 4210 205 4255 cum
224 4192 370 4257 Romanis
388 4193 518 4257 sentiret
539 4200 570 4253 et
593 4188 636 4251 illi
657 4187 855 4264 detraheret;
877 4196 909 4253 et
927 4186 1010 4252 misit
1030 4186 1224 4273 spatharium
