3050 4900
267 313 343 390 446
624 322 668 386 tn
695 322 978 388 THEORHANEM

269 517 364 580 gnum
390 491 536 555 inclusive
563 489 628 552 dics
646 499 719 554 sunt
749 490 801 570 49,
833 493 999 576 exquibus
1026 513 1075 554 ses
1096 489 1257 554 dominicis
1276 485 1356 577 deq.

268 576 412 674 πιότης
434 575 602 658 expunctis,
626 576 739 657 ntiqui
766 583 838 636 suut
859 575 923 637 dies
956 573 998 639 36
1019 575 1135 638 ieiunio
1156 578 1252 639 dicati
1274 591 1357 658 (nam

268 664 401 724 sabbatis
422 657 549 720 ecclesie
571 657 777 719 Occidentalis
801 659 946 736 ieiunat);
978 679 1075 744 quare
1103 655 1198 721 utto
1220 659 1282 722 dies
1302 657 1357 740 ssi-

267 765 373 822 osspos
393 743 550 817 confiunt,
571 742 676 802 ieiunii
699 753 793 823 caput
817 744 1049 820 antevertitnr,
1072 751 1105 804 ct
1127 765 1144 802 e
1167 743 1224 804 scr.
1244 741 1267 804 4
1286 753 1357 806 ante

269 828 416 889 dominic.
438 826 586 909 quadrag.
611 826 735 885 initium
764 826 926 908 repetitur.
979 835 1012 886 et
1036 845 1111 888 vero
1140 827 1273 904 Graeci,
1298 829 1355 910 qui

269 933 304 974 ex
324 911 366 972 49
387 911 445 971 iilis
471 909 597 984 dicbus,
622 928 686 968 non
712 929 781 986 sex,
803 908 857 970 sed
879 908 1045 970 duodecim
1079 909 1216 973 eximunt
1241 915 1354 994 (oeque

270 996 352 1056 enim
374 993 509 1054 sabbatis
530 992 680 1068 ieiunant)
699 990 770 1052 cum
792 989 834 1053 30
853 993 953 1054 solum
975 991 1037 1054 dies
1059 994 1172 1054 ieiunio
1193 1013 1358 1055 consecra.

270 1088 318 1139 tos
340 1077 479 1138 residuos
500 1073 643 1152 habeant,
667 1075 774 1136 decem
795 1073 931 1158 reliquos
953 1097 989 1138 ex
1008 1076 1219 1140 anterioribus
1239 1076 1357 1138 hebdo-

269 1160 365 1222 madis
386 1167 598 1241 compensant.
642 1159 750 1240 itaque
770 1157 880 1220 solidas
901 1158 975 1221 dues
992 1160 1151 1238 adiiciunt,
1173 1169 1206 1222 et
1225 1161 1358 1241 primam

269 1244 467 1321 dominicam,
494 1259 588 1338 quem
610 1236 794 1321 dno'spccrv,
825 1243 873 1304 vei
892 1238 1129 1321 dnoxpesiocpov
1151 1253 1273 1320 vocant,
1297 1251 1359 1304 sta.

269 1338 364 1390 tnuot
385 1329 416 1388 io
430 1327 619 1389 dominicam
638 1325 846 1408 sexagesimae,
867 1347 960 1409 aqua
977 1325 1015 1386 ad
1035 1327 1198 1390 sabbatum
1216 1326 1362 1408 paschate

271 1413 334 1472 dies
356 1417 430 1472 sunt
448 1406 490 1470 56
510 1404 752 1490 ἀποκρεῶσιμοι,
774 1409 921 1491 exemptis
942 1409 1104 1470 dominicis
1124 1417 1208 1490 octo,
1229 1420 1261 1472 et
1284 1411 1359 1470 sab-

269 1496 349 1556 botis
368 1504 498 1576 septeno,
520 1494 632 1576 reiiqei
653 1501 725 1552 sunt
744 1491 807 1552 dics
828 1487 974 1554 ἀπόσιτοι
994 1487 1044 1554 tt.
1087 1493 1205 1576 quippe
1226 1493 1357 1556 sabbato

271 1597 393 1660 magno,
419 1573 604 1652 ati'dictnm
625 1586 681 1652 cst,
701 1574 839 1636 ieiunant
852 1574 1034 1637 Orientaies.
1076 1577 1281 1659 quamobrem
1301 1577 1359 1638 do-

272 1662 385 1722 minica
403 1660 528 1760 prima,
553 1681 647 1743 quam
668 1677 724 1717 nos
753 1659 954 1740 sexagesimos
975 1660 1175 1740 nominemus,
1197 1683 1214 1720 a
1234 1661 1358 1722 Graecis

271 1743 507 1822 rinoxpsmospoe
526 1735 618 1821 ἑορτὴ
639 1740 767 1804 dicitur.
821 1739 899 1803 hacc
931 1741 982 1804 iile
1010 1743 1183 1804 subtilitcrz
1214 1751 1358 1826 utquam

274 1832 471 1890 Graecorum
492 1824 583 1906 gestis
604 1835 637 1886 et
658 1823 747 1884 dictis
770 1825 884 1886 abscon
905 1827 1010 1906 paucis
1022 1825 1163 1888 discutio.
1206 1825 1237 1886 in
1259 1829 1360 1888 Grac.

272 1929 386 1972 corum
416 1928 516 1992 acque
546 1929 583 1969 ac
613 1907 799 1968 Latinorum
825 1907 944 1968 ieiuniis
974 1910 1120 1971 ciborum
1145 1910 1359 1993 quantitatem,

273 1987 1360 2156 tttisttnitfftdttutitt”dztfflitttttttt

896 2121 906 2154 9

273 2159 445 2239 cooperiam
473 2165 597 2218 tantem
626 2155 701 2216 olim
729 2176 906 2218 concessam
940 2158 999 2242 ipsi
1029 2159 1187 2221 fetentur:
1216 2167 1249 2219 et
1279 2179 1362 2220 nunc

273 2249 346 2325 post
370 2239 534 2302 meridiem
562 2239 725 2302 confestim
760 2239 931 2302 decantatis
966 2241 1147 2322 vespertinis
1180 2241 1305 2322 officiis,
1330 2251 1363 2304 et

275 2325 541 2407 prnecoosecratis
560 2322 690 2404 sumptis
710 2325 873 2408 mysteriis,
896 2325 979 2386 circa
999 2325 1110 2387 horam
1133 2324 1291 2388 emeridic
1311 2347 1362 2388 se..

275 2410 410 2471 condam
436 2429 474 2471 ex
504 2405 648 2470 ecclesiae
668 2407 817 2489 pennino
838 2405 910 2468 cibo
938 2429 1053 2491 corpus
1074 2417 1202 2489 possunt
1223 2409 1362 2471 reficere.

275 2493 451 2575 ξηροφαγία
473 2491 557 2575 epod
571 2490 694 2553 eosdem
707 2492 891 2553 intemerate
904 2512 1000 2577 usquc
1022 2493 1053 2551 in
1072 2490 1258 2555 hodiernum
1278 2493 1362 2555 diem

274 2585 471 2659 perseverat,
502 2596 601 2659 eaque
630 2594 695 2635 noo
722 2595 830 2637 carnes
860 2574 954 2637 modo
985 2584 1017 2638 ct
1036 2575 1188 2636 lacticinia
1207 2578 1363 2659 repudiat,

274 2658 328 2719 scd
349 2659 445 2740 pisces
465 2658 558 2717 etiam
576 2657 733 2738 periectos
753 2664 801 2732 tut
823 2657 985 2741 conchylia
1005 2658 1240 2743 polypodcsque
1257 2681 1364 2721 exsan-

275 2762 350 2838 gues
370 2740 515 2821 excipias)
534 2741 690 2835 perfectos
713 2738 795 2819 dico,
820 2741 931 2824 quibus
952 2741 1031 2803 inest
1050 2744 1180 2825 sanguis,
1198 2744 1362 2827 oieumquc

276 2820 1364 2993 titt,tirttti'tttttmotitttttnttt‘*”tuttttittt

276 2990 548 3073 quadragesimalis
569 2996 711 3071 tempus3
733 2988 809 3053 iliud
832 2990 857 3051 si
878 2992 1010 3073 proprie
1025 2992 1186 3073 rigidoque
1209 2994 1363 3069 observes,

276 3092 316 3217 ep)
326 3072 464 3216 pppprio
482 3072 622 3215 ipsorum
641 3094 731 3135 sensu
755 3094 812 3216 lcclx
835 3081 867 3135 et
895 3075 1022 3216 tpiginta
1038 3075 1150 3219 pipicus
1171 3075 1363 3219 cumtmedpo

277 3178 335 3299 dr:
358 3178 517 3319 idtdlf‘vei
532 3176 1002 3322 riegtidiiamsdmdc'tsildiimmsirpedd
1018 3180 1365 3325 tiqundidgiiesimirtroqiis:

279 3262 394 3400 cendit,
418 3323 457 3385 ad
481 3333 599 3385 sextum
613 3332 647 3384 et
666 3322 963 3406 qoinquagesimum,
985 3334 1021 3387 nt
1043 3324 1110 3385 vuit
1122 3326 1276 3401 Petreius,
1292 3346 1366 3387 ous-

277 3428 385 3489 qoam.
429 3414 546 3467 attenta
570 3426 679 3467 eornm
700 3406 942 3486 consuetudine,
965 3429 1044 3489 quae
1063 3408 1220 3471 dictorum
1240 3416 1286 3469 est
1305 3409 1367 3470 ob-

276 3492 414 3571 scuritas,
436 3489 610 3572 dissipator.
652 3488 826 3569 dominica,
846 3511 927 3572 quae
949 3490 1133 3552 Latinorum
1152 3501 1199 3565 est
1218 3492 1367 3575 octogesi-

275 3594 336 3650 ma,
358 3573 486 3635 Graecis
515 3570 711 3654 spesspdycc,
743 3573 833 3649 elias,
856 3566 1035 3651 oindepeoae,
1064 3584 1097 3637 et
1128 3570 1368 3653 einospecc'cspoc

276 3664 496 3801 nnpcopapur,
523 3654 616 3753 quod'
638 3656 669 3714 in
703 3677 740 3717 ee
761 3676 873 3799 corne}
893 3655 1002 3803 ppisppc
1026 3657 1189 3803 qpmedere
1210 3658 1313 3763 licent,
1331 3664 1365 3753 et

276 3760 386 3901 3222?
395 3760 1366 3907 2233·atttttt‘ttt‘tnnt'tn'tttntss‘‘gtt‘t

279 3904 466 3967 Latinorum
490 3904 624 3967 ccelesiis
650 3906 847 3987 carnisprivii
867 3908 970 3969 rubria
990 3906 1062 3970 iicet
1083 3906 1314 3969 characteribus
1334 3907 1367 3965 in

279 3988 382 4052 diario
410 3989 509 4051 notati
533 3990 653 4052 setam
702 3989 765 4051 dies
789 3988 833 4051 iili
854 4010 905 4053 aex
929 3992 1141 4073 sexagesimum
1166 3998 1313 4068 nostram,
1334 4000 1367 4051 et

279 4073 474 4134 Graecos-nm
494 4063 658 4152 sinduno-r
679 4072 864 4155 excipientes
896 4074 1058 4155 lacticinia,
1082 4094 1213 4154 mucosa,
1234 4092 1292 4135 ova
1313 4071 1373 4133 iltis

280 4154 397 4238 apponi
418 4155 613 4237 permittunt,
634 4156 728 4219 ctiam
748 4156 826 4219 seria
850 4167 963 4240 questa
986 4165 1122 4221 etsexta
1144 4157 1258 4221 ieiunio
1280 4154 1371 4220 dics-
