3050 4900
617 390 767 453 norae.
996 395 1000 402 ·
1163 377 1236 454 453

232 555 304 638 367,
336 550 384 622 14.
410 596 415 608 ·
438 551 516 637 μηνῖ
539 555 713 644 Ὁκτωβριλρ
743 553 846 654 ἡμὲρρ
874 555 970 642 ἕκτῃ]
1004 566 1122 620 motum
1154 557 1240 620 illum

150 643 253 726 ample
274 639 423 703 describit
437 640 579 722 Agathias
603 641 654 701 lih.
678 643 698 702 5
718 642 777 704 sub
799 640 933 706 initium.

234 749 321 814 ibid.
341 748 391 810 tl.
433 744 593 827 κιβοόρια]
612 745 746 826 κιβοόρια
769 769 993 830 nonnunquam
1018 747 1163 830 reperies,
1186 767 1242 808 ve-

148 838 199 899 lut
221 855 293 916 pag.
315 831 510 909 succedente,
534 853 615 913 quse
636 839 850 908 monumenta,
870 833 918 892 vel
940 829 1066 912 templa,
1089 851 1122 893 er
1144 839 1244 892 trans·

149 918 252 981 latitio
276 934 345 992 usu,
367 915 520 975 Meursius
538 912 622 974 haud
650 915 721 974 satis
754 924 827 996 apte
860 915 941 975 inter
966 923 1094 978 relatur.
1147 911 1243 994 κιβτό.

150 1021 229 1078 psov,
251 1007 381 1060 ornatus
398 1006 443 1060 est
465 996 580 1075 altaris,
602 998 710 1059 trullus
733 999 879 1058 nimirum
902 935 1000 1058 aialim
1021 997 1192 1078 impositus,
1212 1008 1244 1060 et

155 1082 307 1146 columnis
328 1089 482 1164 quattuor
505 1080 546 1141 ad
566 1082 630 1142 eius
645 1084 773 1163 angulos
789 1081 898 1142 erectis
921 1081 952 1140 in
975 1082 1071 1142 altum
1091 1082 1243 1145 suffultae

152 1189 188 1230 ex
209 1187 273 1248 quo
294 1159 511 1245 θυσιαστήρια
530 1174 562 1226 et
580 1158 715 1241 κιβώρια
735 1164 893 1225 consociat
912 1164 1127 1246 Theophanes.
1157 1167 1239 1226 Ger.

150 1271 259 1312 manus
281 1248 311 1306 in
329 1257 461 1331 mystag.
483 1241 513 1308 oi
533 1239 619 1325 όγιοι
649 1247 780 1325 πατέρες
800 1243 843 1319 ιός
864 1242 999 1324 οόρανόν
1018 1245 1077 1325 μὲν
1099 1243 1133 1308 τό
1159 1243 1240 1308 ἐπό-

149 1335 253 1396 νιοθεν
274 1331 331 1410 τῆς
360 1327 453 1409 όγόας
478 1329 633 1411 τραπέζης
653 1323 785 1411 όρόφιον
815 1327 1059 1404 αἰιαρτιῖοοσιν·
1100 1327 1143 1400 ὣς
1165 1324 1240 1412 diga

150 1417 187 1478 δὲ
205 1415 264 1494 γῆν
283 1409 443 1492 ὁρίζονται
463 1409 499 1474 τό
520 1407 583 1473 sind
596 1411 757 1490 τεσσάρων
778 1412 910 1490 κιονόοον,
931 1413 989 1473 τοῦ
1001 1413 1167 1493 εἰρημένον
1190 1435 1239 1474 κι-

148 1499 280 1578 βωρόον,
301 1492 547 1574 συγκλειόμενον.
574 1496 743 1576 firmicem,
770 1498 826 1580 qui
848 1517 940 1582 supra
958 1504 1098 1557 mensam
1118 1517 1239 1557 sacram

150 1581 270 1657 emanet,
292 1581 376 1640 aeliu
401 1581 533 1656 coelum,
563 1583 662 1640 sancti
687 1592 792 1662 patres
815 1593 1003 1640 construunt:
1036 1593 1146 1640 terrum
1168 1601 1239 1641 uera

153 1676 251 1724 mente
267 1661 428 1747 definiunt,
447 1663 530 1743 quod
548 1677 690 1746 quatueor
707 1663 853 1722 columnis
871 1664 936 1722 eius
952 1663 1119 1723 conclusum
1133 1675 1187 1736 est,
1210 1677 1241 1724 et

151 1748 298 1807 ciborium
322 1746 506 1827 appellatam
549 1744 687 1807 Codinus
708 1747 737 1805 in
760 1744 969 1826 descriptione
988 1745 1094 1826 templi
1116 1754 1241 1807 sanctae

151 1828 299 1912 Sophiae.
321 1826 447 1907 ἑποόιγσο
460 1823 496 1888 τό
510 1823 668 1907 κιβώριον,
685 1826 742 1888 κατ’
752 1825 828 1899 νοός
848 1828 952 1899 κιονας
967 1827 999 1902 ἐξ
1013 1825 1164 1906 οἷργόρου,
1186 1829 1242 1890 καί

150 1909 322 1990 χροσόοας
344 1902 443 1969 oded·
465 1913 521 1971 κατ’
542 1907 578 1972 τό
594 1909 711 1990 μῆλον,
736 1907 791 1970 καί
810 1904 849 1970 τό
871 1914 972 1991 κρίνα,
995 1909 1049 1970 κοτ’
1067 1904 1121 1971 τόν
1142 1933 1240 1972 οταν.

151 1991 209 2072 ρόν
230 1995 288 2056 τοῦ
316 1987 467 2071 κιβωριόυ
487 1991 660 2072 ὁλόχρυσα.
700 1994 858 2070 α’όονίιιαι,
886 2009 915 2054 et
931 1996 961 2054 ei
980 1994 1128 2056 subiectas
1158 1996 1240 2056 colu.

152 2099 241 2138 mnas
252 2090 426 2156 exurgento
444 2077 603 2163 conflauit,
617 2090 646 2136 et
657 2099 734 2138 auro
752 2077 933 2138 decoravit.-
950 2097 1073 2159 ponium
1087 2079 1193 2155 etiam,
1212 2089 1243 2140 et

151 2162 234 2235 lilia,
255 2175 286 2222 et
303 2181 417 2220 onmem
438 2161 549 2220 ciborii
568 2181 611 2220 ex
629 2179 707 2223 auro
727 2181 806 2242 puro
834 2159 971 2244 confecit.
1020 2157 1110 2241 plara
1133 2160 1172 2222 de
1192 2161 1241 2223 ci-

149 2241 243 2305 lrorio
268 2245 299 2305 in
321 2241 541 2322 euchologicis.
573 2247 578 2252 “

244 2341 317 2419 358,
342 2343 369 2402 l.
419 2335 481 2403 ότιό
511 2339 569 2420 τῆς
598 2341 732 2422 Χροσῆς
759 2335 887 2422 πόρτης]
919 2341 959 2404 de
989 2341 1034 2401 hia
1070 2341 1128 2404 CP.
1161 2341 1236 2404 locis

151 2424 268 2510 Gyllius
293 2428 324 2487 in
345 2433 455 2508 topog.
475 2425 536 2485 (ΞΡ.
558 2435 589 2487 ct
611 2426 745 2507 origines
769 2425 852 2509 ipsae
875 2425 937 2487 CP.

233 2534 316 2596 laid.
337 2533 367 2595 7.
408 2531 660 2610 torneamenta]
679 2530 938 2612 Ἰοοκοορόιανοόν
958 2530 1073 2592 habent
1094 2531 1187 2593 Barb.
1209 2541 1240 2595 et

150 2616 279 2712 Peprea.
310 2616 404 2679 codd.
426 2618 681 2697 καταχρηστικῶς
702 2617 806 2677 forsan
824 2611 1085 2676 Ἰοακοονόιανῶν
1105 2616 1181 2693 vioe,
1201 2614 1242 2677 ds

152 2700 266 2781 quihus
285 2699 462 2781 Procopius
484 2699 595 2761 στιλλ
618 2698 656 2760 de
678 2699 768 2760 aedis.
790 2699 894 2759 lustin.
914 2698 1060 2775 βασιλειο
1081 2695 1241 2775 α’λλαχόθι

148 2778 420 2862 ,όεόημιοόργιγκεν
449 2777 548 2853 αότός
576 2779 817 2862 καινουργῆσαι,
847 2776 880 2841 όν
909 2800 941 2841 τε
972 2779 1014 2862 τῷ
1043 2778 1165 2865 Ἡραίῳ
1187 2776 1243 2841 κατ’

147 2861 397 2937 Ἰουκονόιόναις
424 2871 494 2935 ταῖς
517 2868 734 2943 καλουμέναις.
781 2864 902 2945 palatia
931 2865 1097 2925 consumit
1112 2866 1178 2949 ipsc
1196 2865 1242 2928 iba·

150 2970 172 3008 a
179 2946 397 3027 fimdananos
417 2950 450 3009 in
472 2948 600 3009 Heraea
618 2963 648 3009 ct
670 2948 867 3010 Iucundianis
886 2950 932 3009 ita
952 2950 1082 3008 vocatis.

233 3052 306 3134 359,
328 3054 377 3115 4„
408 3054 556 3136 εἰσῆλθεν
574 3048 667 3125 ἔθνος
694 3053 730 3115 s’r
759 3053 805 3137 τῷ
833 3038 1013 3137 Βοζαντόρ]
1035 3052 1150 3117 Avares
1170 3064 1241 3116 sunt

152 3136 301 3222 Scythae,
325 3140 388 3199 sive
410 3138 517 3199 Hunni
537 3139 663 3199 Asiatici
682 3138 826 3199 Boreales
845 3158 938 3219 supra
959 3137 1073 3215 lberos,
1098 3136 1241 3215 Colchos,

150 3221 334 3299 nivehense,
357 3229 390 3283 et
400 3222 520 3295 Alanos,
539 3243 675 3303 quorum
687 3222 834 3304 patriam,
855 3241 968 3297 mores,
991 3220 1186 3303 legationem,
1209 3231 1242 3283 et

152 3306 218 3367 eius
241 3326 365 3367 causam
387 3304 533 3386 exprimit
544 3306 716 3367 Menander
735 3312 902 3386 protector
925 3306 956 3364 in
982 3304 1170 3385 legationum
1190 3326 1242 3366 ex·

150 3389 266 3470 cer-ptis
286 3387 430 3449 editionis
451 3388 565 3469 Regiae
588 3410 660 3471 pag.
683 3386 743 3465 99,
777 3409 896 3471 eiquo
926 3386 1004 3448 haec
1025 3386 1240 3468 Theophanes.

153 3471 301 3553 legendus
314 3472 466 3555 Euagrius
488 3470 540 3533 lib.
562 3471 582 3533 5
604 3493 672 3553 cap.
697 3472 725 3551 l,
744 3471 876 3533 maxime
897 3491 974 3533 vero
998 3471 1169 3533 simocatta
1189 3470 1241 3533 lib.

150 3552 172 3615 7
194 3576 262 3638 cap.
284 3552 315 3617 8.

237 3654 319 3717 Ibat.
341 3654 372 3717 7.
413 3651 591 3734 τιροινόίοις]
612 3651 780 3715 monachus
799 3652 1000 3735 sangallensis
1020 3652 1073 3716 lib.
1090 3654 1109 3717 2
1128 3652 1169 3717 de
1184 3652 1243 3713 Ca.

153 3735 224 3798 rolo
244 3740 369 3822 Magno.
421 3760 487 3798 cum
515 3739 699 3797 tenuissimas
729 3737 802 3797 illas
827 3738 995 3823 pelliculas,
1027 3740 1078 3798 ael
1098 3738 1243 3799 tenutam

152 3820 304 3883 brandeas
334 3824 499 3883 extrahere
530 3822 681 3902 cepissent.
731 3820 951 3883 Constantinus
968 3820 1176 3905 ,Porphyrog
1203 3819 1244 3881 de

153 3900 267 3963 admin.
301 3906 375 3987 imp.
402 3925 469 3985 cap.
493 3900 526 3963 6.
554 3900 705 3983 βλαττόσ,
726 3900 884 3985 πρόνόιοι,
909 3902 1068 3985 χσρόρια,
1094 3898 1242 3982 σήμεντα.

153 3985 287 4063 blattia,
316 4009 421 4065 zonae,
442 3985 603 4058 armillae,
623 4001 765 4047 sementa.
788 3988 905 4069 glossae
924 3986 1045 4050 isidori.
1062 3986 1242 4070 pranderem,

151 4091 241 4149 genus
261 4090 421 4133 zonarum.
464 4070 516 4129 hic
538 4066 643 4152 itaque
662 4070 763 4131 tennis
785 4070 862 4133 vitta
883 4081 938 4147 est,
960 4070 1023 4132 sire
1044 4066 1166 4131 fasciola
1188 4092 1241 4133 ca.

154 4150 236 4231 pillis
258 4152 440 4215 reviciendis
459 4151 581 4213 idonea.
624 4152 656 4212 in
676 4151 760 4215 hunc
775 4176 862 4217 usum
877 4163 907 4217 et
929 4154 1018 4215 tinem
1031 4146 1141 4233 σειρός
1161 4174 1244 4233 χριγ.

155 4233 203 4319 ogi
224 4234 531 4317 διατιναοικιλμόνος,
554 4234 708 4300 catenulas
731 4257 809 4301 auro
829 4238 997 4322 variegatas
1022 4236 1177 4321 accipiunt
1198 4239 1242 4301 lc·
