3050 4900
625 281 774 348 NOTAE.
1175 277 1246 350 375

155 479 292 544 puerum
324 466 449 542 ruptum
475 460 604 524 scribit:
632 469 665 524 et
694 461 900 526 Damascenos
938 460 1062 524 taudem
1090 463 1178 546 epist.
1209 463 1248 527 de
1325 497 1327 500 ·

153 543 302 626 trisagio,
329 545 449 606 virtute
476 542 610 628 quadam
640 547 775 627 angelica
808 544 840 605 in
864 565 967 608 serem
996 553 1155 624 evectum,
1188 545 1247 630 hy.

152 647 265 688 usuum
289 645 353 710 quo
377 627 498 690 trinitas
521 627 676 707 laudatur,
698 628 848 708 didicisse,
870 637 930 690 etc.
948 628 1245 714 plurullicephorus

150 711 210 772 us.
239 705 279 771 sl
299 730 366 793 cap.
386 708 440 772 so.

237 813 375 893 144,17.
420 813 682 892 Οὕολεοτινιοοὸς
702 814 741 876 cal
762 812 869 898 μόνον]
892 817 1104 901 irruptionem
1114 819 1245 882 Vanda-

150 901 259 962 lorum
282 901 314 962 in
337 900 473 962 Africam
494 901 665 963 chronicon
689 900 949 979 Alexandrinum,
970 901 1119 984 Prosper,
1140 903 1245 965 etalii

149 985 192 1046 ad
214 1005 330 1046 anuum
362 985 531 1046 Theodosii
552 982 592 1048 stt
620 985 782 1066 assignant.
834 992 1005 1068 eapropter
1037 1007 1116 1069 quae
1137 986 1188 1048 hie
1207 1007 1244 1050 es
1373 993 1381 1006 '

146 1067 311 1150 Procopio
335 1069 387 1130 lih.
415 1067 429 1129 1
453 1069 492 1129 de
523 1069 607 1130 hello
629 1068 803 1130 Vandalico
831 1069 1005 1128 summatim
1028 1069 1168 1148 collecta,
1193 1069 1245 1132 hi-

147 1152 270 1214 storice
290 1173 352 1213 non
375 1151 524 1214 chronice
542 1151 656 1214 referri
676 1151 768 1212 facile
790 1151 921 1234 quisque
942 1150 1120 1244 perspiciet.

233 1249 302 1333 145,
327 1253 376 1320 14.
415 1253 613 1342 Ὑπόγοτθοι]
634 1257 827 1342 Visigotthos
859 1257 963 1320 reddit
984 1259 1139 1342 interpres
1160 1259 1243 1322 Prn-

148 1341 254 1424 eopii,
269 1338 436 1423 Ἰσίγοιθοι
462 1341 559 1405 habet
592 1342 651 1403 alia
675 1340 788 1421 lectio,
819 1344 904 1426 apud
933 1363 1025 1428 quem
1047 1343 1242 1428 Godigisclus

149 1423 274 1510 legitur,
296 1428 349 1510 qui
373 1425 423 1487 hic
444 1425 669 1506 Μοδίγισκλος.

236 1533 307 1611 147,
333 1533 380 1600 18.
422 1531 578 1615 μετετέθη
605 1534 641 1595 ἐν
655 1523 891 1619 Ἀλεξανδρείᾳ]
914 1532 1071 1616 Eugeniue
1094 1533 1241 1620 martyris

143 1616 284 1700 Philippi
299 1617 471 1700 Augustalis
490 1618 580 1700 filiae,
599 1617 801 1680 Alexandriae
822 1617 896 1678 olim
918 1620 1049 1680 Romam
1070 1620 1240 1702 proiectae,

145 1723 207 1786 que
228 1703 260 1762 iss
283 1701 362 1763 urhe
381 1700 474 1764 etism
494 1700 682 1784 martyrium
702 1721 789 1782 passa
812 1711 866 1777 est,
887 1703 1032 1784 reliquias
1055 1700 1240 1764 Alexandri-

146 1807 198 1846 am
217 1784 323 1866 potius
346 1785 508 1847 translatas
530 1786 714 1862 arbitrarer,
736 1805 830 1868 quam
849 1783 1051 1866 Euphemiae,
1073 1785 1160 1847 euius
1181 1784 1239 1848 de-

143 1870 285 2014 posptum
307 1867 339 1930 iu
360 1888 458 1930 anuos
470 1876 632 1953 sequentes
646 1866 901 1932 Chalcedonensis
916 1869 1022 1933 civitas
1044 1869 1160 1932 diutius
1181 1889 1238 1930 eu-

142 1961 193 2015 sto
218 1951 284 2013 rvit.
947 1956 950 1968 '

227 2035 311 2121 11111.
337 2058 387 2120 11.
427 2053 565 2138 μονοχοὶ
584 2057 621 2120 dl
640 2079 724 2132 τινες
740 2055 885 2132 ἐλθόντες
904 2055 938 2120 ἐν
956 2057 1050 2137 list]
1072 2057 1111 2121 de
1129 2057 1238 2120 Theo-

145 2140 229 2202 doro
249 2145 467 2223 Mopsuesteno
488 2165 506 2202 a
525 2143 641 2203 Proeto
661 2152 692 2205 et
726 2145 842 2206 loanne
861 2142 1058 2206 Antiocheno
1080 2143 1166 2204 ultro
1188 2141 1237 2204 ei-

143 2233 258 2308 traque
285 2225 369 2286 datas
399 2225 543 2307 epistolas
574 2223 660 2287 dedit
688 2225 870 2288 Vincentius
891 2225 1043 2290 Ricardus
1075 2227 1115 2288 ud
1129 2227 1235 2288 Procli

143 2329 281 2453 ppassim
300 2310 524 2455 ealcembqups
548 2307 641 2453 ptiasu
660 2309 892 2456 pommerpturiis
907 2309 1160 2457 {ilustrs‘slvitslplp³
1177 2329 1235 2371 eo-

168 2412 218 2453 em
262 2413 387 2455 cronius
407 2415 425 2455 a
448 2413 532 2455 une
566 2411 640 2456 omo
714 2413 888 2476 annerum,
936 2414 1013 2456 acuo
1038 2413 1082 2474 us,
1129 2411 1234 2455 sers-

142 2483 202 2556 tus,
223 2486 256 2537 et
274 2476 336 2538 alii.

231 2580 371 2665 148,1s.
407 2578 582 2667 'Assshgosl
614 2605 686 2646 eum
706 2583 858 2667 suspicor,
880 2604 973 2667 quem
991 2582 1158 2647 Persarum
1179 2602 1233 2644 rer

140 2666 319 2750 isdegerdes
346 2666 525 2729 Theodosio
561 2668 729 2749 imperium
761 2666 882 2729 ineunti
921 2675 1101 2729 curatorem
1135 2663 1233 2742 dedit,

142 2748 261 2835 quique
281 2752 320 2813 ab
349 2771 431 2811 auno
452 2753 516 2813 eius
539 2752 649 2835 quinto
674 2770 692 2811 a
719 2772 837 2813 summa
861 2772 968 2813 rerum
988 2748 1232 2810 administranda

138 2843 333 2909 summotus,
356 2834 479 2915 imperii
502 2835 669 2917 patricius,
694 2832 879 2896 Pulcheriae
900 2832 1117 2895 eunuchorum
1136 2852 1233 2915 prue-

138 2918 270 3000 positus‚
290 2918 385 2999 ipsius
405 2916 573 2979 Theodosii
595 2918 718 2979 Baiulus
740 2926 915 2999 promotus,
941 2916 979 2979 de
1023 2925 1154 2978 otestate
1175 2938 1232 2977 au·
1355 2972 1359 2979 .

139 3008 191 3061 cta
214 3000 362 3062 timorem
383 3000 555 3067 incusserit.
606 3001 753 3062 Antiochi
775 3022 888 3063 nomen
911 3008 982 3063 eto
1018 3001 1139 3061 ciorum
1162 2997 1231 3059 effi.

139 3083 222 3145 nites
241 3084 422 3167 suspicionis
451 3093 523 3146 sunt
553 3093 744 3167 argumenta.
791 3094 904 3147 auctor
929 3082 970 3145 ad
990 3105 1106 3145 aunum
1125 3081 1231 3145 Theo-

140 3163 222 3230 dosii
241 3170 380 3251 primum
401 3176 434 3231 et
453 3168 610 3253 quintum.

223 3290 303 3353 Ibid.
345 3276 563 3376 πραιπόσιτον]
586 3290 802 3355 eunuchorum
823 3291 979 3375 prinecps,
1005 3298 1035 3353 et
1056 3291 1231 3371 imperato-

138 3374 206 3437 riae
228 3374 403 3453 custodiae,
425 3387 457 3438 et
478 3374 666 3474 quandoque
695 3375 791 3438 cubili
811 3376 987 3457 praefectus
1006 3383 1051 3437 est
1068 3372 1230 3457 praeposi·
1308 3418 1314 3429 .

137 3470 192 3522 tus.
235 3459 454 3542 euchologium
482 3482 514 3519 sn
540 3460 746 3542 imperatricis
771 3458 1018 3540 inauguratione.
1070 3452 1230 3536 εἰσάγεται

137 3536 354 3638 ἧυβοσιλισσα
385 3536 472 3621 nupsi
500 3544 559 3602 τοῦ
581 3536 810 3620 sosinosiros»,
842 3537 898 3603 sul
917 3536 1105 3621 παρίστησιν
1128 3534 1230 3619 αὐτὴν

136 3644 181 3706 τῳ
201 3621 392 3708 eureseim.
444 3628 628 3708 imperatrix
658 3647 682 3687 a
698 3626 873 3710 praeposito
902 3625 1072 3701 inducitur,
1093 3626 1146 3706 qrss'
1162 3644 1229 3682 eam
1335 3652 1339 3671 ·

134 3707 341 3789 patriarchae
364 3722 547 3792 praesentat.
589 3708 718 3769 Photius
747 3708 916 3789 impolitis
951 3706 1164 3789 Metrophunis
1196 3714 1230 3767 et

135 3789 314 3856 Alexandri,
368 3790 555 3870 συνέτρεχον
586 3793 627 3875 τῇ
647 3790 801 3873 προδοσίᾳ
825 3784 977 3867 Εὗοέβιός
997 3809 1053 3869 ss,
1074 3786 1090 3847 t
1114 3786 1228 3848 alveos·

135 3867 197 3949 daie
215 3870 432 3951 npasne'ossoc,
453 3872 509 3935 καί
530 3865 620 3935 ἄλλοι
633 3874 726 3953 τινές,
746 3872 865 3953 καὶτῆς
887 3870 1081 3952 δυσσεβείας,
1101 3865 1157 3929 καὶ
1174 3868 1230 3951 τῆς

138 3952 334 4033 sisdpoysirou
357 3955 485 4039 φύσεως
506 3958 732 4020 σοοθασιοῖται.
781 3956 997 4019 concurrebant
1014 3955 1048 4014 in
1067 3974 1103 4015 ea
1117 3952 1227 4035 prodi.
1256 3956 1262 3969 ⁶

135 4040 219 4100 &osse
239 4039 386 4102 Eusebius
406 4043 516 4125 imphss
532 4044 744 4125 praepositas,
768 4042 840 4119 (nou
870 4040 1042 4121 episeopus,
1063 4044 1099 4097 nt
1121 4036 1229 4115 ignare

136 4119 303 4203 interpres)
322 4138 352 4187 et
377 4124 439 4186 alii
457 4124 614 4204 manati,
641 4139 670 4187 et
691 4126 870 4207 isnpsetatis,
891 4136 921 4185 et
941 4123 1076 4184 eviratae
1093 4118 1227 4203 ss‘oems'·
