3050 4900
638 369 787 437 NOTAE.
946 399 949 410 ·
965 385 967 395 '
1182 366 1255 438 315

168 541 258 690 aasz}
282 539 339 602 sed
365 559 462 623 peaes
491 537 727 604 Constantinum
760 537 933 624 praecipua
955 549 1025 604 erat
1047 539 1170 624 imperii
1195 561 1255 622 po-

251 732 301 809 99,
310 729 340 792 9.
381 729 547 812 ἐκκλησίας
567 729 747 814 α’νιγείριυν]
769 733 866 794 relata
878 732 1036 793 Maximini
1056 731 1161 804 caede,
1186 751 1258 791 nar.

166 815 315 878 tathaee
336 812 444 876 eadem
465 816 614 878 Eusebius
635 813 722 876 lib.9
742 813 844 898 cap.9
866 816 922 877 sub
945 817 1082 877 initium:
1104 815 1186 876 idem
1206 815 1258 875 hic

168 899 315 983 legendus
336 897 376 961 de
399 899 464 959 vitu
485 900 644 962 Constant.
667 897 720 962 lib.
741 899 760 959 9
782 919 850 981 cup.
872 898 926 958 44.
1254 919 1258 930 ·

250 1023 333 1086 Ibid.
357 1020 404 1085 10.
447 1011 538 1094 οὗτος
557 1017 638 1103 πρὸς
665 1013 722 1083 siis
741 1017 849 1107 νόμον]
880 1023 957 1084 haec
988 1021 1043 1084 nisi
1075 1024 1258 1102 correxeris,

167 1107 240 1168 salsa
261 1107 365 1167 statim
386 1106 570 1190 comperies.
611 1105 823 1170 idololatriam
837 1106 920 1168 enim
931 1115 963 1168 et
978 1106 1161 1189 prophanas
1184 1108 1260 1169 deo.

169 1213 243 1253 rum
264 1190 341 1251 ritus
361 1188 508 1252 tolerasse
531 1189 789 1267 Constantinum,
814 1191 880 1274 quis
903 1189 1112 1252 dubitaverit?
1154 1192 1260 1273 itaque

166 1273 232 1335 sair
251 1269 392 1334 εἰδυίλοσν
413 1270 512 1346 sassie
529 1275 606 1351 vice,
627 1267 700 1346 roric
721 1269 831 1352 ἁγίους
851 1272 967 1345 τόπους
977 1273 1173 1334 scribendum
1197 1296 1259 1356 pu.

168 1356 304 1418 laverim
334 1356 456 1437 lubens,
478 1365 514 1416 ut
537 1357 587 1434 iis,
611 1377 692 1440 quae
710 1355 860 1418 Eusebius
889 1355 927 1418 da
950 1357 1138 1420 vita.Const.
1161 1357 1216 1418 lib.
1240 1358 1259 1418 9

168 1461 235 1522 cap.
247 1439 290 1500 40
311 1437 512 1521 consignavit,
537 1438 863 1521 auctorTheophanes
877 1443 1062 1517 consentire,
1084 1439 1168 1500 haud
1182 1461 1258 1500 vero

168 1524 295 1606 reliquis
308 1523 463 1584 historicis
482 1522 640 1585 adversari
658 1525 883 1604 comperiatur.
926 1520 1110 1586 clr'ronicum
1130 1522 1261 1584 Alexan.

168 1607 295 1668 dmuum
310 1607 350 1668 ad
364 1615 557 1686 praesentem
585 1603 624 1667 14
646 1607 841 1669 Constantini
863 1628 977 1668 annum
999 1606 1123 1668 eosdem
1146 1625 1260 1690 sequu-

170 1697 246 1749 tum.
289 1687 398 1771 φανὸς
417 1686 568 1765 οιίρανίου
587 1685 668 1751 κακοὶ
689 1685 747 1770 τήν
767 1690 952 1770 οἰκουμένην
973 1681 1092 1752 ἅπασιν
1112 1694 1183 1760 ταῖς
1204 1687 1263 1750 rosi

168 1773 310 1854 σωτῆρος
329 1771 781 1853 καταυγάσανκοςίκκλησιάις,
800 1773 847 1846 εἰς
867 1767 968 1833 πάντα
986 1769 1082 1836 κόπον
1100 1773 1162 1834 sois·
1182 1767 1263 1850 πρὸς

167 1853 229 1916 τῶν
248 1849 409 1934 τυράννων
429 1851 645 1958 εἰρρνιομὲνιυν
667 1852 771 1934 σίκυον,
792 1855 826 1917 ἐκ
845 1851 979 1936 βάθρων
998 1855 1043 1928 εἰς
1065 1848 1148 1932 siurac
1170 1844 1263 1915 ὅσοι.

168 1957 224 2018 ρον
236 1939 493 2000 cauculatores
510 1933 607 2017 μόνον
626 1938 767 2018 ἐνκαίνια
783 1939 927 2017 ἐγένοντο,
943 1934 1025 2000 atti
1047 1935 1103 2000 καί
1122 1939 1263 2019 βασιλεῖς

168 2021 318 2099 συνεχέσι
334 2025 404 2092 τοῖς
424 2015 504 2099 ὑπὲρ
527 2021 732 2100 Χριστιανῶν
759 2021 964 2096 νομοθεσίαις
986 2019 1172 2102 ἐχρήσαντο.
1194 2039 1263 2080 cae-

167 2104 234 2164 lessi·
257 2103 372 2165 Cluisti
388 2107 555 2165 seruatoris
574 2105 689 2166 lamine
705 2125 767 2188 per
792 2106 894 2166 orbem
914 2107 1087 2166 miversum
1107 2107 1139 2165 in
1161 2123 1264 2165 omnes

170 2189 307 2247 ecclesias
328 2185 436 2260 dilato,
458 2200 487 2248 et
506 2188 685 2269 teniploram
701 2209 761 2270 pes·
787 2203 934 2266 marmus
954 2189 1132 2250 deiectorum
1154 2187 1206 2246 ub'
1227 2207 1263 2246 ue

173 2287 199 2330 a
211 2267 423 2350 stadamentis
441 2271 475 2330 in
495 2270 668 2331 immensam
696 2270 889 2332 altitudinem
910 2271 1065 2350 elatorum,
1086 2291 1146 2331 non
1167 2291 1200 2332 so
1223 2289 1263 2329 cn

171 2355 316 2413 encaenia
341 2354 493 2414 celebrata
513 2366 597 2431 suast,
619 2354 675 2414 sed
698 2367 728 2415 et
745 2356 839 2439 impp.
869 2358 965 2416 etiam
992 2375 1052 2440 pro
1082 2352 1264 2415 Christianis

171 2435 273 2499 eahta
289 2451 436 2521 perpetua
448 2437 689 2522 promulganma

164 2596 172 2612 ,
252 2544 336 2605 Ibid.
360 2544 410 2607 19.
452 2542 695 2620 asamona-‘lissi
712 2540 750 2606 δὲ
769 2544 824 2605 καί
843 2538 930 2626 αὐτῷ
939 2542 1084 2622 Κρίσπος
1118 2544 1263 2627 Crispum

168 2626 232 2689 hoc
251 2648 334 2689 anno
356 2628 518 2691 Caesarem
540 2627 753 2690 renuntiatum
780 2648 817 2689 er
837 2626 940 2689 verbis
962 2627 1024 2687 istis
1045 2648 1081 2688 co
1097 2627 1169 2710 ligo.
1192 2634 1264 2688 ante

169 2710 283 2773 Licinii
303 2711 457 2794 siquidem
477 2710 597 2775 lethum
628 2710 810 2794 dignitatem
840 2709 923 2771 illam
943 2712 1086 2773 sexennio
1109 2717 1263 2773 tenuerat.

170 2794 308 2856 Licinius
328 2816 430 2876 porro
453 2816 534 2856 suno
546 2795 743 2857 Constantini
765 2793 886 2856 decimo
909 2814 994 2856 nono
1008 2794 1163 2857 sublatum
1184 2794 1265 2855 scri.

169 2876 226 2941 bet
248 2888 362 2941 auctor
390 2876 519 2941 inferius
549 2900 587 2939 ex
614 2876 792 2941 huiusmodi
822 2877 960 2939 Victoris
988 2878 1167 2942 testimonio
1190 2877 1265 2939 illu-

170 2962 337 3037 strandus.-
366 2963 497 3046 ascripti
516 2963 647 3045 imperio
660 2963 827 3023 Caesarum
848 2982 1016 3023 comniuues
1031 2962 1106 3023 libri
1128 2960 1262 3046 Crispus,

172 3044 436 3130 Comtantinasque
454 3046 671 3125 Flaviogeniti,
688 3044 867 3105 Licinianus
886 3044 1012 3106 Licinio.
1034 3048 1136 3129 itaque
1155 3066 1265 3106 ¹scaren-

170 3130 224 3188 nio
238 3142 325 3211 post,
352 3140 447 3212 rupta
463 3148 560 3212 pace,
583 3126 670 3214 apud
698 3128 837 3189 Thracas
856 3126 991 3189 Licinius
1007 3128 1120 3213 pulsus,
1140 3124 1266 3189 Chalce-

170 3210 255 3272 dona
274 3213 417 3273 concessit
435 3225 494 3273 ete.

256 3314 344 3380 laid.
387 3314 537 3395 δεύτερον
558 3314 593 3378 tt
612 3310 840 3399 Χριστιανούς]
865 3314 922 3377 istu
942 3316 1065 3398 pariter
1085 3312 1125 3376 ad
1141 3312 1266 3377 Euschii

171 3406 308 3461 mentm
333 3398 606 3483 intelligenda'lib.
627 3401 648 3462 9
669 3400 707 3460 de
728 3402 794 3461 vita
807 3402 913 3464 Const.
936 3420 1005 3482 cap.
1025 3396 1078 3475 43,
1126 3419 1182 3459 uue
1202 3400 1266 3458 Ba-

151 3484 284 3546 'ronius
304 3484 442 3545 illustrat
461 3481 501 3544 ad
524 3481 710 3545 αοοοω394
729 3504 815 3545 uum.
827 3476 869 3547 74
885 3490 918 3547 et
930 3502 1016 3567 seqq.
1037 3492 1069 3547 et
1089 3420 1130 3546 a}
1150 3502 1267 3542 anuum

173 3566 238 3629 396
261 3590 349 3628 num.
374 3564 426 3629 76.
1017 3654 1022 3663 Ι

257 3672 336 3735 thot.
360 3672 411 3735 15.
452 3673 559 3753 τρίτον
578 3667 637 3744 τοίς
653 3670 852 3753 πασχαλίους
874 3668 932 3732 sisio
954 3664 1147 3751 ἑβδομάδας]
1170 3676 1267 3731 exstat

173 3754 221 3818 lex
240 3754 355 3818 codicis
382 3754 592 3818 Theodosiani
624 3756 676 3819 lib.
700 3756 721 3817 9
743 3756 782 3817 de
816 3756 900 3817 feriis
922 3754 1015 3819 tiae
1036 3776 1146 3816 verum
1169 3754 1266 3837 impp.
1336 3768 1341 3779 ·

173 3838 405 3918 Valentiniano,
427 3840 590 3901 Thodosio
614 3850 646 3902 et
667 3838 803 3902 Arcadio
824 3840 859 3901 A.
873 3844 916 3899 Ἀ.
943 3842 977 3921 Α.
1000 3838 1143 3921 ascripta.

257 3960 309 4041 93,
318 3964 348 4026 9.
382 3958 438 4025 τὸν
452 3962 489 4026 δὲ
509 3962 616 4045 πῆχυν
630 3962 689 4043 τῆς
705 3960 908 4046 ἀναβάσεως]
928 3962 1073 4023 Socrates
1096 3962 1150 4022 lib.
1164 3960 1179 4020 1
1195 3978 1266 4059 caps

177 4037 227 4109 14.
248 4044 399 4124 λεγόντοιν
423 4048 458 4108 δί
478 4046 542 4108 τῶν
563 4040 724 4125 Ἑλλήνων.
766 4042 809 4116 ὥς
825 4036 887 4124 ἄρα
906 4042 922 4105 si
946 4042 1087 4123 Σάραπις
1107 4038 1155 4124 εἴη
1177 4036 1193 4101 t
1214 4064 1268 4105 sur

175 4129 293 4211 Νεῖλον
306 4127 431 4211 α’νοὶγυνν
450 4129 506 4191 ini
517 4127 630 4213 α’ρίιίρ
649 4130 704 4208 τῆς
725 4126 895 4208 Αἰγύπτου
916 4128 960 4212 sqi
977 4126 1023 4199 εἰς
1042 4122 1097 4189 siu
1116 4123 1192 4189 νοιὸν
1213 4122 1269 4188 rosi

175 4207 357 4295 Σαράπιδος
367 4212 579 4291 κομίζεσθαι·
624 4212 862 4287 Κωνστανιῑυος
886 4212 931 4297 εἰς
948 4203 1006 4293 τὴν
1026 4204 1190 4295 ἐκκλησίαν
1212 4206 1269 4271 τόν
