3050 4900
503 386 567 469 EX,
585 393 847 463 THEOPBANE·
1142 391 1216 464 275

123 561 263 628 ostendit
281 559 452 640 Helrcnae;
474 583 596 628 necnon
619 572 652 628 et
669 565 832 649 Eparchns
851 563 1025 652 patrlclns,
1047 574 1081 630 ct
1100 566 1219 630 Roma.

126 669 183 709 nus
204 645 357 729 patricius
387 669 424 708 ac
446 658 578 730 praetor
600 649 831 731 Orientalium,
853 651 1007 736 multique
1028 651 1080 712 alii
1102 659 1218 732 proto.

124 731 278 874 :putharii
294 739 325 792 et
344 731 517 812 spatharii3
538 732 614 815 quin
626 742 659 795 et
672 734 820 796 ordinum
829 735 995 818 principes,
1018 742 1050 795 et
1059 735 1221 796 excubitus

148 814 314 876 omesticns
329 834 382 876 sen
398 814 583 897 drungarius
599 817 766 897 imperialis
778 818 908 901 vigiliae,
928 818 1017 879 simul
1032 826 1066 879 et
1078 817 1221 878 Thracas

125 908 271 980 praetor,
296 897 437 960 etmulti
460 898 618 981 principes
638 901 812 962 thematum
834 922 907 964 cnm
931 901 1057 962 infinitis
1079 901 1219 982 populis.

125 981 291 1064 omnisque
310 980 559 1043 Christianorum
575 994 727 1066 corrupta
748 993 796 1046 est
815 986 950 1068 speciem
985 1005 1071 1047 arma
1091 1003 1220 1068 quoqne

125 1065 234 1127 omnia
254 1064 420 1144 perierunt
438 1074 471 1127 et
492 1065 617 1147 imperii
633 1088 714 1128 vasa.
764 1087 866 1150 porro
891 1067 960 1130 talis
984 1068 1045 1131 diei
1067 1065 1222 1130 deformia

127 1149 226 1210 rerba
248 1147 329 1208 absit
353 1147 520 1210 Christiani
542 1149 675 1212 alterius
694 1150 831 1228 videant,
853 1159 966 1233 utpote
986 1171 1079 1213 omne
1101 1150 1220 1212 lamen-

129 1239 196 1292 tum
216 1229 404 1293 excedentia.
446 1233 530 1293 facta
552 1252 629 1296 vero
641 1241 714 1296 sunt
734 1235 812 1296 haec
832 1227 963 1316 septimo
986 1232 1131 1296 kalendas
1153 1238 1222 1296 Au-

127 1321 231 1396 gustas
252 1312 431 1375 indictionis
453 1324 597 1398 quartae.
638 1326 733 1398 caput
755 1326 859 1379 antem
871 1317 1042 1401 Nicephori
1065 1319 1221 1379 Crumuns

130 1397 262 1460 recisum
285 1397 446 1480 suspendit
477 1398 587 1460 diebus
611 1401 715 1461 multis
742 1400 773 1460 in
797 1399 880 1484 ligno
917 1401 949 1462 in
981 1404 1223 1463 ostentationem

129 1480 168 1542 ad
189 1500 222 1542 se
244 1479 479 1542 adventantium
508 1481 673 1544 nationum
702 1493 736 1545 et
755 1483 970 1546 confusionem
1000 1483 1139 1545 omnium
1160 1503 1223 1544 no-

129 1573 279 1628 strornm.
300 1562 459 1646 posthaec
478 1585 551 1627 sane
562 1566 716 1648 accipiens
741 1564 813 1644 hoc,
834 1575 911 1628 etos
932 1565 1088 1630 denudans
1110 1585 1222 1648 argen-
1250 1577 1254 1592 ¹

131 1656 229 1742 toque
250 1649 419 1709 lorinsecus
431 1646 570 1726 induens,
589 1650 700 1730 bibere
721 1650 753 1712 in
773 1671 811 1711 en
826 1651 1045 1712 sclavinorum
1064 1649 1223 1732 principat

130 1733 203 1794 lecit
216 1731 378 1813 gloriatus.
398 1753 509 1794 verum
522 1731 593 1794 licet
602 1734 718 1795 multae
740 1733 851 1796 viduae
868 1755 906 1794 ac
926 1733 1060 1816 orphani
1082 1753 1146 1793 nno
1170 1711 1317 1793 diel'·l⁶5

130 1815 246 1876 fierint
264 1814 339 1874 facti
356 1821 388 1876 et
399 1814 579 1877 lamentatio
594 1815 797 1879 intolerabilis
813 1816 991 1893 haberetur,
1012 1815 1101 1877 huius
1117 1821 1221 1876 nmen

130 1898 244 1958 occisio
259 1898 433 1958 multorum
450 1899 530 1960 fama
552 1906 597 1960 est
607 1900 789 1963 consolatio.
813 1900 940 1970 modum
955 1921 1030 1962 vero
1052 1899 1144 1961 huius
1168 1917 1223 1960 oo-

132 1979 254 2042 cisionis
268 1980 367 2041 unllns
382 2001 493 2042 eornm
507 1982 562 2065 qui
582 1983 690 2046 salvati
709 1992 782 2044 sunt
800 1983 947 2067 liquidius
968 1983 1137 2048 enarravit.
1176 1981 1226 2044 le..

131 2062 351 2161 mesquitam
374 2063 460 2147 qnod
481 2075 514 2126 et
525 2065 691 2128 Christiani
706 2065 790 2128 hunc
811 2069 972 2134 cadentem
994 2066 1146 2149 lapidibus
1164 2063 1227 2125 im·-

130 2147 300 2228 pcticrmt‚
323 2157 357 2210 et
378 2147 630 2210 effeminatorum
651 2151 808 2224 virorum,
830 2171 995 2212 servornm
1014 2151 1130 2212 scilicet
1151 2148 1226 2225 eins,

130 2251 205 2290 curn
232 2231 343 2312 quihus
371 2239 403 2292 et
428 2233 671 2306 concumbebat,
703 2234 756 2295 alii
788 2235 916 2316 quidem
954 2235 1025 2314 igne
1055 2231 1146 2310 valli,
1173 2232 1226 2293 alii

132 2333 214 2374 vcro
237 2313 339 2394 gladiis
359 2315 485 2397 periere
508 2335 580 2376 enm
601 2316 681 2398 ipso.
722 2317 815 2379 hnins
844 2315 1027 2399 principatu
1057 2313 1227 2376 Christiani

133 2395 309 2479 gmriorem
330 2400 417 2461 nullo
448 2406 591 2481 tempore
622 2402 781 2462 consecuti
809 2409 890 2461 sunt.
941 2419 1045 2460 omnes
1067 2398 1149 2461 enim
1169 2395 1226 2480 qni
1292 2401 1293 2404 ’

132 2489 208 2543 ante
225 2502 259 2543 se
277 2482 474 2565 imperarunt
502 2482 724 2545 ambitionibus
754 2491 786 2544 et
808 2482 939 2544 luxuriis
960 2490 1055 2563 atque
1078 2480 1227 2542 barbari-

133 2566 179 2625 cis
202 2566 435 2628 crudelitatibus
456 2566 632 2649 superarit;
664 2566 704 2628 de
724 2566 837 2648 quibus
856 2586 915 2647 per
935 2563 1053 2646 singula
1074 2562 1226 2645 prosequi

132 2656 167 2711 et
185 2650 319 2730 posteris
339 2648 524 2713 incredibile
541 2658 574 2713 et
590 2648 681 2712 nobis
701 2652 763 2711 erit
783 2648 986 2711 laboriosum.
1009 2657 1226 2708 verumtamen

131 2752 173 2795 en
190 2733 314 2796 fimbria
335 2740 456 2795 textura
473 2724 647 2812 manifesta,
677 2732 762 2795 inrta
784 2728 998 2815 proverbium.
1040 2731 1227 2791 vulneratur

131 2824 281 2878 autumet
291 2816 470 2879 stauracius
483 2818 564 2880 filim
578 2818 643 2881 eius
659 2816 835 2900 periculose
853 2816 885 2877 iu
902 2815 1028 2877 dextera
1039 2813 1111 2877 colli
1123 2822 1226 2895 parte,

130 2906 167 2961 et
185 2899 238 2961 vir
257 2922 275 2962 a
296 2920 401 2982 pugna
420 2900 507 2963 virus
521 2900 627 2978 exivit,
642 2911 675 2964 et
695 2902 782 2963 venit
791 2898 1050 2982 Hadrianopolim
1071 2896 1226 2960 atrociter

132 3004 151 3043 a
171 2982 263 3065 plaga
284 2982 503 3065 colaphizatus.
544 2991 578 3045 at
599 3006 676 3047 vero
697 2984 875 3066 Stephanus
910 2984 1059 3065 patricius
1082 2988 1114 3045 et
1133 2981 1227 3041 scho-

134 3067 237 3129 larum
260 3066 455 3145 domesticus,
476 3089 549 3128 cum
568 3068 687 3129 adesset
707 3088 837 3149 quoqne
851 3066 1048 3127 Theoctistus
1068 3065 1226 3146 magister,

133 3149 351 3233 pronuntiavit
371 3151 569 3214 stauracium
590 3152 831 3232 imperatorem
851 3160 883 3212 et
904 3148 1073 3231 disputavit
1092 3148 1224 3230 populo,

133 3234 189 3315 qni
209 3234 342 3294 salvatus
361 3234 475 3310 fuerat,
495 3246 605 3297 contra
626 3234 794 3316 proprium
815 3244 937 3316 patrem
959 3252 1064 3307 snum;
1086 3232 1140 3314 qui
1163 3250 1226 3313 op-

132 3315 211 3399 pido
233 3315 376 3379 delectati
397 3326 480 3381 sunt.
522 3317 656 3380 Michael
675 3339 748 3379 sane
770 3316 991 3399 curopalatius,
1011 3316 1130 3378 illaesus
1152 3334 1260 3393 exn-p.
1274 3322 1326 3377 766

132 3420 258 3481 perans,
279 3398 445 3463 admodum
464 3401 503 3463 ab
525 3400 630 3462 amicis
652 3408 779 3483 rogatus
800 3408 900 3461 estut
922 3400 1095 3481 imperator
1117 3392 1225 3478 appel-

133 3484 266 3556 laretur,
280 3494 312 3546 et
324 3504 386 3546 non
402 3482 524 3545 admisit
533 3484 576 3547 ob
593 3485 769 3547 iuramenta
780 3484 929 3566 praestita
940 3486 964 3543 N
968 3482 1118 3565 icephoro
1130 3487 1225 3561 atqua

134 3567 308 3629 stauracio.
319 3566 394 3629 huic
404 3566 576 3650 Stephanus
590 3567 774 3631 domesticus
786 3566 954 3629 resultabat
966 3587 1019 3647 spe
1036 3566 1118 3628 vitae
1130 3564 1224 3623 Stau-

135 3652 222 3713 racii.
231 3650 426 3716 Theoctistus
436 3672 513 3725 vero
522 3653 667 3733 magister
677 3651 836 3733 satagebat
844 3668 904 3733 pro
916 3650 1048 3731 imperio
1059 3645 1225 3712 Michaelis.

134 3756 237 3817 porro
256 3736 434 3799 suassaius
450 3756 509 3818 per
529 3736 651 3797 urinam
670 3734 821 3817 sangnine
839 3736 1056 3795 immensurate
1076 3750 1226 3825 prorum-

137 3826 231 3900 pente
252 3821 403 3883 arefactns
425 3827 472 3881 est
490 3818 661 3881 femoribus
682 3818 819 3881 simulet
838 3816 931 3893 tibiis,
956 3816 1033 3879 adeo
1054 3824 1090 3876 nt
1108 3813 1224 3897 pbnrro

137 3901 259 3963 veniret
269 3904 462 3987 Byzantium.
486 3899 570 3965 hnnc
583 3900 775 3984 Nicephorus
795 3900 976 3981 patriarcha
998 3898 1102 3961 valido
1122 3914 1227 3957 amans

139 3986 274 4064 affectu,
302 3985 462 4049 consilium
495 3986 590 4049 dabat
620 3985 650 4047 ei
667 3993 716 4046 'ut
744 3984 836 4047 desim
864 3984 1021 4067 placaret,
1042 3992 1076 4045 et
1096 4000 1148 4043 eos
1172 3977 1228 4063 qui

138 4068 270 4129 avaritia
284 4070 481 4151 praegravati
497 4076 595 4133 essent
616 4091 634 4131 a
655 4079 746 4151 patre
765 4090 821 4131 suo
838 4067 1062 4130 consolaretur.
1084 4064 1230 4146 adquam

140 4152 265 4231 paterni
286 4172 386 4215 sensns
406 4175 568 4237 germanus
588 4152 678 4216 heres
700 4152 823 4215 dicebat
846 4174 907 4213 non
925 4172 955 4211 se
973 4170 1060 4231 posse
1081 4148 1149 4229 plus
1171 4144 1230 4205 tri.

140 4234 198 4297 has
222 4233 355 4300 reddare
376 4238 508 4301 talentis.
552 4236 755 4301 haerentem
784 4246 851 4297 erat
870 4234 952 4297 exilis
971 4252 1043 4317 pars
1065 4228 1233 4295 iniustitia-
