3050 4900
579 383 584 388 “
621 371 771 440 NOTAE.
1181 369 1250 440 301

162 530 331 678 speculas,
354 528 418 593 vita
440 530 623 618 consiliique
654 555 794 598 successu
817 533 982 597 inlellcltsr
999 531 1126 598 excidit.
1170 555 1253 596 eam·

165 638 184 677 o
210 637 277 676 rem
297 616 514 679 Romanorum
533 617 630 699 impp.
650 631 732 700 gesta
751 618 815 680 suis
829 619 1023 700 temporibus
1044 629 1076 680 et
1098 617 1184 680 nanis
1204 615 1254 678 di.

166 699 302 762 atributa
329 699 506 762 describere
526 699 741 783 Theophanis,
764 701 819 784 qui
838 701 972 785 syncelli
998 701 1196 783 propositum
1215 701 1253 762 ad

163 783 281 846 exitum
308 782 463 844 deducere
492 784 649 865 erumpit,
671 785 788 846 animus
817 796 870 846 est.
922 783 1032 847 verum
1053 794 1089 846 nt
1109 784 1254 846 eeclesiae

161 868 258 931 rebus
282 865 405 948 imperii
426 886 475 928 res
499 867 695 945 coniunctae,
714 877 747 929 et
768 867 891 950 imperii
911 868 1043 930 Romani
1065 867 1197 931 thronus
1215 865 1254 929 ad

163 950 302 1010 Orientis
323 969 404 1025 oras,
427 948 459 1011 id
480 959 541 1029 est,
562 951 701 1034 Byzantii
722 952 861 1032 positus,
883 953 1047 1014 Persarum
1070 958 1102 1014 et
1122 954 1254 1014 Sarace-

164 1055 280 1099 norum
308 1032 464 1094 aemulum
495 1043 603 1096 nactus
634 1045 680 1097 est
700 1035 931 1116 principatumz
952 1035 1025 1096 hinc
1046 1033 1253 1116 Theophanes

163 1118 336 1178 Romanam
364 1115 524 1180 historiam
551 1129 821 1202 prosequutnrus‚
849 1119 1015 1180 Persarum
1045 1127 1076 1180 et
1104 1119 1254 1196 Arabum,

163 1197 477 1282 patriarcharumque
503 1201 623 1282 primas
650 1201 735 1264 orbis
765 1201 850 1263 sedes
878 1201 1096 1278 obtinentium,
1117 1203 1253 1280 nomina,

118 1283 122 1288 ’
164 1292 290 1359 aetates,
311 1283 403 1360 facta,
426 1303 485 1366 per
506 1283 794 1368 chronographiam
813 1287 903 1348 istam
925 1285 1034 1348 ordine
1053 1286 1138 1349 hono
1159 1305 1253 1350 enar·

163 1376 233 1428 rata
253 1374 426 1448 percenset.

247 1464 282 1544 7,
303 1466 331 1526 1.
372 1461 605 1550 χρονογραφία]
629 1467 783 1528 nonnullis
803 1463 842 1528 de
867 1477 1007 1543 auctore,
1028 1469 1099 1543 hue,
1120 1477 1153 1530 et
1173 1485 1254 1547 ope·

164 1549 207 1611 ris
235 1548 363 1610 huiusce
389 1549 529 1611 subiecto
561 1547 724 1633 hueusque
751 1551 942 1632 praemissis3
970 1551 1031 1612 iam
1062 1571 1143 1634 quae
1169 1551 1252 1611 circa

161 1653 239 1714 opus
254 1633 366 1714 ipsum,
380 1631 490 1711 lector,
510 1633 657 1696 edoctum
676 1645 710 1696 te
727 1641 915 1718 cautumque
937 1634 1020 1712 volo,
1041 1633 1147 1716 paucis
1166 1633 1253 1695 evol·

163 1737 226 1778 vos
256 1715 316 1778 tibi
332 1717 427 1778 semel
446 1717 567 1778 monito
582 1718 687 1799 operis
707 1717 803 1778 totius
827 1718 970 1794 decursa,
988 1717 1130 1798 pluribus
1148 1737 1253 1778 exem·-

165 1802 223 1881 plis
244 1810 278 1861 et
297 1798 372 1862 locis
393 1798 502 1861 eadem
528 1799 608 1864 haec
639 1801 806 1862 recolenda
834 1821 897 1863 non
916 1801 1072 1863 excidant.
1115 1801 1142 1861 1.
1164 1799 1253 1862 brevi

163 1883 253 1944 facile
272 1883 467 1965 composito,
489 1893 522 1944 at
544 1903 608 1945 non
627 1883 796 1944 admodum
817 1883 965 1966 expolito,
987 1883 1159 1966 quinimmo
1182 1883 1253 1966 ple·

163 1969 236 2028 heio
257 1987 337 2049 pene
357 1987 394 2028 ac
415 1966 536 2049 vulgari
557 1967 639 2050 stylo
661 1967 827 2029 historiam
846 1968 927 2030 hanc
950 1991 967 2028 a
992 1967 1183 2050 Theophane
1205 1967 1251 2030 dt,

163 2061 296 2132 gestumr
333 2049 361 2110 2.
381 2049 455 2109 hinc
484 2051 542 2112 tihi
573 2052 659 2128 trita,
688 2072 745 2112 nec
766 2051 902 2132 palatio,
926 2051 1060 2112 umboni
1080 2071 1181 2126 sacro,
1202 2051 1252 2113 vel

164 2137 237 2194 loro
250 2135 375 2216 cognita
390 2133 560 2206 soeahula;
582 2133 637 2196 sed
659 2155 695 2195 ex
710 2135 854 2216 compitis
877 2145 909 2197 ct
920 2134 1053 2197 incultae
1073 2133 1170 2218 plebis
1192 2153 1251 2196 ore

163 2217 295 2278 collecta
326 2237 497 2278 occurrere
524 2217 633 2279 mirari
656 2215 791 2280 desines:
825 2239 861 2280 ea
883 2237 958 2280 vero
980 2217 1251 2300 chronographiae

166 2309 261 2382 parte
277 2301 431 2382 usurpari,
447 2300 533 2361 cuins
553 2309 697 2383 tempore
711 2301 744 2361 in
764 2321 854 2362 usum
863 2301 993 2364 luerunt
1006 2301 1142 2376 inducta,
1164 2311 1250 2362 certa

166 2383 346 2444 coniectura
367 2403 431 2444 non
449 2383 586 2447 habetur
607 2383 692 2467 apud
710 2405 760 2446 me
781 2377 924 2447 elichum.
966 2383 998 2446 3.
1021 2381 1250 2447 inemendatum

166 2466 206 2529 ad
234 2468 453 2551 grammaticae
474 2468 571 2553 leges,
600 2468 664 2529 imo
684 2470 814 2531 soloecis
837 2466 1041 2552 barbarisque
1062 2466 1250 2531 dictionibus

168 2559 284 2612 tertnm
307 2574 368 2613 non
391 2572 466 2613 raro
487 2556 721 2633 interpunctnm
755 2554 877 2613 auctori
899 2552 992 2613 velim
1014 2550 1250 2611 ascribendums

164 2634 209 2695 sic
230 2635 311 2696 enim
332 2645 488 2715 mentem,
518 2635 690 2698 verborum
715 2636 843 2717 ambage
861 2634 1013 2716 seposita,
1032 2632 1251 2717 significantius

165 2717 397 2801 exprimendam
417 2715 543 2781 sibimet
557 2719 666 2781 suasit:
688 2718 775 2802 qnod
795 2727 896 2781 umen
918 2726 1004 2781 recta
1024 2716 1180 2779 scribendi
1200 2737 1251 2777 ra-

166 2802 229 2879 tio,
252 2822 347 2884 qnam
373 2801 481 2865 dicant
509 2800 785 2886 orthographiam,
812 2801 1003 2886 quandoque
1033 2799 1251 2883 reprehendat,

166 2885 404 2947 Amannensinm
424 2885 696 2948 hallucinationem
713 2898 746 2949 et
767 2906 909 2948 errorem
931 2906 993 2947 non
1010 2884 1165 2957 diffiteor;
1186 2905 1250 2966 qno

165 2969 289 3047 relicto,
312 2978 345 3029 et
365 2969 578 3049 inemendato,
601 2991 637 3033 er
658 2970 721 3031 lide
743 2969 783 3031 ad
804 2990 848 3030 ms
871 2970 1027 3051 exemplar
1049 2969 1251 3030 commenda·

166 3052 286 3115 tionem
305 3053 421 3135 potins,
442 3074 536 3136 quam
557 3075 593 3115 ex
613 3054 810 3115 correctione
826 3052 864 3114 ad
885 3055 1098 3138 grammatices
1119 3072 1250 3134 praece-

164 3146 230 3217 pta,
252 3135 375 3197 landem
403 3136 480 3197 mihi
509 3136 661 3220 proposui
688 3136 873 3201 sectandam.
925 3136 1011 3219 quod
1034 3134 1250 3196 nihilosecius

163 3218 251 3281 iubet
272 3219 324 3280 illa
347 3220 557 3301 reparandam
585 3220 745 3283 declarant
770 3220 995 3295 annotationes,
1013 3218 1062 3278 vel
1086 3216 1251 3280 emendant

165 3302 216 3364 alii
238 3304 360 3365 codices
384 3306 417 3366 in
438 3304 531 3365 variis
554 3304 737 3365 lectionibus
760 3302 925 3385 producti:
947 3301 1089 3363 nonnihil
1110 3320 1167 3382 ego
1188 3318 1249 3381 pro

164 3386 344 3447 scholiastae
364 3386 487 3449 licentia
502 3387 669 3469 interpola,
690 3388 850 3470 exquibus
875 3386 994 3469 reliqua
1008 3383 1125 3445 facilius
1142 3382 1251 3445 'mente

165 3469 366 3532 restituenda.
406 3470 436 3532 4.
454 3472 623 3534 verborum
634 3471 772 3547 lacunae,
794 3481 825 3532 et
847 3492 926 3553 quae
939 3467 1163 3544 desiderantur,
1180 3488 1251 3527 sen.

165 3554 332 3613 tertiarum
351 3556 583 3635 patenthiatus,
602 3554 735 3616 sednon
756 3553 954 3629 intolerandi,
976 3572 1034 3614 cen
1055 3552 1110 3635 qui
1132 3572 1193 3612 mss
1218 3549 1249 3609 in

165 3635 308 3698 omnihus
330 3646 454 3717 extent,
488 3638 536 3700 vel
557 3638 667 3700 mentis
695 3638 825 3715 indicio,
848 3636 910 3701 sive
931 3636 1039 3698 labore
1062 3644 1178 3719 queant
1198 3654 1252 3693 re-

164 3720 282 3801 parari.
324 3722 353 3783 5.
380 3721 581 3804 repetitiones
605 3722 725 3799 fateor,
745 3720 881 3783 eiusdem
908 3720 954 3782 rei
975 3719 1096 3803 penitus
1119 3714 1250 3791 inutiles,

166 3810 199 3863 et
219 3824 301 3898 quae
319 3804 411 3866 semel
432 3806 515 3866 dicta
543 3802 737 3879 sufficereut,
758 3804 890 3867 eundem
915 3804 947 3864 in
969 3806 1071 3866 locum
1095 3800 1140 3863 bis
1162 3801 1249 3881 inge-

163 3896 210 3946 sta
230 3887 408 3947 allubentins
435 3888 573 3970 perfero.
622 3884 652 3949 6.
678 3908 785 3949 rerum
810 3896 962 3971 gestarum
985 3883 1165 3949 metatheses
1186 3904 1249 3943 non

165 3970 421 4051 praetereundas,
442 3971 668 4055 infrequentior
689 3970 771 4045 licet,
794 3971 1024 4043 animadvert03
1044 3978 1076 4031 et
1096 3988 1131 4030 er
1150 3966 1249 4029 histo.

164 4051 232 4114 riae
251 4063 374 4115 tantum
393 4052 463 4131 tide,
485 4076 547 4117 non
570 4076 606 4116 er
626 4056 778 4135 temporis
799 4064 944 4115 accurata
958 4051 1137 4115 recensione
1157 4051 1249 4135 plura

164 4138 308 4199 narrari:
328 4137 411 4221 qnod
427 4148 482 4217 est,
502 4138 684 4200 historicum
697 4138 823 4223 ubique,
844 4148 951 4200 utnon
974 4135 1249 4219 chronographum

143 4278 145 4282 ,
165 4238 289 4304 semper
308 4242 341 4313 qe
366 4220 488 4304 gessisse
516 4222 748 4306 Theophanem.
797 4220 827 4283 7.
849 4222 998 4306 temporis
1018 4220 1194 4298 amonium,
1217 4226 1250 4281 et
