3050 4900
260 319 334 390 sto
633 327 676 388 m
709 325 989 420 meorumue

260 501 368 582 νῆχον
386 496 618 580 Ἀλεξανδρέων
639 502 844 580 μετατιθέναι
864 501 1020 566 ἐκέλευσε.
1061 525 1127 568 cunt
1155 505 1280 588 gentiles
1299 509 1352 584 cy·-

248 585 420 670 firmarent
437 585 612 669 Serapidem
638 609 718 665 esse,
740 589 793 672 (μα’
814 587 921 650 Nilum
949 589 994 648 ad
1012 586 1146 672 Aegypti
1165 611 1255 670 agms
1273 593 1350 651 irri.

259 669 380 748 g‘uudos
399 667 609 745 introduceret,
631 683 795 755 propterea
814 671 897 756 quod
914 690 1056 734 mensuro
1078 693 1174 756 oquae
1194 674 1349 734 inuruian-

261 754 300 812 tis
320 753 354 814 in
375 753 519 833 templum
536 750 698 830 Serapidis
720 767 794 815 esset
814 755 984 838 deportata,
1007 755 1212 818 Constantinus
1231 775 1351 818 mensu·

259 854 333 894 ram
350 833 399 895 ud
415 836 567 895 ecclesium
577 836 830 898 Alexandrinam
844 836 1007 920 transferri
1027 839 1116 900 iubet.
1156 839 1194 899 de
1216 839 1350 902 nilome·

262 916 327 1061 tpio
347 917 393 1060 qei-
416 918 505 1001 putei
526 920 626 1005 intem
647 921 786 983 Strabo:
820 919 858 984 ds
882 921 947 983 aliis
968 921 1008 982 ad
1028 943 1111 998 saxa,
1134 923 1172 984 sd
1194 923 1363 984 columnas

260 1019 279 1060 θ
294 1021 321 1060 co
341 1022 405 1065 all.
766 1021 770 1040 ”

265 1110 275 1116 ”
344 1105 394 1185 23,
414 1105 444 1171 6.
488 1104 656 1174 Θεὸτεκνον
676 1094 779 1192 ιγοήτοι
799 1105 915 1194 treus]
936 1109 1108 1173 Theotecni
1135 1120 1269 1172 mortem
1288 1110 1351 1174 hese

261 1192 455 1258 referendum
489 1193 609 1255 censuit
642 1204 756 1256 auctor
787 1188 848 1275 πρό
884 1195 942 1256 τοῦ
963 1193 1102 1274 μανῆναι
1125 1191 1289 1272 Λικίνιον,
1312 1195 1351 1258 de

261 1275 347 1336 cuins
381 1277 414 1336 in
442 1275 632 1340 Christianos
664 1277 781 1340 insanis
817 1299 898 1338 anno
930 1277 1081 1362 sequenti.
1133 1299 1226 1362 quem
1246 1300 1348 1362 porro

259 1359 368 1422 scribit
390 1358 441 1422 hic
461 1361 618 1438 Λικίνιον,
637 1361 724 1444 prius
743 1361 913 1443 scripserat
935 1359 1108 1424 Λικίννιον.

343 1467 422 1528 Ibid.
446 1465 477 1530 8.
517 1463 663 1539 Λικίνιος
689 1456 808 1550 ἤρξατο
840 1463 920 1528 eard
944 1465 1157 1546 Χριστιανῶν]
1191 1467 1350 1530 Maximini

257 1547 355 1612 coede
377 1571 460 1612 anno
490 1552 684 1614 Constantini
712 1546 875 1614 undecimo
904 1552 1023 1633 posita,
1044 1559 1112 1612 tum
1133 1572 1208 1612 vero
1229 1553 1352 1614 firmata

261 1632 1352 1800 {t''tthtttittttisstttttstititdttb'itttttt

988 1763 998 1794 Ι

259 1800 409 1862 scribitur
436 1821 472 1865 ex
492 1801 608 1863 Aurelii
641 1800 779 1864 Victoris
806 1801 1006 1863 anctoritate.
1054 1799 1101 1862 ita
1119 1815 1251 1884 potestas
1269 1803 1351 1862 orbs'r

260 1883 393 1944 Romani
411 1883 524 1946 duobus
543 1886 695 1968 quaesitas
715 1885 771 1969 qui
790 1887 934 1968 quamuis
975 1906 1009 1944 er
1016 1879 1123 1966 flavii
1140 1905 1273 1946 sororem
1293 1907 1350 1945 nu·

257 1977 342 2049 ptam
357 1966 475 2027 Licinio
496 1969 628 2028 connexi
647 1969 728 2029 inter
744 1990 775 2028 se
793 1979 898 2028 erunt.-
921 1988 940 2028 o
976 1968 1114 2028 diuersos
1127 1987 1224 2027 mores
1248 1981 1351 2030 tumen

260 2052 360 2110 auoes'e
382 2051 546 2110 triemsium
567 2071 732 2132 congruere
751 2053 883 2134 quivere.
936 2049 975 2112 de
997 2049 1116 2112 Licinio
1137 2052 1229 2132 plura
1252 2051 1351 2112 Ense.

259 2130 330 2193 bins
350 2130 408 2194 lib.
432 2130 470 2194 to
490 2155 558 2213 esp.
582 2131 602 2194 9
624 2134 717 2196 etde
738 2134 800 2195 vita
826 2133 934 2196 Const.
965 2133 1018 2196 tib.
1041 2131 1060 2194 2
1087 2153 1153 2214 cap.
1177 2133 1206 2206 1,
1231 2135 1284 2194 ubi
1311 2131 1350 2195 de

259 2213 372 2276 Basilio
395 2215 553 2293 nonnulis,
575 2217 614 2280 de
640 2238 705 2300 quo
722 2217 875 2280 Batonius
892 2217 959 2280 fuse
979 2213 1019 2278 ad
1040 2236 1155 2276 snnnm
1165 2215 1350 2280 Christitttt

261 2317 347 2359 num.
374 2294 413 2362 16
432 2308 464 2362 et
482 2321 568 2384 seqq.

341 2406 423 2473 lirul.
446 2406 496 2470 15.
538 2407 594 2471 καί
622 2399 667 2482 ὥς
688 2408 769 2482 τινές
788 2428 890 2493 φασι,
921 2405 977 2471 καί
1004 2402 1078 2481 τούς
1097 2400 1142 2491 μ’]
1169 2409 1253 2469 inter
1271 2429 1349 2493 qnos

258 2492 446 2577 praecipuus
465 2490 592 2554 Basilius
611 2514 737 2577 magnus
758 2503 839 2558 orat.
858 2492 889 2553 in
912 2491 993 2575 ipsos
1015 2486 1055 2553 40
1077 2503 1239 2576 martyres.

341 2598 421 2663 tttd.
447 2596 496 2661 19.
545 2588 652 2679 ὄρειος
678 2600 732 2683 τῆς
751 2596 867 2675 μανίας
889 2592 1064 2678 ἐπώνυμος]
1098 2598 1198 2661 arium
1220 2620 1276 2661 ceu
1300 2600 1350 2656 sn-

258 2690 381 2745 rentem
412 2684 474 2743 suis
495 2681 591 2743 literis
612 2684 831 2745 Constantinus
860 2702 986 2765 magnus
1017 2683 1201 2765 exagitavit,
1226 2690 1258 2743 et
1278 2682 1347 2741 Ho-

260 2766 382 2827 mericis
400 2764 539 2827 versibus
572 2766 604 2824 in
625 2788 697 2826 enm
717 2766 797 2825 lusit.
847 2764 996 2827 videndus
1016 2764 1210 2847 Epiphanius
1233 2763 1350 2825 haeresi

258 2846 300 2909 69
319 2858 352 2909 et
371 2847 524 2910 Bsronins
544 2846 582 2907 sd
606 2846 793 2909 snnum319
810 2869 894 2908 num.
924 2846 971 2909 10.
1014 2848 1122 2909 Suidas
1144 2872 1172 2909 v.
1195 2840 1350 2931 α’ρεισμσ.

258 2926 323 3010 esic.
366 2930 520 2991 Homerus
541 2930 662 2992 ironiae
684 2930 771 2993 dedit
801 2952 904 2992 ansam
922 2930 969 2992 his
989 2932 1107 3008 verbis,

261 3120 268 3125 ·
340 3024 427 3117 ἔρις,
446 3027 531 3119 ἔρις,
551 3036 748 3119 βροτολοιγὲ,
772 3035 934 3121 μιαιφόνε,
954 3038 1185 3119 τειχεσιπλῆτα.

288 3186 292 3193 -
341 3164 434 3228 murs,
456 3166 553 3223 mars,
570 3146 722 3206 boninum
737 3145 904 3230 pernicies,
930 3148 1088 3233 inquinate
1108 3146 1257 3221 caedibus,
1280 3166 1350 3207 nsu-

261 3248 365 3289 rorum
384 3242 583 3327 oppugnator.

340 3332 426 3398 thid.
452 3334 502 3397 20.
543 3333 737 3418 ἑφανὲροοσε,
756 3333 814 3397 ναί
839 3334 961 3415 σχίσμα
977 3330 1158 3417 εἰργάσατο]
1182 3334 1349 3397 Eusebium

259 3415 462 3497 Theophanes
482 3428 640 3502 sequutus,
655 3421 741 3481 heiiis
765 3420 910 3482 adversus
926 3420 1077 3481 Licinium
1095 3418 1209 3495 relatis,
1232 3440 1351 3500 pugnas

260 3498 289 3558 in
316 3501 415 3561 arium
431 3500 476 3561 nb
509 3502 634 3564 ecclesia
664 3503 819 3565 institutas
849 3513 973 3564 narrat:
997 3524 1105 3563 earum
1132 3523 1208 3563 vero
1230 3504 1349 3582 primos

258 3583 416 3659 tennitas,
436 3586 696 3667 etoppositurnm
708 3586 840 3647 invicem
861 3584 1094 3662 sententiarum,
1114 3587 1201 3645 velut
1215 3584 1347 3668 digladi-

260 3668 388 3744 nntium,
410 3670 530 3750 agmina
552 3690 614 3730 non
639 3692 721 3731 anno
740 3668 803 3728 hoc
818 3669 953 3751 primum
967 3680 1086 3745 concta,
1109 3678 1141 3729 et
1162 3669 1195 3729 in
1216 3668 1350 3729 invicem

258 3752 426 3827 commissa,
448 3774 482 3811 ex
494 3751 702 3815 ecclesiasticis
724 3752 883 3812 annalibus
899 3764 1098 3835 compertum
1118 3760 1185 3813 est:
1210 3753 1348 3835 quinim.

258 3854 309 3892 mo
334 3834 531 3897 dissidiorum
543 3836 677 3898 ssnmmns
697 3836 791 3917 longe
810 3834 934 3917 lateque
953 3845 1121 3918 serpentes,
1144 3844 1176 3896 et
1198 3836 1228 3895 in
1249 3835 1346 3895 altum

257 3914 349 3995 tues,
379 3913 540 3999 praesente
568 3940 649 3979 anno
676 3926 917 3979 commonstrat:
949 3920 1122 4002 dequibus
1156 3929 1347 3979 memoratus

256 3998 405 4063 Eusebius
425 4001 483 4062 lib.
503 4002 524 4063 2
544 3999 583 4063 de
604 4001 669 4062 vita
688 4001 794 4061 Const.
818 4022 886 4084 cap.
905 3998 956 4063 66.

338 4105 388 4185 94,
408 4108 438 4169 5.
479 4100 636 4184 paone&
654 4108 752 4188 μέγας
775 4109 1022 4193 Κωνσιιιντζνος]
1044 4108 1195 4171 sententia
1216 4108 1349 4189 integra,

256 4190 360 4253 serbis
381 4189 523 4254 nonnihil
551 4191 718 4254 immutatis
745 4214 782 4254 ex
801 4194 937 4257 Eusebio
967 4194 1023 4255 lib.
1048 4192 1067 4255 i
1089 4192 1130 4257 de
1153 4192 1222 4254 vita'
1239 4194 1345 4255 Const.
1379 4184 1384 4203 ¹
