3050 4900
300 333 370 404 130
464 336 675 406 naturast!
705 335 898 405 flamma
918 331 1225 404 teotbaldum

294 527 351 572 nus
370 507 543 574 informate
565 517 729 590 comperto
752 507 784 570 ia
810 507 970 592 regionem
995 527 1083 572 surm
1104 525 1244 570 revenias
1265 511 1331 583 est,
1350 515 1384 570 et

292 589 415 654 Priscae
437 590 477 654 ad
504 591 644 676 propria.

376 697 485 759 Mundi
507 719 590 758 anuo
614 695 707 773 6092,
728 695 851 759 divinae
876 696 1100 760 incarnationis
1121 715 1204 757 anno
1226 693 1297 770 599,
1323 695 1384 756 irn-

290 789 423 862 perante
444 781 599 842 Mauricio
621 780 660 842 18
683 801 776 856 anno,
797 781 926 865 sumptis
948 781 1115 842 virtutibus
1134 779 1257 841 Priscus
1277 779 1381 861 singi-

195 864 404 949 pranderem
424 865 530 926 venit:
563 864 715 948 chaganus
743 885 821 928 acro
842 871 1034 948 congregato
1055 864 1192 945 proprio
1212 871 1381 944 potentatu

289 945 394 1009 subito
417 948 533 1030 Mysiae
553 947 648 1026 adest,
672 949 863 1010 etTomeam
886 948 997 1011 urbem
1018 967 1133 1030 capere
1153 947 1275 1009 nitltnr.
1296 961 1377 1027 prn-

290 1035 399 1111 pteraa
422 1029 544 1092 Priscus
559 1031 728 1116 Singidone
742 1033 852 1092 relicta
870 1029 945 1091 huic
961 1029 1095 1093 efficitur
1114 1031 1283 1113 proximus.
1307 1040 1381 1108 culn

288 1122 392 1175 autem
415 1114 563 1196 paschalis
585 1115 731 1178 lertiaitas
744 1113 918 1180 haberetur
937 1121 970 1174 et
982 1115 1115 1176 Romani
1138 1114 1219 1176 lame
1240 1113 1380 1174 tabesne-¹

288 1205 382 1270 rent,
404 1195 529 1259 audiens
557 1198 709 1280 chaganus
733 1199 842 1259 Prisco
870 1199 1062 1281 significabat
1089 1205 1125 1258 ut
1155 1197 1213 1258 sibi
1236 1199 1383 1278 'plaustra

288 1281 426 1344 mitteret
442 1280 482 1343 ad
495 1280 689 1364 deportanda
712 1281 769 1343 illis
790 1285 945 1356 alimenta,
967 1283 1113 1366 quatinus
1132 1301 1204 1344 oum
1219 1279 1378 1344 hilaritate

286 1365 482 1430 festivitatem
509 1367 673 1448 propriam
702 1366 907 1428 celebrarent.
930 1362 972 1430 tt)
1002 1365 1108 1448 itaque
1129 1363 1267 1447 plaustra
1285 1363 1379 1445 plena

286 1446 332 1510 his
363 1449 467 1511 mittit.
520 1447 716 1548 parimodo
738 1458 771 1511 et
801 1450 923 1512 Priscus
951 1449 1067 1594 agecius
1100 1447 1218 1515 ludicen
1238 1447 1379 1511 barbaro
1487 1511 1491 1516 ,

286 1531 432 1612 quasdam
454 1533 580 1608 remisit,
604 1533 696 1616 piper
709 1533 855 1598 videlieet
875 1542 908 1596 et
929 1532 962 1595 lo
977 1531 1190 1596 'amladicum
1204 1539 1238 1594 et
1258 1539 1380 1593 contum

286 1623 319 1676 et
342 1613 467 1680 cassiam
498 1625 593 1699 atque
624 1615 739 1678 aliaeu
764 1616 810 1680 his
839 1636 922 1701 qnae
942 1625 1149 1702 quaeruntur,
1171 1637 1244 1676 cum
1264 1613 1378 1698 otinga:

285 1717 341 1756 naa
369 1697 454 1794 apud
487 1698 636 1765 Sirmium
665 1700 827 1781 resideret.
880 1700 935 1800 qui
965 1699 1098 1781 receptis
1126 1698 1173 1760 hir
1192 1697 1313 1796 gavisus
1331 1707 1380 1760 est

282 1781 954 1965 ariaalliciatalaa‘§a
969 1782 1377 1961 {alienatam

130 1951 896 2116 aa1⁵lltutfflllalti‘thilii
918 1948 1377 2113 iz'llltffnltlt‘tizz

284 2111 381 2209 palati
398 2123 479 2210 sunl,
495 2123 527 2179 cl
537 2117 572 2178 S.
590 2115 754 2180 Alexandri
767 2118 925 2181 ecclesiam
938 2117 1157 2194 incenderunt,
1179 2114 1376 2195 sepulcrum-

283 2215 344 2278 que
367 2215 458 2277 rpsrus
480 2207 596 2262 tectum
617 2209 750 2283 argento
781 2211 941 2284 repertum
962 2201 1145 2282 despolient,
1166 2200 1219 2262 aed
1240 2207 1275 2260 et
1295 2198 1379 2260 inin·

284 2279 337 2340 riis
361 2301 489 2363 quoque
511 2303 627 2365 corpus
648 2286 798 2368 martyris
820 2283 995 2363 afficientes,
1018 2283 1211 2367 multamque
1233 2281 1379 2344 inTbra.

282 2383 319 2424 ce
338 2361 487 2444 praedam
509 2375 678 2448 captantes,
701 2368 912 2451 epulabantur
929 2367 1101 2452 apiendide,
1123 2377 1235 2428 eontra
1257 2367 1377 2428 Roma.

286 2466 341 2507 nos
362 2445 444 2511 clati.
488 2471 623 2535 cumque
645 2452 856 2516 Comeatiolur
880 2456 1014 2516 venisset
1032 2452 1225 2536 Byzantium,
1246 2451 1377 2513 maxima

282 2530 355 2592 urbi
377 2532 516 2595 turbatio
538 2544 570 2597 et
589 2544 689 2599 nasius
713 2536 874 2611 incubuit,
897 2538 942 2599 ita
962 2545 999 2598 ut
1018 2539 1133 2597 timore
1152 2533 1270 2597 detenti
1294 2554 1377 2597 cou-

282 2614 383 2677 ailinm
403 2629 553 2698 caperem
572 2618 734 2702 Europam
755 2620 917 2683 deserendi
933 2630 966 2683 et
981 2621 1013 2680 ia
1027 2620 1129 2681 Asiam
1151 2626 1184 2679 et
1203 2616 1377 2679 Chalcedo-

283 2699 558 2847 raaaaa
579 2702 915 2847 elisama
932 2702 1166 2847 nulla
1186 2709 1375 2847 aaa

283 2870 348 2925 tem
367 2864 479 2958 'urbem
500 2806 704 2945 animantius,
726 2879 757 2930 et
771 2806 1131 2932 aenatnsndnmmonebat
1150 2805 1375 2950 impeditorem

282 2946 469 3029 Qahnnem
504 2948 543 3013 ad
576 2949 747 3033 choganum
778 2952 931 3017 mittendi.
981 2952 1056 3015 dens
1079 2962 1184 3015 antem
1206 2950 1373 3013 vindictam

282 3031 430 3125 martyris
461 3030 624 3095 Alexandri
652 3036 765 3097 faeiem
792 3036 987 3118 pestilentem
1014 3036 1199 3119 languorem
1227 3034 1373 3097 herberie

282 3111 407 3191 intulit,
446 3123 479 3178 el
503 3116 534 3177 in
556 3138 621 3180 uuo
651 3116 700 3181 die
720 3125 838 3200 septem
870 3120 948 3181 filios
978 3119 1107 3203 chagani
1125 3140 1186 3201 per
1206 3118 1320 3181 febrim
1340 3128 1373 3181 et

282 3192 489 3277 inguinariam
510 3199 681 3280 passionem
701 3202 835 3280 occidit,
860 3224 923 3265 nna
951 3225 1025 3267 cam
1044 3203 1110 3265 aliia
1136 3202 1236 3265 tarbis
1258 3201 1372 3279 multis,

283 3278 326 3339 ita
349 3288 385 3341 nt
405 3302 464 3362 pro
484 3282 666 3365 triumphali
688 3285 802 3367 gaudio
829 3288 1018 3349 carminibus
1049 3308 1087 3349 ae
1105 3286 1231 3349 canticis
1252 3284 1373 3352 lamen.

282 3360 414 3459 utinum
428 3372 460 3427 et
475 3364 615 3429 lacrimas
635 3389 672 3433 ac
693 3370 795 3437 luctus
815 3371 882 3433 sine
901 3370 1112 3435 consolatione
1129 3370 1281 3431 barbaras
1296 3388 1375 3455 ‘poa-

281 3442 405 3509 aderet.
453 3459 583 3514 atvero
616 3463 737 3517 senatus
770 3454 906 3537 rogabat
934 3457 1097 3517 Caesarem
1126 3453 1313 3536 legationem
1332 3452 1375 3515 ad

282 3528 455 3613 chagannm
479 3534 632 3600 mittendi.
674 3537 849 3621 imperator
862 3548 966 3603 antem
986 3540 1206 3612 Armatroaem
1226 3532 1371 3597 misit.ad

283 3610 454 3694 chaganum
480 3638 552 3679 cum
573 3621 755 3683 muneribus
787 3619 890 3684 mullis
911 3620 1088 3705 Driripera,
1109 3620 1163 3707 qui
1186 3618 1289 3683 verbis
1309 3618 1371 3681 mi-

283 3692 365 3758 tibus
397 3698 557 3763 blanditur
587 3704 764 3767 barbaranu
818 3704 923 3769 atille
950 3705 1076 3768 nolebat
1098 3703 1179 3765 dona
1201 3704 1371 3785 auscipere¹

179 3776 418 3861 praalameom
441 3784 629 3849 intolerabili
656 3786 794 3851 filioram
825 3788 984 3851 detentus:
1014 3789 1137 3851 dicabat
1157 3786 1241 3849 enim
1261 3786 1300 3849 ad
1323 3786 1371 3849 le-

281 3870 387 3959 gatum
417 3864 562 3929 “iudicet
579 3869 653 3931 (lens
685 3870 837 3933 interme
867 3880 899 3935 et
923 3874 1148 3957 imperatorem
1171 3870 1371 3935 Macrinium:

282 3966 346 4027 ipse
367 3948 493 4031 quidem
510 3972 619 4033 pacem
631 3951 777 4030 dissolvit,
800 3976 949 4039 egerere
970 3957 1109 4038 captivos
1132 3956 1160 4020 ei
1182 3953 1291 4028 reddo,
1312 3973 1372 4037 per

281 4050 372 4091 unam
396 4034 528 4095 animam
564 4058 659 4101 unum
687 4039 839 4105 numisma
872 4051 1079 4123 percepturus
1101 4038 1140 4101 ab
1162 4041 1229 4105 eo.''
1252 4036 1373 4099 Manri-

280 4112 344 4172 cius
366 4126 469 4177 autem
493 4116 523 4177 id
544 4116 618 4182 dare
633 4121 759 4183 minime
778 4144 880 4205 passus
903 4134 957 4186 cst.
1001 4124 1115 4185 iterum
1138 4120 1290 4207 chaganus
1313 4140 1372 4202 pe-

279 4196 331 4257 tiit
350 4218 409 4279 per
433 4200 564 4285 ringulae
585 4204 699 4268 animas
730 4204 895 4269 dimidium
923 4207 1067 4293 accipere
1103 4227 1270 4271 nummum
1324 4212 1372 4265 ast
