3050 4900
535 375 587 438 nx
617 373 836 440 surculo.
1048 363 1053 376 '
1173 369 1220 439 31

143 517 276 634 quiesce
307 543 465 606 vermibus
489 551 535 606 est
558 543 678 623 lactus,
698 545 786 607 annis
807 541 848 619 73
879 543 1018 628 Agrippa
1050 542 1224 627 filiuseius,

161 632 189 692 ni
210 629 313 691 minor
332 628 504 706 dicebatur,
526 627 612 690 annis
634 625 688 703 23;
711 627 750 688 ad
765 649 859 713 quem
880 647 979 712 usque
994 627 1031 690 ab
1047 627 1224 711 alienigenis

139 655 291 860 {leetppppm
308 733 440 797 regnum
464 711 650 775 ludaeorum
672 711 858 796 perduravit
881 734 977 774 annos
999 711 1060 775 100
1080 735 1098 774 a
1118 713 1223 797 primo

212 902 321 967 Mundi
344 924 426 966 anno
448 899 540 981 5575,
562 899 686 966 divinae
704 901 931 966 incarnationis
954 924 1035 966 anno
1051 901 1102 983 75,
1122 901 1320 979 vesu-psas

138 989 197 1052 vius
217 1009 307 1052 mons
327 988 384 1050 sub
408 987 482 1049 Tito
507 985 687 1068 Vespasiani
714 986 779 1048 filio
801 992 833 1049 ln
857 989 975 1050 vertice
993 987 1100 1050 scissus
1120 985 1224 1070 ignem

137 1073 238 1150 emisit,
261 1069 340 1134 adeo
361 1081 398 1133 ut
418 1070 641 1132 incenderetur
664 1067 804 1133 adiacens
829 1071 916 1156 regio
940 1093 1012 1133 cum
1036 1069 1223 1133 civitatibus.

136 1157 324 1220 Domitianus
360 1153 556 1217 eunuchisari
584 1155 669 1216 viros
689 1153 791 1232 iussit,
824 1165 857 1218 et
891 1175 1021 1217 uxorem
1047 1153 1223 1238 nuncupari
1288 1169 1292 1177 ’

135 1242 315 1324 hagustam3
334 1239 389 1325 qui
412 1248 485 1322 post
494 1239 651 1300 Neronem
671 1237 821 1300 secundus
844 1239 1094 1322 persecutionem
1116 1237 1223 1299 intulit
1231 1241 1319 1312 ptito

137 1323 329 1402 Christianis,
357 1343 495 1406 quorum
508 1322 599 1383 multi
613 1323 768 1406 martyrio
787 1324 931 1384 coronati
945 1333 1027 1399 sunt,
1048 1331 1085 1383 ut
1098 1321 1223 1383 Bretina
1319 1372 1323 1382 .

136 1408 255 1481 scribit;
277 1409 362 1469 inter
384 1425 462 1489 qnos
485 1415 518 1468 et
535 1405 643 1467 Flavia
662 1405 848 1484 Domicilla,
869 1407 1057 1468 consobrina
1079 1406 1223 1466 Clemen-

137 1491 171 1553 tis
191 1490 293 1552 Flavii
314 1491 494 1568 consularis,
517 1498 554 1550 ut
574 1489 747 1552 Christiana
768 1489 912 1573 fugatur,
936 1490 1064 1574 ipseque
1083 1489 1223 1550 Clemens

135 1593 191 1716 pro
212 1574 340 1637 Christo
366 1572 544 1657 perimitur.
596 1571 687 1635 haim
710 1583 816 1635 autem
842 1573 1017 1655 Stephanus
1039 1572 1166 1656 qnidam
1187 1593 1224 1634 ex

146 1659 253 1739 ibertis,
273 1659 360 1722 circa
379 1656 571 1719 Clementem
592 1655 868 1718 dominumsuum
897 1657 1014 1719 ameria
1035 1655 1148 1718 affectu
1169 1653 1223 1717 de·

135 1747 246 1822 tentus,
267 1741 388 1804 insidiis
408 1741 623 1803 Domitianum
646 1739 796 1824 peremit;
826 1738 910 1802 unde
931 1739 1055 1802 honore
1076 1763 1094 1800 a
1115 1747 1224 1800 senatu

135 1823 233 1910 dignus
272 1827 399 1889 effemus
437 1833 507 1900 est,
543 1844 582 1888 eo
616 1823 703 1908 quod
738 1846 756 1885 a
786 1823 921 1886 maxiano
957 1823 1040 1886 malo
1065 1825 1223 1887 Romanos

134 1909 253 1971 eruerit.

207 2015 321 2080 Mundi
343 2037 425 2077 anno
449 2013 540 2094 5578,
564 2015 686 2078 divinae
707 2015 928 2093 incarnationis
950 2037 1032 2076 anno
1053 2013 1105 2095 78,
1126 2017 1315 2099 quar-phut
1335 2015 1354 2070 8

133 2107 175 2162 tus
204 2109 277 2184 post
311 2121 466 2161 summum
487 2101 619 2161 Petrum
641 2101 800 2162 Romanae
827 2107 952 2183 praeest
983 2099 1129 2162 ecclesiae
1151 2098 1222 2160 Cle·

133 2205 221 2264 mens,
243 2183 333 2246 cuius
354 2192 386 2246 et
406 2184 564 2266 apostolus
587 2185 618 2245 in
639 2183 772 2268 epistola
791 2182 831 2245 ad
849 2183 1064 2266 Philippenses
1086 2182 1222 2245 secunda

131 2269 261 2330 meminit
277 2267 382 2330 dicens
399 2271 492 2328 “cum
507 2266 666 2330 Clemente
683 2278 715 2330 et
726 2269 838 2331 ceteris
859 2267 1121 2350 cooperatoribus
1135 2266 1222 2344 meis,

133 2370 257 2432 quorum
285 2351 412 2413 nomina
440 2353 565 2414 suntin
587 2350 670 2414 libro
693 2351 810 2413 vitae.'’
851 2349 941 2413 huius
965 2350 1095 2434 epistola
1116 2351 1221 2412 fertur

130 2431 165 2495 ad
185 2435 368 2498 Corinthios
393 2435 498 2513 missa,
521 2456 615 2519 quam
634 2442 703 2497 tota
726 2434 854 2518 recipit,
875 2444 912 2496 ut
930 2435 1102 2519 Egesippus
1123 2441 1219 2495 testa.

130 2524 196 2597 tur,
221 2520 363 2581 ecclesia.
417 2521 537 2581 Romae
569 2539 696 2603 quoque
722 2519 779 2579 sub
801 2518 948 2578 Eraristo
968 2538 1050 2603 papa
1072 2517 1219 2581 divinitus

129 2602 203 2685 signa
222 2603 333 2681 multa,
356 2611 389 2665 et
408 2622 468 2685 per
487 2611 592 2664 totum
616 2602 736 2681 orbem,
758 2601 867 2665 effecta
887 2609 968 2663 sunt.

203 2726 317 2791 Mundi
340 2748 422 2789 anno
444 2724 548 2805 5589,
578 2726 704 2790 divinae
733 2726 956 2789 incarnationis
976 2724 1028 2807 89,
1044 2728 1146 2791 nerva
1166 2724 1313 2804 vinnons
1335 2736 1349 2786 1

130 2808 204 2873 mitis
223 2808 386 2895 sapienter
411 2811 580 2895 imperium
600 2808 796 2875 moderatur.

200 2933 311 2997 Mundi
345 2956 428 2997 anno
460 2930 562 3017 5590,
596 2932 720 2997 divinae
745 2935 968 2997 incarnationis
988 2933 1041 3015 90,
1062 2936 1215 2998 Traianus
1224 2948 1313 3019 poss

128 3014 262 3097 imperat.
309 3020 407 3080 iustus
430 3018 617 3081 Tiberiensis
645 3021 775 3081 lndaeus
804 3019 1005 3101 conscriptor
1025 3022 1216 3100 agnoscitur.

127 3098 330 3163 Tertullianus
350 3102 499 3164 historice
532 3112 642 3165 narrat
663 3102 797 3165 Plinium
821 3103 998 3165 Secundum
1020 3102 1217 3185 quarundam

126 3186 359 3262 provinciarum
388 3206 499 3269 gerere
531 3186 758 3268 praesidatum,
780 3196 813 3249 et
833 3194 939 3247 morte
960 3185 1113 3266 plurimos
1136 3183 1215 3246 allici

127 3266 322 3347 Christianos,
331 3292 427 3353 super
438 3270 550 3355 quihus
561 3268 713 3333 haesitans
727 3269 804 3358 qnid
817 3278 895 3332 esset
906 3270 1068 3351 agendum,
1077 3270 1216 3329 Traiano

124 3354 254 3445 suggerit
274 3354 318 3415 nil
343 3374 395 3417 eos
416 3361 520 3415 morte
540 3376 650 3437 gerere
674 3356 823 3438 dignum,
845 3353 903 3413 nisi
925 3352 1012 3499 puod
1037 3352 1128 3421 idolis
1151 3370 1214 3413 nou

124 3438 318 3499 ammolarent
350 3446 383 3501 et
410 3438 568 3501 Christum
600 3439 697 3501 veluti
725 3439 819 3501 deum
840 3448 914 3499 ante
945 3457 1035 3501 ucem
1055 3444 1215 3518 surgentes

122 3514 305 3598 laudarent,
326 3544 344 3583 a
366 3522 452 3585 malis
476 3521 621 3585 omnibns
646 3520 842 3583 abstinentes.
885 3520 927 3583 ad
947 3540 1043 3604 quem
1062 3520 1214 3583 Traianus

122 3603 264 3666 rescribit
284 3606 474 3668 Christianos
497 3604 671 3667 nullatenus
693 3603 908 3689 inquirendos.

198 3726 311 3791 Mundi
333 3750 417 3792 anno
439 3726 532 3808 5596,
555 3730 679 3793 divinae
698 3728 921 3793 incarnationis
941 3749 1024 3791 anno
1046 3723 1099 3807 95,
1118 3727 1317 3806 toan-pure
1335 3729 1370 3788 14

122 3826 189 3869 nem
209 3810 394 3897 deiloquum
426 3822 458 3877 et
479 3816 655 3896 apostolum
676 3814 846 3877 Eirenaeus
874 3824 907 3877 et
928 3813 981 3875 alii
998 3810 1141 3875 scribunt
1157 3834 1213 3874 su.

123 3895 282 3968 perstitem
308 3919 342 3959 us
365 3918 404 3960 ue
425 3897 465 3959 ad
488 3906 631 3981 tempora
660 3900 862 3980 permansisse
884 3897 1023 3976 Traiani,
1046 3916 1118 3957 cum
1138 3895 1212 3979 qui·

120 3972 308 4073 hastaples
328 3920 581 4063 liieropolitanus
603 3988 636 4044 et
659 3981 855 4068 Polycarpns
874 3982 1029 4066 Smyrnae
1047 3980 1212 4065 episcopus

121 4058 277 4125 auditores
296 4064 361 4128 eius
380 4064 472 4128 fuisse
493 4074 674 4128 noscuntur.

196 4170 308 4233 Mundi
329 4194 411 4234 anno
421 4162 516 4249 5600,
540 4171 662 4236 divinae
685 4172 905 4235 incarnationis
920 4194 1002 4235 anno
1026 4174 1204 4250 centesimo,
1215 4187 1301 4256 pust
1318 4182 1337 4235 s

123 4246 269 4316 Traianus
288 4256 379 4341 Lysia
403 4260 523 4337 Quinto
547 4255 673 4321 ludaeos
695 4258 948 4341 aMesopotamia
970 4258 1135 4323 seditiones
1156 4258 1205 4317 fa.
