3050 4900
521 267 573 330 EX
599 264 860 330 ΤΗΕΟΡΗΔΝΕ.
1165 257 1232 327 15¹

139 437 242 500 luisset
253 435 387 500 tramine
398 457 457 519 per
469 447 611 520 pontem,
625 435 802 498 discurrens
820 435 940 498 invenit
949 441 1095 514 meatum,
1108 441 1141 498 et
1153 433 1237 494 hunc

139 521 302 601 inopinate
320 521 437 584 Manio
459 541 563 584 mense
583 522 649 582 siue
668 518 849 582 discrimine
872 519 1104 595 transfretavit,
1124 526 1157 579 et
1177 517 1238 578 Sa.

138 609 257 665 nnosata
274 604 429 685 pervenit.
442 625 611 688 rursusque
625 625 696 664 eum
704 603 846 665 Taurum
860 603 1083 685 praeteriisset,
1105 601 1139 663 in
1154 603 1239 662 Ger-

138 687 303 749 maniciem
324 697 372 750 est
392 689 572 770 profectus,
593 695 625 750 et
653 708 724 748 cum
755 687 926 750 transiisset
954 685 993 748 ad
1015 685 1131 760 Adana,
1152 685 1239 746 venit

142 771 182 832 ad
217 791 340 832 amnem
360 771 472 834 Saron.
522 771 675 833 Sarbarus
702 775 808 832 eutem
836 779 935 854 ponte
966 790 1072 831 rursus
1105 767 1138 826 in
1156 786 1239 850 pro.

137 853 211 938 prio
243 853 316 916 loco
349 861 473 916 extenso
502 855 618 938 absque
652 852 814 915 obstaculo
844 853 1059 916 transfretavit
1087 849 1239 932 Euphra.
1337 885 1356 896 --

138 947 221 1014 tem,
244 943 278 999 et
306 937 497 1021 sequebatur
525 947 598 1019 post
620 958 701 999 enus.
749 944 797 999 nst
824 937 1001 1020 imperator
1029 957 1101 998 eum
1134 944 1237 994 trans..

138 1021 212 1084 isset
237 1030 367 1102 pontem
388 1021 459 1082 Sari
471 1065 481 1098 ,
505 1019 631 1086 inventa
651 1019 761 1104 requie
790 1031 855 1084 tam
874 1020 1027 1084 exercitus
1055 1039 1150 1103 qnam
1166 1017 1237 1078 aui-

138 1103 267 1166 mulinm
287 1104 372 1166 circa
394 1105 496 1186 ipsum
517 1112 770 1166 castrametatus
794 1111 850 1182 est,
874 1105 1014 1167 reficiens
1036 1122 1098 1163 eos.
1120 1121 1239 1183 perve-

137 1187 187 1248 nit
217 1194 322 1248 autem
349 1195 382 1250 et
403 1188 555 1250 Sarbarus
584 1187 616 1248 in
638 1197 764 1270 partem
791 1208 872 1270 quae
901 1187 933 1247 in
965 1197 1077 1250 eontra
1107 1207 1171 1248 esse
1201 1203 1238 1246 ex

137 1270 238 1332 altera
257 1278 351 1351 parte
374 1269 549 1334 videbatur.
599 1272 727 1332 invento
748 1291 824 1332 vero
854 1281 970 1354 ponte,
999 1279 1032 1332 et
1051 1289 1239 1351 propugno-

137 1353 216 1416 eatis
246 1375 327 1437 quae
349 1355 379 1414 in
401 1353 469 1436 ipso
490 1363 582 1417 erant
602 1377 618 1416 a
640 1353 787 1416 Romanis
808 1354 962 1432 obtentis,
983 1364 1085 1415 castra
1106 1362 1238 1414 metatus

140 1447 198 1499 est.
249 1448 447 1499 excurrentes
476 1446 580 1500 autern
608 1437 698 1498 multi
717 1439 933 1500 Romanorum
952 1458 1012 1519 per
1034 1445 1165 1516 pontem
1187 1435 1237 1495 in.

138 1518 284 1584 ordinate
309 1541 381 1582 cum
402 1522 502 1583 Persis
532 1524 736 1583 contulerunt
766 1519 968 1598 conflictum,
990 1520 1088 1580 muita
1112 1519 1142 1578 in
1167 1519 1176 1578 i
1199 1516 1248 1587 sis¹

140 1602 236 1665 erede
263 1604 432 1666 commissa.
483 1625 593 1666 verum
614 1605 789 1688 imperator
809 1603 865 1666 hos
887 1603 1066 1665 inordinate
1085 1539 1238 1684 prohibe·

141 1687 198 1748 bat
220 1684 407 1768 discurrere,
429 1708 468 1750 ue
488 1688 573 1752 forte
590 1688 651 1750 iter
666 1689 754 1750 tieret
777 1687 962 1755 adversariis
984 1707 1056 1748 cum
1077 1684 1135 1746 iliis
1156 1704 1239 1746 con-

138 1769 283 1832 veniendi
303 1767 342 1830 ad
365 1779 493 1852 pontem
527 1781 560 1834 et
581 1773 703 1853 pariter
723 1770 930 1832 commeandi.
970 1768 1107 1852 populus
1132 1775 1334 1848 sumptas

138 1873 202 1916 uon
227 1853 446 1936 acquiescebat
471 1854 669 1938 imperatori.
721 1875 822 1936 porro
844 1854 1021 1931 Sarbarus,
1050 1849 1237 1934 quibusdam

141 1937 293 2000 exercitus
312 1938 360 1999 sui
375 1937 455 1998 clem
477 1939 509 2000 in
527 1938 601 2000 iocis
613 1936 725 2000 abditis
748 1936 919 2015 collocatis,
941 1935 1076 1998 ostendit
1093 1957 1125 1996 se
1149 1934 1236 2017 quasi

144 2021 334 2104 fugientem,
364 2041 401 2082 ac
420 2022 465 2083 sie
492 2021 640 2084 abstraxit
661 2020 776 2082 multos
799 2021 957 2084 Romanos
977 2030 1106 2103 praeter
1126 2027 1236 2079 votum

143 2103 343 2185 imperatoris
377 2104 416 2167 ad
447 2105 670 2168 insecutionem
702 2105 750 2168 sui
770 2113 974 2167 transeuntes.
1016 2121 1156 2166 reversus
1180 2122 1235 2162 su·

143 2194 212 2262 tem,
235 2187 334 2250 ethis
364 2187 397 2248 in
427 2187 532 2270 fugam
552 2188 724 2269 conversis,
743 2194 904 2272 quotquot
923 2196 1012 2249 extra
1032 2195 1163 2270 pontem
1182 2205 1238 2245 oc-

142 2271 270 2351 cupavit
290 2269 415 2349 oceidit,
434 2271 603 2335 vindictam
620 2292 781 2354 perpessos
802 2269 1044 2333 inobedientiae.
1100 2269 1237 2350 impera.

142 2362 195 2414 tur
210 2373 288 2416 vero
306 2373 377 2414 curn
390 2354 543 2418 barbaros
564 2353 689 2418 vidisset
707 2355 901 2416 insecutione
914 2351 1038 2415 ordines
1059 2351 1237 2428 dissolvisse,

143 2444 174 2499 ut
195 2458 231 2499 er
243 2437 391 2499 Romanis
410 2439 562 2501 stantibus
582 2439 615 2500 in
637 2437 915 2512 antemuralibus*)
931 2434 1053 2506 ‚multos
1074 2435 1237 2511 extinctos,

143 2532 254 2582 contra
288 2542 341 2583 eos
370 2524 531 2605 profectus
557 2532 612 2585 est.
667 2542 770 2604 porro
792 2520 921 2605 quidam
944 2518 994 2579 sir
1013 2518 1109 2580 Persa
1127 2518 1238 2599 gigan-

142 2612 207 2665 teus
230 2604 414 2687 imperatori
434 2606 604 2668 occurrens
627 2604 710 2666 bunc
742 2605 773 2665 in
795 2602 899 2665 medio
920 2602 1025 2683 pontis
1046 2601 1237 2683 aggreditur.

143 2696 187 2747 ast
209 2688 385 2769 imperator
405 2688 467 2750 boe
486 2709 632 2771 percusso
668 2688 699 2749 in
720 2688 817 2749 amnis
848 2686 965 2748 fluenta
985 2685 1134 2768 proiecit.
1175 2681 1238 2745 boc

144 2790 206 2831 uno
231 2780 342 2833 ruente
370 2772 401 2832 in
434 2774 538 2854 fingam
570 2773 699 2835 barbari
728 2771 810 2833 versi
835 2780 917 2846 sunt,
947 2777 979 2830 et
998 2790 1076 2851 prae
1098 2767 1239 2849 augustia

143 2855 248 2936 pontis
276 2864 312 2915 ut
338 2877 432 2917 ranae
462 2876 494 2917 se
516 2856 547 2919 in
579 2855 707 2918 flumine
736 2853 910 2927 iaciebant;
946 2852 997 2913 aiii
1018 2862 1122 2915 nutem
1142 2851 1237 2912 otiam

142 2938 252 3019 gladiis
271 2938 522 3000 trucidabantur.
544 2960 644 3022 porro
670 2939 841 2999 multitudo
862 2936 1074 2999 barbarorum
1093 2956 1152 3017 per
1173 2934 1236 2995 flu.

142 3022 232 3081 minis
255 3021 338 3103 ripas
360 3022 467 3083 diffusa
486 3022 651 3103 sagittabat
672 3044 708 3083 ac
730 3022 903 3098 resistebat,
923 3043 986 3081 non
1008 3022 1108 3081 sistens
1131 3026 1235 3078 trans.

141 3126 245 3167 meare
267 3106 433 3168 Romanos.
476 3127 584 3167 verum
617 3106 792 3187 imperator
820 3106 971 3166 transiens
1003 3104 1138 3163 viriliter
1160 3102 1236 3161 bar·

141 3188 224 3249 baris
246 3188 380 3266 resistit,
410 3210 481 3249 oum
503 3188 610 3271 paucis
634 3187 819 3272 quibusdam
839 3187 995 3249 societatis
1016 3206 1089 3246 suae
1109 3206 1237 3265 supera-

141 3271 298 3353 gonizans,
325 3272 367 3333 ita
390 3281 427 3333 ut
447 3274 539 3333 etiarn
560 3292 654 3353 super
675 3271 737 3334 hoc
764 3271 917 3333 Sarbarus
938 3268 1182 3351 obstupesceret,
1205 3276 1237 3326 ct
1247 3290 1274 3345 p.
1284 3270 1340 3327 tet

140 3354 179 3415 ud
200 3356 343 3417 cosmam
371 3356 528 3438 quendam
550 3357 633 3417 iusta
654 3376 686 3418 se
707 3365 853 3431 stantem,
881 3357 1099 3415 Rornanorum
1120 3352 1235 3433 proin.

140 3460 215 3521 gum
235 3460 273 3501 ac
294 3440 488 3521 magaritam,
512 3438 649 3517 diceret,
678 3438 803 3501 “vides”
826 3438 967 3519 iuquiens
996 3438 1194 3511 “Caesarem,
1216 3453 1236 3492 o

142 3524 263 3599 Qsma,
287 3544 380 3606 quarn
402 3522 501 3585 audax
523 3522 561 3587 ad
585 3543 720 3605 pugnam
738 3530 809 3600 stet,
831 3529 863 3583 et
881 3528 994 3581 eontra
1012 3528 1132 3581 tantam
1153 3516 1237 3577 mui-

144 3603 309 3667 titudinem
339 3606 420 3667 seius
445 3605 606 3685 decertet,
631 3613 664 3668 et
691 3607 780 3669 reiut
799 3604 885 3665 incus
908 3603 1008 3665 iacula
1032 3604 1178 3663 renuat:'’
1202 3621 1238 3661 ex

144 3687 249 3749 rubris
283 3690 367 3751 enim
389 3691 488 3751 ocreis
515 3689 749 3772 agnoscebatur,
777 3689 952 3771 multusque
974 3688 1149 3767 imperator
1170 3682 1239 3765 pla-

144 3792 211 3853 gas,
244 3771 315 3834 iicet
340 3770 455 3833 nuliam
476 3774 506 3833 in
528 3772 589 3835 boo
617 3772 737 3855 praelio
759 3772 977 3853 periculosam,
1000 3769 1128 3848 aceepit
1171 3776 1239 3827 tota

146 3876 220 3917 vero
241 3853 292 3919 die
311 3876 383 3917 curn
403 3856 434 3918 in
454 3854 515 3919 hoc
537 3856 619 3919 bello
645 3865 840 3941 pugnassent,
861 3853 1027 3917 secedente
1048 3872 1177 3933 vespera
1198 3851 1239 3911 ab

178 4000 204 4074 “)
225 4004 447 4077 antemuralibus}
469 4004 634 4058 Mettis-Par.
655 4002 718 4057 hist.
728 4004 808 4073 Augi.
817 3990 1007 4058 inWiliielnro
1024 4001 1064 4052 112
1084 4006 1238 4053 antemura-

212 4072 285 4157 libus
303 4074 447 4197 conspirastis
465 4086 590 4147 cogerent
606 4074 764 4129 defensores
782 4078 854 4128 intra
872 4090 962 4128 muros
983 4072 1131 4125 interiores
1147 4088 1175 4125 ss
1196 4086 1239 4123 rs-

210 4159 311 4215 erpere.
368 4162 425 4197 ns.
902 4176 906 4184 ·
