3050 4900
300 318 375 395 λιν
693 334 735 395 m
768 328 1045 395 associatam
1101 306 1108 315 '

299 522 401 569 τοιααιι
421 509 482 567 eins
505 526 612 568 nomen
644 510 675 567 ιἰι
694 508 816 591 ριιΙιΙίσσ
847 510 1044 569 instmmeuta
1066 507 1280 581 relationum
1299 505 1391 571 alisad

298 590 374 675 quid
392 591 445 651 sub
464 592 530 675 sisso
549 602 680 669 gestum,
711 592 794 675 qemd
820 613 889 651 eum
921 592 1135 675 smperatooem
1163 605 1311 671 σσςιιακι,
1334 594 1391 654 sed

298 687 411 735 tantum
425 688 580 733 οσιοιιαιιιο
601 686 654 733 est.

382 779 454 855 tta,
484 782 532 845 10.
572 772 627 859 τὴν
646 778 812 861 ἐκκλησίαν
827 777 889 839 τοῖν
908 774 1008 858 ἁγίων
1028 770 1073 855 μ’]
1097 778 1239 841 beneficii
1261 802 1279 840 a
1300 804 1386 842 mm·-

297 862 417 944 tyribus
438 862 568 943 accepti,
591 870 623 923 et
644 863 729 923 urbis
751 882 861 923 corum
882 862 1008 923 nominc
1031 862 1282 947 Martyropolcos
1303 886 1385 924 anno

296 944 502 1025 praecedente
526 954 670 1027 receptae
691 966 822 1007 memor.
875 943 1024 1006 videndus
1050 946 1222 1006 Simocatta
1243 946 1294 1007 tit.
1315 944 1338 1007 4
1356 970 1384 1008 c.

299 1033 346 1093 15.
366 1028 405 1088 ad
425 1028 501 1089 haec
522 1047 621 1111 porro
644 1039 806 1091 contextus
827 1027 923 1090 verba
946 1023 1168 1108 ἀνεπλήρωσεν
1188 1027 1223 1090 ἓν
1242 1030 1282 1112 τῇ
1301 1029 1384 1113 μέσῃ

296 1102 406 1183 οὖσαν,
427 1112 593 1173 Barbarini
619 1112 802 1194 exemplaris
837 1133 946 1194 margo
980 1111 1076 1193 addit,
1103 1108 1159 1173 καὶ
1185 1101 1386 1194 Ἀνδρόνικος

284 1188 498 1255 ιὲκαλλιόιιιστ.
540 1194 659 1257 scribac
680 1197 792 1277 procui
812 1194 910 1257 dubio
933 1205 1087 1277 tempora.

377 1300 456 1363 Ibid.
480 1305 527 1369 13.
570 1298 694 1383 εἰρήνης
716 1302 752 1365 tt
771 1298 907 1382 βαθείας
933 1296 991 1384 τήν
1011 1294 1167 1380 ιλνατολῆν
1188 1301 1386 1380 καταλαβον.

294 1392 363 1463 ont]
386 1384 566 1481 'primorum
587 1408 655 1470 cap.
677 1386 777 1449 citimi
798 1385 852 1448 tib.
873 1387 1103 1449 osmannae
1136 1384 1306 1445 sorborum
1327 1406 1383 1446 cx-

295 1486 425 1549 pressio.

377 1576 462 1639 tttd.
480 1580 527 1643 17.
578 1572 757 1653 ἀρχομένου
786 1571 847 1637 τοῦ
876 1570 984 1657 ἔαρος]
1002 1574 1066 1638 hoc
1093 1576 1194 1657 ipsam
1214 1576 1246 1635 in
1269 1597 1384 1637 annum

297 1680 413 1721 novum
434 1660 531 1721 refert
552 1659 723 1720 simocatta
754 1660 825 1722 Ιοοο
846 1660 963 1737 citato,
993 1653 1121 1720 ἔννατον
1145 1658 1182 1720 δὲ
1201 1647 1267 1734 ἄρα
1286 1658 1384 1719 τοῦτο

295 1736 364 1813 ἔτος
383 1740 554 1821 ἐτύγχανεν
577 1730 812 1821 ὂνΜανρικλον
835 1742 893 1803 τοῦ
906 1740 1148 1822 ον’τοκροίιορος.
1190 1741 1310 1825 sctiqaa
1329 1742 1383 1805 tit».

293 1824 314 1886 6
337 1826 436 1887 tribus
461 1823 569 1907 primis
601 1824 755 1905 capitibus
777 1836 905 1887 enarrat
927 1825 1075 1887 diffusius.

374 1948 447 2026 413,
475 1950 523 2015 19.
566 1942 696 2021 ὃΐαπος
711 1946 771 2011 τοῦ
787 1948 957 2029 βασιλέως]
979 1948 1018 2011 da
1041 1968 1105 2033 qao
1119 1955 1226 2010 noster
1246 1947 1382 2011 Codiaus

293 2050 363 2113 pag.
384 2028 426 2092 70
449 2054 531 2093 nam.
554 2030 602 2098 14.

375 2138 448 2219 414,
468 2142 498 2206 3.
549 2128 663 2221 ἄνδρες
687 2137 790 2219 τρεῖς]
820 2160 985 2202 numerum
1013 2138 1065 2200 atti
1087 2134 1180 2201 codd.
1200 2137 1382 2217 omiserunt,

294 2242 387 2305 quem
407 2230 508 2283 tamen
530 2222 704 2283 Anastasius
725 2228 888 2283 memorat.

376 2345 459 2408 laid.
481 2342 531 2407 20.
572 2342 627 2407 καὶ
647 2338 814 2427 Φροῖγκονν]
835 2345 995 2429 legationis
1014 2366 1103 2407 causa
1126 2367 1195 2429 cap.
1215 2344 1236 2409 3
1257 2345 1381 2427 tegitur.

375 2454 447 2533 415,
471 2458 499 2520 1.
541 2447 557 2514 ὃ
579 2446 729 2532 Χαγάνος
749 2452 854 2534 ἐζήτει
874 2448 1069 2534 προσθήκας]
1093 2455 1169 2516 hacc
1190 2453 1249 2516 ntia
1267 2455 1383 2516 codam

293 2538 388 2598 tertio
409 2539 512 2619 capite
533 2545 565 2600 et
584 2539 684 2599 tribus
708 2539 916 2622 sequentibus,
940 2559 1021 2621 quac
1038 2547 1141 2600 tamon
1162 2539 1277 2622 absque
1296 2547 1383 2600 tem-

292 2620 379 2703 poris
399 2621 586 2699 discrimine,
606 2624 690 2683 vetat
710 2643 793 2682 anno
813 2622 974 2703 superiora
994 2633 1076 2703 gusta
1096 2632 1217 2684 narrat.

380 2727 464 2795 thid.
480 2735 528 2797 18.
570 2726 604 2790 ἐν
626 2727 799 2804 διαλέξεσιν
816 2718 913 2806 ὄντες]
935 2731 1027 2792 tectio
1049 2729 1136 2807 haec,
1157 2753 1237 2814 qaae
1251 2731 1383 2792 Bathea.

293 2833 419 2894 quoquc
438 2813 554 2876 codicis
576 2823 636 2893 est,
658 2834 721 2873 non
752 2811 994 2874 contemnanda:
1016 2813 1081 2874 Pai.
1104 2824 1206 2875 manen
1228 2815 1277 2875 aei
1298 2815 1382 2898 Pey-

292 2895 843 3062 nsstusstassais
864 2895 898 3040 t
919 2887 1278 3063 tttttsttttt
1301 2920 1383 2982 ‘1⁰³⁹

372 3083 445 3162 416,
466 3091 496 3154 7.
538 3083 673 3170 α’βονλλρι
694 3085 729 3148 δὲ
743 3092 1011 3166 καταστρατηγεῖ]
1036 3110 1110 3149 num
1130 3088 1265 3172 suspensi
1288 3089 1382 3150 animi

292 3168 442 3246 dubiam,
471 3179 503 3230 ct
528 3170 710 3232 haesitantia
728 3169 826 3230 felicis
852 3171 973 3230 consilii
993 3171 1128 3253 parcns?
1167 3194 1231 3234 non
1254 3169 1382 3232 11αεῦ-

289 3251 403 3330 anates
424 3253 532 3336 itaqua
562 3253 706 3336 prosperi
736 3272 889 3314 successus
912 3262 1012 3315 mator
1032 3263 1064 3315 et
1083 3255 1185 3336 origo.
1229 3256 1378 3316 emenda-

291 3334 405 3395 tionem
430 3339 595 3398 confirmat
613 3335 795 3398 Anastasius.
836 3350 905 3397 mac
924 3339 1040 3420 optimo
1071 3339 1147 3399 inito
1179 3340 1305 3400 coasilio
1324 3360 1378 3400 ar-

290 3431 401 3494 matur,
422 3428 482 3481 etc.

370 3524 442 3606 417,
460 3527 490 3588 5.
531 3520 776 3605 ὅαιλτοκράτιορ
806 3522 1000 3606 Μαοριλιιος]
1022 3527 1054 3587 in
1075 3527 1169 3588 atium
1191 3551 1305 3589 annum
1327 3549 1378 3590 sa-

287 3605 380 3695 ponit
400 3608 455 3670 ista
476 3609 646 3671 simocatta
673 3631 762 3690 capp.
785 3605 807 3669 6
827 3608 887 3677 78
910 3621 942 3672 et
960 3607 990 3688 9,
1021 3633 1131 3674 serum
1156 3633 1219 3674 con
1243 3612 1299 3674 nisi
1319 3610 1377 3674 de-

288 3692 385 3752 cimus
407 3691 447 3754 ab
469 3713 507 3754 eo
529 3701 633 3775 potest
649 3693 818 3755 numerari.

367 3798 501 3877 418,15.
544 3795 762 3879 Μονοούγιον]
780 3799 845 3859 Pal.
861 3798 1155 3884 iegitMcscoaiysor.
1175 3803 1268 3864 Baris.
1279 3799 1377 3863 Μοο.

287 3875 425 3944 σούκιον.
468 3884 639 3944 Anastasius
661 3883 843 3944 Maacnm.

369 3999 440 4076 419,
464 4003 512 4067 10.
553 3995 611 4061 τοῦ
633 3999 780 4078 Πρίσκον
804 3997 900 4061 πάλιν
919 3996 972 4060 aia
984 3987 1110 4077 Ἴστρον
1130 3995 1375 4079 καταλαβόντος]

286 4078 396 4164 hyeme
416 4094 499 4165 gesta
522 4103 638 4144 novum
653 4103 767 4144 annum
782 4082 921 4145 indicant
942 4082 1025 4164 apud
1036 4083 1238 4148 Simocattam
1252 4105 1321 4165 cap·
1337 4087 1378 4152 10

286 4162 481 4230 undecimum
502 4175 614 4243 tamen,
637 4167 700 4230 aias
721 4165 831 4230 caicuti
853 4187 917 4228 non
939 4177 1098 4247 superant.
