3050 4900
535 369 588 435 EX
614 367 875 436 aneorum„
1178 363 1249 436 271

239 550 333 610 duno
352 545 479 632 imperil
503 547 550 612 aut
571 559 685 611 octavo
714 548 910 631 Nicephorns
939 557 1012 632 post
1041 547 1152 630 impias
1183 548 1350 629 ani-plut

154 631 386 696 madversioues
406 633 532 694 militias
553 653 683 716 prorsus
717 631 883 695 humiliare
905 641 1042 696 tractans
1063 631 1255 694 Christianos

155 719 261 780 exules
290 737 326 778 cr
363 718 450 779 omui
481 717 619 779 themate
649 716 682 777 in
713 716 902 778 sclaviniam
930 717 999 779 lieri
1021 718 1119 795 iussit,
1142 715 1256 777 horum

154 811 263 863 autem
292 801 477 863 substantias
506 799 689 863 venundari.
743 809 776 862 et
806 810 875 864 erat
897 799 974 862 haec
1006 821 1055 862 res
1075 801 1257 882 captivitate

157 904 224 946 non
248 883 377 961 minor,
408 885 513 946 mullis
535 905 572 946 er
594 883 729 946 amentia
748 882 1033 966 blasphemantibus
1061 893 1093 948 et
1113 884 1257 945 inimico.

156 989 231 1030 rum
255 967 396 1030 incursus
424 968 645 1050 poscentibus,
666 967 732 1029 aliis
759 967 959 1030 nihilominus
981 971 1065 1030 circa
1084 967 1258 1051 parentalia

154 1052 301 1133 sepulcra
332 1052 574 1114 lamentantibus
601 1062 633 1113 et
670 1051 834 1115 defunctos
862 1051 970 1115 beatos
1001 1051 1259 1115 asseverantibus.

157 1135 288 1198 suerunt
306 1145 411 1197 autem
445 1135 553 1219 etqui
575 1135 745 1216 suspendiis
776 1135 821 1196 usi
842 1145 925 1212 sunt,
948 1143 985 1198 ut
1006 1160 1023 1199 a
1044 1137 1131 1198 malis
1151 1136 1258 1218 eripe-

158 1229 283 1281 rentur.
328 1219 443 1282 etenim
475 1220 669 1296 immobilia,
700 1237 781 1304 quae
803 1218 946 1300 inerant,
967 1221 1026 1284 sibi
1048 1241 1153 1283 seeum
1174 1222 1259 1282 serre

158 1323 224 1364 nou
248 1309 418 1384 poterant,
446 1311 478 1364 et
497 1303 710 1380 substantiam,
733 1325 827 1387 quam
847 1325 882 1366 ex
901 1305 1115 1388 parentalibus
1136 1301 1260 1364 dolori-

157 1386 217 1448 bus
238 1387 464 1468 possederant,
492 1385 650 1470 perditam
671 1387 979 1470 contemplabantur,
1001 1399 1034 1451 ct
1057 1385 1258 1468 impossibili.

158 1478 205 1530 tas
230 1471 330 1532 omnis
351 1489 457 1533 omnes
477 1470 624 1534 habebat.
666 1470 745 1534 haec
762 1473 891 1555 quidem
913 1471 1057 1534 inchoata
1076 1479 1149 1533 sunt
1169 1471 1258 1533 aSe.

158 1554 318 1638 ptembrio
340 1576 457 1634 mense,
479 1575 582 1637 porro
611 1554 699 1618 circa
758 1555 848 1618 ascha
876 1555 965 1618 finita
986 1566 1070 1618 sunt.
1092 1555 1259 1618 secundam

160 1659 237 1700 sero
277 1657 351 1700 cum
377 1637 437 1700 bac
470 1639 666 1702 afflictionem
707 1577 890 1720 ushnovens,
924 1639 1060 1702 militare
1096 1639 1260 1722 praecepit

160 1741 274 1805 egenus
295 1732 329 1785 et
347 1721 465 1784 armari
486 1721 634 1786 adversus
656 1724 902 1802 compatriotas,
929 1723 1076 1786 conferre
1098 1720 1259 1783 nihilomi-

160 1828 217 1868 nus
241 1806 336 1868 etiam
356 1806 464 1869 decem
487 1815 520 1868 et
550 1816 625 1868 octo
647 1827 684 1868 ec
716 1805 881 1871 dimidium
904 1807 1054 1868 numisma
1074 1825 1135 1890 per
1153 1803 1260 1890 siugu-

161 1889 323 1967 laeliano,
352 1911 416 1950 una
439 1911 511 1952 cum
533 1891 620 1952 omui
639 1891 842 1974 proximitate
873 1891 994 1952 tributa
1016 1891 1151 1974 publica.
1194 1898 1259 1952 ter-

160 1973 236 2033 tiam
258 1973 482 2056 malignitatem
509 1974 645 2037 infereus
674 1976 761 2036 iussit
791 1973 989 2058 perpendere
1017 1983 1049 2038 et
1070 1973 1177 2058 augeri
1196 1970 1258 2034 hu·-
1267 1999 1294 2056 p.
1303 1981 1356 2038 756

160 2079 234 2119 rum
254 2058 396 2135 tributa,
418 2067 452 2120 et
479 2065 641 2140 praestare
661 2058 920 2121 chertiaticorum
943 2079 1033 2121 causa
1061 2059 1186 2142 siliquas
1207 2055 1259 2118 hi.

162 2163 227 2202 nus·
268 2148 300 2202 et
334 2141 374 2203 ad
403 2153 548 2224 quartam
570 2142 742 2225 nequitiam
767 2165 853 2205 suam
883 2141 1001 2206 reditus
1023 2163 1129 2204 omues
1152 2138 1260 2226 angeri

163 2224 334 2306 praecepit.
379 2227 491 2308 quinta
511 2245 590 2288 veru
609 2227 780 2290 afflictione
803 2227 888 2289 illata
911 2249 928 2288 a
951 2227 1177 2290 venerabilium
1199 2223 1261 2287 do-

165 2326 291 2368 morum
311 2307 480 2390 inquilinis,
501 2308 766 2392 orphanotrophii
782 2311 901 2373 scilicet
923 2320 956 2372 et
968 2309 1182 2394 hospitalium,
1205 2329 1262 2393 ge-

168 2390 382 2454 rocomiorum
402 2413 533 2478 quoque
553 2413 590 2457 ac
612 2392 815 2457 ecclesiarum
837 2404 868 2457 et
884 2395 1148 2458 monasteriorum
1169 2413 1260 2475 rega-

166 2473 252 2552 lium,
272 2496 331 2558 per
348 2476 485 2560 singulos
504 2478 593 2539 focos
612 2496 721 2540 census
742 2480 821 2561 exigi
845 2478 979 2561 aprime
999 2478 1176 2563 tyrannidis
1197 2476 1261 2537 eius

164 2580 248 2621 annu
269 2564 442 2644 praecepit.
494 2572 636 2624 ceterum
659 2582 805 2646 quaeque
835 2562 966 2624 meliora
990 2560 1259 2632 enuntiaremus,

163 2643 195 2703 in
217 2644 335 2725 regiam
362 2646 555 2707 curatoriam
588 2642 706 2707 deferri
738 2646 875 2707 iubebat.
925 2654 1040 2707 sextam
1062 2662 1261 2706 commovens

161 2728 373 2805 afflictionem,
396 2728 507 2811 inspici
538 2751 556 2790 a
574 2730 774 2811 praetoribus
809 2730 896 2793 iubet
914 2750 966 2791 cos
988 2730 1043 2815 qui
1064 2750 1099 2791 er
1121 2748 1262 2813 pauper-

163 2819 229 2872 tate
250 2822 382 2894 repente
406 2814 506 2874 creati
530 2820 639 2894 essem,
662 2824 696 2876 et
716 2814 756 2875 ab
778 2812 824 2876 his
844 2814 992 2896 pecunias
1015 2812 1092 2897 erigi
1114 2814 1201 2911 quasi
1222 2810 1261 2873 ab

163 2894 382 2958 inventoribus
402 2896 632 2959 thesaurorum.
653 2898 817 2981 septimam
840 2918 968 2982 quoque
988 2897 1187 2960 adinveniens
1208 2914 1261 2959 cos

164 2978 316 3061 quiante
346 2978 387 3042 90
422 3000 518 3043 annos
539 2982 740 3061 invenerant,
774 2992 805 3043 et
827 3002 924 3081 usque
943 2981 1046 3043 adhuc
1068 2980 1186 3044 dolium
1207 2986 1263 3041 aut

166 3082 218 3122 vas
239 3060 464 3162 quodcunque,
484 3066 629 3127 omnibus
659 3066 798 3148 propriis
827 3066 948 3148 privari
976 3066 1125 3147 pecuniis.
1172 3072 1263 3124 octa·

163 3166 247 3220 vam,
270 3166 323 3207 eos
351 3168 406 3231 qua
437 3170 473 3211 ex
500 3150 563 3210 avis
585 3150 635 3211 vel
662 3150 806 3232 patribus
839 3149 1093 3212 hereditaverant
1112 3156 1145 3210 et
1166 3146 1262 3207 divisa

164 3228 336 3291 substantia
357 3252 512 3315 pauperes
530 3232 605 3295 lacti
618 3233 754 3311 fuerant,
778 3254 814 3295 ex
826 3231 940 3295 eisdem
959 3234 1045 3295 annis
1058 3230 1097 3294 20
1119 3227 1264 3293 redhibi-

165 3312 285 3374 tionem
304 3315 433 3397 publico
450 3317 605 3400 praebere
626 3318 766 3379 iubebat.
809 3326 841 3379 et
862 3338 913 3379 eos
936 3318 990 3400 qui
1013 3323 1155 3378 emerant
1175 3320 1262 3376 extra

165 3394 311 3480 Abydum
332 3419 470 3481 corpora
491 3400 625 3477 servilia,
657 3402 730 3463 hina
753 3401 934 3463 numismata
956 3402 988 3462 in
1010 3400 1166 3462 tributum
1186 3398 1263 3461 darc

163 3480 350 3563 praecepit,
371 3485 504 3546 maxime
534 3485 602 3546 illos
632 3485 687 3569 qui
718 3484 749 3545 in
769 3484 965 3547 Dodecaniso
994 3491 1095 3547 erant
1139 3472 1364 3567 nonam,p.ttt

166 3566 340 3645 naucleros,
363 3568 420 3651 qui
433 3568 618 3631 habitabant
637 3568 804 3647 maritima,
826 3578 858 3631 et
870 3568 1000 3630 maxime
1019 3568 1150 3631 minoris
1163 3568 1263 3643 Asiae,

166 3666 330 3732 nunquam
348 3659 478 3715 terreno
509 3652 619 3715 labore
639 3653 800 3730 viventes,
824 3674 928 3715 cruere
949 3650 988 3715 de
1008 3654 1102 3715 rebus
1125 3672 1205 3733 quae
1224 3648 1263 3711 ab

166 3730 222 3793 illo
244 3734 452 3815 rapiebantur
473 3738 616 3820 cogebat,
637 3744 674 3797 ut
698 3757 822 3821 cunque
845 3736 1102 3821 appretiarentur
1122 3735 1161 3796 ab
1184 3734 1263 3815 ipso.

167 3812 331 3895 decimam,
349 3818 517 3903 insignibus
537 3818 851 3902 Constantinopoleos
874 3818 1038 3883 naucleriis
1052 3816 1187 3879 collectis
1209 3814 1264 3878 de-

168 3896 215 3959 dit
235 3899 277 3962 ad
296 3922 423 3965 usurum
440 3913 592 3989 quattuor
604 3904 789 3987 siliquarum
810 3904 970 3982 numisma,
992 3924 1064 3964 cum
1076 3902 1145 3963 auri
1167 3900 1264 3962 libra·

168 4000 242 4044 rum
270 3983 437 4049 duodecim
464 3988 699 4071 persolverent,
727 3986 817 4049 simul
842 3996 874 4051 et
895 3994 1042 4051 consueta
1065 3982 1263 4047 commercia.

168 4063 247 4129 baec
267 4089 303 4131 ex
325 4070 428 4136 multis
451 4072 527 4134 mihi
559 4071 735 4135 summatim
753 4093 853 4154 pauca
875 4070 1029 4155 descripta
1044 4078 1128 4148 sunt,
1147 4068 1265 4153 signill-

168 4153 253 4214 csnti
269 4154 489 4217 multimodum
504 4156 570 4219 eins
588 4156 628 4217 ad
640 4176 765 4216 ornnem
784 4156 916 4238 speeiem
936 4154 1084 4217 avaritiae
1103 4153 1264 4215 molimen.

171 4254 253 4317 quse
278 4236 362 4299 enim
383 4240 415 4300 iu
435 4239 522 4325 regia
541 4241 623 4304 urbe
651 4238 844 4323 primoribus
865 4238 1076 4303 mediocribus
1099 4248 1131 4301 et
1151 4235 1266 4320 exiguis
