3050 4900
305 332 354 405 6ss
466 341 674 411 nomast!
705 340 900 409 mstolun
926 338 1234 408 accttsttsttca

302 514 461 596 Hesperio
485 516 623 577 Oceano.
675 514 851 576 lloaifacius
884 521 987 575 autern
1013 520 1154 574 metuens
1182 510 1389 593 imperatores

301 599 477 677 Romanos,
510 600 711 660 transfretans
739 598 874 681 aLihyu
902 598 934 658 in
955 595 1150 677 Hispaniam,
1171 593 1210 654 nd
1232 592 1389 653 Vandalos

301 683 395 743 venit
437 703 571 766 cumque
583 682 799 765 Modigisclum
820 681 981 743 invenisset
1000 687 1160 739 mortuam
1180 676 1303 738 etfilios
1321 676 1389 738 eius

301 766 459 826 Gonsarin
481 766 699 828 etGiaericum
717 766 928 848 principatum
949 762 1156 837 moderantes,
1177 760 1321 823 hortatus
1342 764 1389 821 est

300 856 336 908 ut
363 848 536 931 hesperiam
562 850 703 932 Libyam⁵
725 850 757 909 in
786 859 850 911 tres
879 856 984 929 partes
1013 844 1198 907 diuiderent.
1251 842 1386 926 polliciti

299 942 370 993 sunt
391 933 560 1015 unicuique
577 932 692 994 tertiae
712 933 796 1014 parti
817 954 849 994 se
868 952 929 991 uns
959 928 1123 1011 cum-ipsis
1142 928 1387 1010 principaturos,
1498 930 1504 941 “

298 1012 330 1075 in
353 1018 509 1076 communi
529 1024 632 1077 tamen
656 1016 689 1076 iu
704 1015 875 1099 quemlibet
895 1014 1018 1076 hostem
1041 1012 1174 1074 ulturos.
1218 1012 1250 1072 iu
1271 1011 1388 1083 usibus

299 1118 373 1181 ergo
409 1100 652 1181 professionibus
682 1098 814 1161 Vandali
852 1098 967 1159 fretum
999 1104 1220 1159 transmeantes
1256 1094 1389 1178 Libyam

297 1180 519 1256 habitaverant
540 1184 579 1245 ab
603 1183 731 1244 Oceano
752 1201 851 1265 usque
870 1179 1035 1265 Tripolim,
1055 1197 1135 1261 quae
1155 1188 1201 1241 cst
1222 1178 1307 1239 circs
1321 1177 1390 1262 Cy-

201 1266 406 1339 p.147renen.
458 1265 638 1350 Hypogothi
668 1282 744 1326 vero
774 1272 931 1346 surgentes
965 1262 1105 1325 aGallia
1138 1272 1269 1323 tenuere
1291 1261 1388 1324 etiam

298 1348 488 1431 Hispaniam.
532 1348 657 1431 quidam
679 1358 783 1423 autem
805 1358 926 1409 senatus
948 1346 1088 1423 Romani,
1111 1345 1200 1406 amici
1223 1344 1385 1423 Bonifacii,

295 1431 401 1493 falsam
423 1432 648 1495 accusationem
670 1432 750 1493 catti
780 1431 964 1493 intimavere
992 1429 1165 1502 Placidiac,
1188 1428 1384 1490 ostendentes

295 1536 423 1599 quoque
432 1527 463 1578 et
476 1516 553 1577 assit
562 1516 603 1577 ad
612 1515 803 1576 Bonifacinm
815 1513 937 1594 pridem
949 1514 1095 1596 scriptam
1111 1513 1281 1595 epistolum,
1290 1532 1389 1595 quam

291 1598 332 1659 ad
355 1620 408 1660 eos
428 1599 511 1661 idem
531 1600 658 1661 miserat
678 1596 865 1659 Bonifacius.
909 1605 955 1657 ast
975 1598 1148 1678 stupefacta
1169 1596 1307 1657 Placidia
1321 1600 1387 1671 Δξ-

292 1679 373 1743 tium
400 1684 525 1765 quidem
556 1683 588 1743 iu
618 1679 704 1742 nullo
735 1680 840 1755 laesit,
864 1678 1027 1743 Bouiiacio
1056 1700 1133 1741 vero
1155 1679 1286 1741 verbum
1310 1695 1388 1753 cus,-

292 1764 468 1826 iurameuto
496 1765 580 1826 misit
612 1762 871 1827 exhortatorium.
921 1782 1022 1846 porro
1052 1760 1229 1825 Gouthario
1251 1772 1390 1835 morta„

292 1848 450 1909 Gizericus
466 1848 682 1910 Vandalorum
702 1848 802 1909 factus
824 1854 869 1911 est
888 1845 1072 1929 imperator.
1115 1845 1290 1908 Bonifscius
1304 1866 1384 1929 ergo

289 1931 390 1992 verbo
419 1939 562 2013 suscepto
590 1939 701 1993 contra
729 1930 886 1993 Vandalus
919 1938 1076 2007 armatur,
1107 1929 1245 1991 exercitu
1266 1950 1382 2013 magno

289 2015 348 2075 silsi
369 2016 511 2076 veniente
541 2023 606 2076 tam
638 2014 778 2076 aRoma
798 2036 892 2097 quam
926 2037 945 2075 u
966 2012 1126 2097 Byzantio,
1148 2012 1234 2073 cuius
1256 2012 1383 2095 Asperis

289 2105 360 2160 erat
380 2100 537 2179 magister.
579 2096 657 2158 inito
678 2106 782 2158 autern
807 2104 917 2159 contra
938 2096 1114 2158 Gizcricam
1140 2096 1260 2177 praelio
1284 2116 1385 2178 supe-

290 2188 375 2242 ratus
394 2190 441 2241 est
458 2182 672 2242 Romanorum
690 2181 852 2261 exercitus,
872 2178 1163 2279 siopneBonil'acius
1182 2200 1252 2241 cum
1267 2180 1381 2261 deperi

289 2264 419 2325 Romam
440 2264 564 2327 veniens
585 2264 792 2347 suspicionem
814 2262 962 2340 dissolvat,
983 2263 1030 2325 rei
1049 2264 1180 2325 veritate
1194 2272 1380 2325 monstratu.

288 2368 390 2429 porro
412 2348 517 2409 Africa
537 2347 644 2409 taliter
664 2355 712 2409 est
737 2344 882 2409 Vandalis
910 2348 1046 2409 subactu.
1088 2355 1165 2409 tunc
1188 2356 1220 2407 et
1238 2346 1382 2407 Marcia·-

291 2453 369 2504 nm,
404 2432 458 2516 qui
485 2431 688 2516 postmodum
707 2430 885 2514 imperavit,
915 2453 987 2492 cum
1008 2429 1094 2492 miles
1115 2438 1193 2494 esset
1215 2438 1248 2494 et
1268 2430 1381 2515 deperi

289 2515 469 2595 deserviret,
492 2517 578 2578 vivus
598 2538 616 2577 a
638 2516 785 2578 Giaerico
807 2513 1096 2598 comprehenditur.

160 2650 188 2703 p.
200 2631 282 2688 1488
372 2632 482 2694 Mundi
504 2655 585 2695 anno
610 2629 702 2708 5937,
723 2631 846 2693 divinae
866 2627 1087 2692 incarnationis
1108 2651 1190 2690 anuo
1213 2627 1286 2708 437,
1308 2629 1382 2693 Ro·

289 2735 398 2776 manae
433 2714 511 2775 sedis
539 2717 602 2778 Leo
636 2714 832 2795 pontificium
861 2713 942 2796 gerit
988 2711 1161 2796 imperante
1188 2713 1380 2794 Theodosio,

156 2821 183 2876 p.
196 2805 247 2858 150
263 2797 376 2858 neurius
398 2798 521 2879 imperii
551 2797 708 2879 trigesimo
733 2817 817 2858 nono
852 2816 933 2856 anno
953 2759 1088 2858 l’roclus
1109 2797 1382 2880 Constantinopo-

288 2879 400 2941 litanus
422 2881 567 2957 moritur,
599 2878 649 2940 cui
669 2880 807 2945 succedit
835 2879 999 2942 Flavianus
1032 2879 1196 2964 presbyter
1216 2889 1247 2943 et
1264 2901 1382 2943 sceuo-

288 2961 402 3046 phylax
423 2964 568 3025 occlesiae
590 2962 972 3046 Constantinopolitanae,
995 2963 1045 3024 vir
1065 2985 1152 3027 sacer
1172 2971 1204 3025 ct
1223 2973 1378 3028 strenuus.

288 3053 319 3106 at
344 3067 383 3108 ue
406 3047 536 3131 Cyrillns
557 3046 776 3109 Alexandrinus
798 3046 878 3108 obiit
898 3046 1041 3124 antistes,
1062 3047 1113 3108 cui
1134 3047 1323 3132 suhrogatur
1343 3050 1377 3111 in

286 3069 359 3273 sedp
379 3129 561 3215 Dioscorus,
582 3131 637 3217 qui
658 3130 830 3194 nullatenus
861 3141 929 3194 erat
953 3129 1161 3211 didascalicos,
1178 3131 1232 3194 sed
1251 3131 1378 3197 immitis

288 3223 320 3278 et
357 3234 437 3278 erus.

370 3329 480 3392 Mundi
493 3351 575 3393 anuo
589 3327 681 3406 5940,
704 3328 826 3392 divium
841 3329 1063 3394 incarnationis
1077 3351 1160 3392 auno
1173 3323 1246 3411 440,
1268 3329 1377 3415 Chry-

287 3413 410 3496 saphim
431 3413 591 3476 cunuchus
604 3413 753 3496 palatium
766 3423 798 3476 et
812 3415 909 3497 ipsum
925 3415 1147 3498 imperatorem
1164 3423 1280 3496 tenena
1301 3437 1376 3478 eum

287 3497 443 3560 invideret
471 3496 610 3559 Flaviani
640 3496 885 3574 consecrationi,
920 3498 1067 3584 suggessit
1088 3498 1282 3581 imperatori,
1307 3499 1378 3564 siue

285 3581 402 3644 malitia
423 3581 563 3644 existenti
582 3589 615 3642 et
634 3580 719 3663 apud
738 3580 966 3644 Chalcedonam
988 3581 1122 3664 degenti,
1143 3580 1291 3644 mandare
1313 3603 1376 3663 pa·-

286 3667 442 3728 triarchae
464 3674 501 3725 ut
519 3664 660 3728 mitteret
679 3683 742 3745 pro
760 3666 996 3730 consecratione
1007 3664 1066 3728 sibi
1089 3665 1321 3728 henedictiones
1335 3669 1376 3746 *h

189 3769 216 3826 p.
227 3753 276 3809 151
287 3769 352 3835 quo
372 3751 456 3814 facto
471 3755 514 3828 ”l
534 3747 743 3833 chrysaphius
764 3758 904 3812 avertens
924 3747 1082 3812 mandavit
1102 3769 1211 3812 aureas
1234 3751 1376 3833 impora-

319 3953 345 4028 ')
363 3951 583 4073 henedictiones}
601 3965 625 4001 r.
640 3951 800 4005 Meusrdum
816 3950 852 4004 ud
870 3951 1040 4008 concordiam
1057 3953 1216 4024 regularum.
1236 3952 1388 4009 noune·

601 4025 673 4074 Rem.
693 4024 711 4076 2
733 4030 774 4079 tl·
811 4024 889 4076 Fusa.

304 4124 345 4200 ”)
364 4123 558 4200 quodjirctum
566 4123 705 4180 Fabrotus.
722 4125 796 4181 idem
805 4141 868 4181 mox
885 4145 987 4184 aureos
995 4127 1085 4200 posuit
1100 4142 1149 4201 pro
1164 4143 1197 4180 eo
1217 4125 1293 4201 quod
1312 4137 1377 4186 erut

355 4208 448 4252 auum
462 4195 599 4252 Andreas.

356 4022 420 4074 dum
438 4023 501 4076 laist.
519 4039 565 4075 ecc
