3050 4900
257 313 331 384 30ss
550 330 557 342 ·
632 318 674 382 ΙΝ
696 315 975 381 moratum

254 507 412 649 dddrhedd:
441 483 1348 654 idonedodseehst‘idd,frhhrderd'thdossdnithstdidnddshoddddi

256 665 291 717 ut
312 677 384 717 cnm
404 655 444 716 ad
455 655 577 716 Damasi
600 677 715 716 anuum
755 656 879 716 nintum
897 653 965 714 iulii
984 652 1140 735 pontificis
1162 653 1294 730 obitum,
1315 663 1347 716 et

256 740 361 802 tiberii
387 739 623 822 promotionem
654 759 717 800 aaa
733 675 876 820 ‘degimus
895 738 1053 801 connecti.
1106 734 1137 802 8.
1160 739 1233 798 anni
1257 739 1347 798 unins

257 832 340 906 gesta
361 824 396 884 iu
425 823 521 884 atium
549 821 740 906 quandoque
769 841 944 903 reponere,
966 841 1040 884 cnm
1069 821 1223 883 accuratis
1251 824 1345 884 etism

256 907 410 969 historicis
429 904 628 990 Theophanis
644 906 746 988 lapsus
766 905 937 968 communis
958 912 1016 968 est.
1059 901 1089 965 9.
1111 925 1185 966 eum
1205 903 1270 966 aliis
1292 927 1346 988 pa-

257 991 338 1053 n'ter
357 1011 533 1066 commuue,
553 997 590 1051 ut
613 1009 679 1050 uno
699 1009 810 1066 more,
831 1007 959 1074 unoque
980 1005 1059 1050 sono
1080 985 1227 1050 virorum
1244 997 1277 1051 et
1297 987 1347 1051 io.

255 1093 368 1136 cornua
387 1073 579 1156 proferenda
598 1073 742 1148 nomina,
764 1073 829 1155 ipse
850 1071 993 1134 nonnihit
1017 1069 1178 1133 immutata
1198 1091 1346 1155 pronun.

256 1158 331 1228 ciet,
353 1165 391 1218 at
410 1159 551 1234 Artaxer,
571 1157 753 1218 Artaxerxes
781 1156 860 1231 viee,
880 1165 939 1216 etc.
970 1153 1054 1216 hunc
1075 1153 1170 1215 modo
1195 1157 1347 1218 Constan-

257 1243 347 1316 tium,
367 1237 584 1312 Maximinum
615 1239 712 1301 modo
731 1238 980 1319 Constantinum,
1001 1237 1239 1312 Maximianum
1261 1237 1348 1299 iiluna

256 1323 311 1385 hic
323 1321 542 1408 Euphemiam,
562 1321 607 1384 ibi
619 1322 843 1406 Euthyminm3
865 1321 1001 1384 eundem
1024 1319 1133 1384 ludam
1153 1330 1185 1382 et
1206 1321 1347 1384 Eandem

257 1416 361 1482 vocet,
384 1407 424 1470 de
444 1428 509 1490 quo
531 1405 678 1468 lectiones
693 1405 808 1481 auriae,
826 1411 859 1468 et
880 1406 1095 1468 annotationes
1109 1422 1343 1489 nonnunquam.

260 1489 310 1552 10.
332 1491 406 1552 hinc
427 1511 500 1552 curu
521 1491 740 1551 testuGraeco
765 1507 829 1550 nou
849 1490 1002 1550 consentit
1023 1489 1054 1550 in
1076 1489 1252 1550 nominihus
1276 1489 1346 1571 ple·

257 1574 555 1720 matth?
575 1572 778 1718 hatita
796 1572 1202 1718 “idid‘hhi'h'iiih
1243 1571 1350 1718 ist*

259 1742 414 1818 restituat,
438 1749 471 1802 et
489 1675 618 1822 podda
637 1737 772 1802 reddere
790 1748 933 1806 conetur.
957 1737 1004 1806 19.
1028 1759 1064 1800 ex
1084 1699 1266 1801 diversia'et
1288 1740 1348 1802 ad..

259 1826 356 1888 verris
375 1825 556 1887 auctoribus
577 1822 618 1886 de
636 1823 766 1900 eodem,
798 1843 875 1884 raro
898 1823 981 1900 iicet,
1000 1821 1094 1904 ponit
1112 1822 1289 1896 contraria;
1312 1831 1349 1886 ut

259 1907 302 1971 de
319 1907 387 1970 Elia
405 1909 611 1991 Hierosolym.
629 1916 662 1968 et
672 1906 733 1972 ΕΡ,
743 1906 929 1968 Macedonio
949 1904 1151 1988 praesulibus,
1172 1927 1253 1988 quus
1276 1906 1347 1967 loco

257 1993 394 2074 proprio
416 1998 605 2054 resonantur
617 1991 648 2052 in
669 1989 893 2052 concordiam:
916 2009 1028 2050 veruna
1047 1989 1102 2073 qui
1124 1989 1348 2053 dormitantem

257 2071 381 2158 patitur
401 2073 584 2150 Homerum,
603 2072 827 2155 Theophanem
847 2073 875 2134 la
914 2095 967 2134 usn
990 2093 1054 2134 non
1075 2074 1185 2154 eriget,
1208 2081 1262 2134 aut
1283 2073 1347 2135 eius

257 2177 402 2222 errorem
422 2157 454 2218 in
476 2157 542 2219 aliis
560 2177 624 2218 nou
644 2157 803 2241 corriget?
847 2157 862 2218 1
886 2177 986 2218 .cum
1009 2155 1155 2217 nimirum
1175 2155 1346 2218 succeden-

257 2249 314 2318 tes,
334 2240 426 2304 etad
448 2241 579 2302 invicem
598 2239 800 2302 cohaerentes
828 2261 974 2302 numeros
1004 2239 1036 2298 in
1063 2239 1223 2324 saquioses
1245 2248 1347 2302 trous·

257 2326 351 2408 ponit
369 2345 482 2402 annos,
511 2345 563 2386 seu
589 2324 685 2387 etiam
716 2325 901 2387 coniunctos
921 2343 1016 2384 annos
1037 2323 1068 2384 in
1090 2321 1193 2385 dissita
1213 2323 1347 2385 canonia

259 2407 431 2472 desultoris
453 2407 620 2485 transfert,
651 2429 733 2491 qnae
760 2403 976 2488 drups'dpqnsc
1006 2427 1075 2491 pag.
1102 2405 1123 2469 6
1151 2415 1183 2469 ct
1204 2405 1222 2468 7
1243 2407 1347 2471 statim

256 2494 390 2556 occurit.
435 2492 483 2559 14.
505 2503 560 2555 aut
579 2490 681 2555 eidem
696 2492 767 2555 siro
781 2514 864 2553 nnuc
884 2492 1059 2573 pauciores,
1081 2510 1152 2551 mox
1169 2489 1274 2573 plures
1296 2492 1349 2553 di-

257 2577 353 2639 vensis
373 2576 510 2637 canoniis
531 2576 664 2659 assignat
684 2596 792 2653 anuos,
816 2574 903 2658 qnod
918 2574 951 2633 in
973 2574 1096 2637 Damasi
1117 2574 1273 2656 pontificis
1293 2596 1347 2637 ae-

257 2668 324 2721 tate
338 2681 401 2720 non
415 2680 480 2719 uno
499 2659 581 2741 loco,
595 2680 652 2721 nec
665 2659 759 2720 unico
781 2678 825 2719 ms
836 2678 898 2719 non
911 2658 976 2719 sino
997 2666 1127 2739 stupore
1149 2657 1346 2721 observatum

256 2749 315 2805 ess.
338 2742 388 2803 15.
402 2743 452 2805 rel
479 2763 551 2803 caua
570 2740 632 2802 viri
651 2740 789 2803 eiusdem
808 2740 972 2825 pauciores
987 2744 1058 2802 anui
1080 2740 1171 2824 plura
1192 2752 1349 2825 occupant

257 2826 404 2898 canonia3
434 2844 529 2909 quem
552 2844 695 2887 errorem
732 2823 887 2886 deductae
910 2843 971 2906 per
1000 2824 1347 2887 canoniorum-loculos
1409 2862 1416 2871 ·

256 2907 439 2990 Damophili
470 2930 539 2991 pag.
562 2903 604 2970 49
631 2916 663 2969 et
682 2906 858 2971 Artaxerxis
889 2928 961 2991 pag.
984 2908 1023 2969 51
1056 2918 1168 2971 aetates
1201 2929 1265 2970 non
1287 2908 1346 2971 oh·

257 3012 350 3053 seure
371 3000 515 3075 arguunt.
558 2988 608 3057 16.
626 3000 682 3052 aut
701 3012 774 3053 cum
788 3012 904 3053 summa
919 2992 1083 3075 quaepiam
1104 2993 1210 3053 aetatis
1231 3014 1347 3076 aequu-

257 3074 300 3137 les
313 3075 430 3138 locutos
443 3074 508 3139 sive
519 3076 660 3152 mnouia,
680 3074 866 3161 quibusdam
878 3075 1004 3153 omissis,
1026 3096 1089 3136 uon
1104 3074 1236 3157 accipit:
1258 3076 1346 3160 quod

256 3158 349 3241 plano
369 3168 486 3222 coacto
507 3167 540 3222 et
558 3159 678 3235 invito,
700 3180 737 3221 ex
758 3180 854 3221 manu
881 3160 1012 3221 exaratis
1034 3158 1066 3219 iu
1086 3158 1251 3220 Athanasio
1272 3178 1345 3243 pag.

258 3241 300 3304 23
320 3253 352 3304 et
371 3262 458 3326 seqq.
490 3240 727 3324 exscribendam
754 3242 827 3305 snit.
883 3242 933 3305 17.
966 3242 1014 3305 vel
1046 3239 1180 3326 deniqne
1211 3264 1343 3305 numero

257 3328 330 3387 suni
350 3325 486 3389 eiusdem
501 3327 650 3408 repetito,
669 3326 701 3387 iu
717 3347 873 3389 annorum
886 3325 998 3389 seriem
1018 3334 1118 3387 totam
1140 3325 1346 3410 (quodhtha.

256 3407 546 3493 ussii,1)emophiti
579 3419 612 3471 et
630 3412 786 3471 Artaxeris
814 3410 1020 3471 canoniorum
1072 3410 1165 3471 robat
1184 3410 1348 3493 inspectio)

256 3494 398 3555 confusio
419 3494 555 3555 infertur
571 3492 654 3555 haud
674 3488 850 3555 mediocria.
886 3492 933 3556 18.
950 3430 1196 3555 emendationem
1218 3500 1345 3577 superat

257 3596 381 3639 omnem
392 3578 483 3638 Rom.
496 3576 714 3659 episcoporum
730 3598 842 3637 nomen
854 3576 1046 3661 Frequentius
1057 3577 1209 3654 omissam,
1223 3584 1255 3639 et
1268 3584 1350 3639 aetas

259 3680 358 3744 apag.
373 3658 436 3721 908
452 3661 578 3721 anctori
600 3660 722 3741 penitus
736 3660 852 3743 ignota.
878 3658 928 3722 19.
948 3658 1149 3723 Alexandriae
1164 3660 1302 3743 quamvis
1314 3670 1348 3725 et

257 3741 443 3806 Antiochiae
453 3744 640 3826 pontificum
660 3764 784 3821 nomen,
792 3752 987 3828 aetatemque
1006 3744 1038 3803 in
1054 3742 1215 3806 haereseos
1234 3744 1348 3806 admis-

255 3848 308 3889 sae
327 3828 438 3890 odium
447 3836 480 3890 et
490 3826 668 3904 horrorem,
688 3838 760 3910 post
773 3826 922 3889 historiae
934 3826 1114 3891 umbilicum
1136 3827 1175 3890 ab
1187 3848 1226 3890 co
1248 3847 1345 3911 prae-

255 3910 351 3974 terita
366 3910 544 3974 existimem.
600 3908 653 3973 20.
685 3931 832 3973 errorum
860 3930 934 3974 sane
952 3910 1150 3991 huiusmodi,
1174 3911 1199 3971 si
1221 3930 1343 3974 canaam

258 3994 387 4073 diceret,
408 3994 586 4073 nonaliam,
605 4014 656 4057 me
676 3995 868 4075 coniectore,
891 3995 1155 4079 quamvariornm
1178 4004 1344 4057 auctorum

257 4080 450 4154 sententiam,
469 4098 679 4162 numerosque
691 4078 794 4139 varios
810 4089 984 4161 sequutum,
1008 4098 1148 4163 opusque
1171 4078 1350 4162 propriam,

259 4172 390 4244 argente
401 4162 624 4245 persecutionis
645 4162 826 4227 acceuitate
838 4182 900 4223 uon
915 4163 1111 4242 recensuisse,
1132 4162 1305 4247 proferret.
