<?xml version="1.0" encoding="UTF-8"?>
<!DOCTYPE html PUBLIC "-//W3C//DTD XHTML 1.0 Transitional//EN"
    "http://www.w3.org/TR/xhtml1/DTD/xhtml1-transitional.dtd">
<html xmlns="http://www.w3.org/1999/xhtml" xml:lang="en" lang="en">
 <head>
  <title>
</title>
<meta http-equiv="Content-Type" content="text/html;charset=utf-8" />
  <meta name='ocr-system' content='tesseract 3.04.00' />
  <meta name='ocr-capabilities' content='ocr_page ocr_carea ocr_par ocr_line ocrx_word'/>
</head>
<body>
  <div class='ocr_page' id='page_1' title='image "./corpusscriptoru34theogoog_0098.png"; bbox 0 0 3050 4900; ppageno 0'>
   <div class='ocr_carea' id='block_1_1' title="bbox 502 323 1214 395">
    <p class='ocr_par' dir='ltr' id='par_1_1' title="bbox 502 323 1214 395">
     <span class='ocr_line' id='line_1_1' title="bbox 502 323 1214 395; baseline 0.01 -7"><span class='ocrx_word' id='word_1_1' title='bbox 502 323 557 388; x_wconf 78' lang='lat' dir='ltr'><strong>EX</strong></span> <span class='ocrx_word' id='word_1_2' title='bbox 586 325 845 392; x_wconf 76' lang='grc' dir='ltr'><strong>ΤΗΕΟΡΗΑΝΕ.</strong></span> <span class='ocrx_word' id='word_1_3' title='bbox 927 373 931 380; x_wconf 84' lang='lat'><em>-</em></span> <span class='ocrx_word' id='word_1_4' title='bbox 1167 323 1214 395; x_wconf 78' lang='grc'><strong>87</strong></span> 
     </span>
    </p>
   </div>
   <div class='ocr_carea' id='block_1_2' title="bbox 33 485 1348 3818">
    <p class='ocr_par' dir='ltr' id='par_1_2' title="bbox 122 485 1348 3324">
     <span class='ocr_line' id='line_1_2' title="bbox 125 485 1218 582; baseline 0.007 -30"><span class='ocrx_word' id='word_1_5' title='bbox 125 487 252 573; x_wconf 85' lang='lat' dir='ltr'><strong>cupleus</strong></span> <span class='ocrx_word' id='word_1_6' title='bbox 272 485 344 554; x_wconf 77' lang='lat' dir='ltr'><strong>deri</strong></span> <span class='ocrx_word' id='word_1_7' title='bbox 365 485 426 562; x_wconf 82' lang='lat' dir='ltr'><strong>dur</strong></span> <span class='ocrx_word' id='word_1_8' title='bbox 444 489 652 572; x_wconf 83' lang='lat' dir='ltr'><strong>Palaestlnua,</strong></span> <span class='ocrx_word' id='word_1_9' title='bbox 680 497 838 580; x_wconf 72' lang='lat' dir='ltr'><strong>pollicitus</strong></span> <span class='ocrx_word' id='word_1_10' title='bbox 857 503 904 566; x_wconf 82' lang='lat' dir='ltr'><strong>ost</strong></span> <span class='ocrx_word' id='word_1_11' title='bbox 925 497 1133 582; x_wconf 87' lang='lat' dir='ltr'><strong>imperatorl,</strong></span> <span class='ocrx_word' id='word_1_12' title='bbox 1159 497 1218 560; x_wconf 88' lang='lat' dir='ltr'><strong>alsi</strong></span> 
     </span>
     <span class='ocr_line' id='line_1_3' title="bbox 125 573 1217 666; baseline 0.006 -30"><span class='ocrx_word' id='word_1_13' title='bbox 125 573 328 656; x_wconf 83' lang='lat' dir='ltr'><strong>persuaderet</strong></span> <span class='ocrx_word' id='word_1_14' title='bbox 350 573 478 652; x_wconf 84' lang='lat' dir='ltr'><strong>loanni,</strong></span> <span class='ocrx_word' id='word_1_15' title='bbox 505 586 578 661; x_wconf 89' lang='lat' dir='ltr'><strong>post</strong></span> <span class='ocrx_word' id='word_1_16' title='bbox 601 579 720 642; x_wconf 81' lang='lat' dir='ltr'><strong>Heliam</strong></span> <span class='ocrx_word' id='word_1_17' title='bbox 742 581 1026 666; x_wconf 83' lang='lat' dir='ltr'><strong>Hierosolymitano</strong></span> <span class='ocrx_word' id='word_1_18' title='bbox 1057 583 1217 666; x_wconf 85' lang='lat' dir='ltr'><strong>episcopo,</strong></span> 
     </span>
     <span class='ocr_line' id='line_1_4' title="bbox 125 657 1217 748; baseline 0.006 -28"><span class='ocrx_word' id='word_1_19' title='bbox 125 657 359 720; x_wconf 86' lang='lat' dir='ltr'><strong>communicare</strong></span> <span class='ocrx_word' id='word_1_20' title='bbox 381 658 517 736; x_wconf 81' lang='lat' dir='ltr'><strong>Severo,</strong></span> <span class='ocrx_word' id='word_1_21' title='bbox 549 659 624 724; x_wconf 83' lang='lat' dir='ltr'><strong>dare</strong></span> <span class='ocrx_word' id='word_1_22' title='bbox 653 673 809 728; x_wconf 87' lang='lat' dir='ltr'><strong>trecentus</strong></span> <span class='ocrx_word' id='word_1_23' title='bbox 837 666 931 727; x_wconf 90' lang='lat' dir='ltr'><strong>libras</strong></span> <span class='ocrx_word' id='word_1_24' title='bbox 963 665 1043 728; x_wconf 85' lang='lat' dir='ltr'><strong>auri.</strong></span> <span class='ocrx_word' id='word_1_25' title='bbox 1085 676 1217 748; x_wconf 87' lang='lat' dir='ltr'><strong>accepto</strong></span> 
     </span>
     <span class='ocr_line' id='line_1_5' title="bbox 123 739 1216 832; baseline 0.009 -32"><span class='ocrx_word' id='word_1_26' title='bbox 123 761 200 802; x_wconf 85' lang='lat' dir='ltr'><strong>sero</strong></span> <span class='ocrx_word' id='word_1_27' title='bbox 223 739 406 824; x_wconf 85' lang='lat' dir='ltr'><strong>principatu</strong></span> <span class='ocrx_word' id='word_1_28' title='bbox 431 743 519 804; x_wconf 85' lang='lat' dir='ltr'><strong>venit</strong></span> <span class='ocrx_word' id='word_1_29' title='bbox 543 743 811 832; x_wconf 76' lang='lat' dir='ltr'><strong>Hierosolymam,</strong></span> <span class='ocrx_word' id='word_1_30' title='bbox 844 751 1052 831; x_wconf 87' lang='lat' dir='ltr'><strong>loannemque</strong></span> <span class='ocrx_word' id='word_1_31' title='bbox 1071 749 1130 811; x_wconf 91' lang='lat' dir='ltr'><strong>sihi</strong></span> <span class='ocrx_word' id='word_1_32' title='bbox 1152 770 1216 810; x_wconf 89' lang='lat' dir='ltr'><strong>nun</strong></span> 
     </span>
     <span class='ocr_line' id='line_1_6' title="bbox 124 821 1220 916; baseline 0.005 -30"><span class='ocrx_word' id='word_1_33' title='bbox 124 821 323 886; x_wconf 79' lang='lat' dir='ltr'><strong>obedientem</strong></span> <span class='ocrx_word' id='word_1_34' title='bbox 344 823 426 888; x_wconf 88' lang='lat' dir='ltr'><strong>misit</strong></span> <span class='ocrx_word' id='word_1_35' title='bbox 447 824 479 886; x_wconf 88' lang='lat' dir='ltr'><strong>in</strong></span> <span class='ocrx_word' id='word_1_36' title='bbox 492 847 660 896; x_wconf 82' lang='lat' dir='ltr'><strong>carcerem.</strong></span> <span class='ocrx_word' id='word_1_37' title='bbox 703 831 868 893; x_wconf 87' lang='lat' dir='ltr'><strong>Zacharias</strong></span> <span class='ocrx_word' id='word_1_38' title='bbox 881 853 956 894; x_wconf 88' lang='lat' dir='ltr'><strong>veru</strong></span> <span class='ocrx_word' id='word_1_39' title='bbox 977 832 1103 916; x_wconf 86' lang='lat' dir='ltr'><strong>quidem</strong></span> <span class='ocrx_word' id='word_1_40' title='bbox 1123 833 1220 913; x_wconf 84' lang='lat' dir='ltr'><strong>prin·</strong></span> 
     </span>
     <span class='ocr_line' id='line_1_7' title="bbox 123 907 1217 998; baseline 0.004 -27"><span class='ocrx_word' id='word_1_41' title='bbox 123 927 195 988; x_wconf 80' lang='lat' dir='ltr'><strong>ceps</strong></span> <span class='ocrx_word' id='word_1_42' title='bbox 203 907 403 989; x_wconf 77' lang='lat' dir='ltr'><strong>Palaestinae,</strong></span> <span class='ocrx_word' id='word_1_43' title='bbox 425 907 485 972; x_wconf 85' lang='lat' dir='ltr'><strong>dec</strong></span> <span class='ocrx_word' id='word_1_44' title='bbox 506 912 644 972; x_wconf 89' lang='lat' dir='ltr'><strong>amabilis</strong></span> <span class='ocrx_word' id='word_1_45' title='bbox 660 913 719 992; x_wconf 81' lang='lat' dir='ltr'><strong>sir,</strong></span> <span class='ocrx_word' id='word_1_46' title='bbox 740 915 888 998; x_wconf 75' lang='lat' dir='ltr'><strong>suggessit</strong></span> <span class='ocrx_word' id='word_1_47' title='bbox 898 917 1054 998; x_wconf 86' lang='lat' dir='ltr'><strong>episcopo,</strong></span> <span class='ocrx_word' id='word_1_48' title='bbox 1076 916 1144 978; x_wconf 82' lang='lat' dir='ltr'><strong>selo</strong></span> <span class='ocrx_word' id='word_1_49' title='bbox 1165 914 1217 975; x_wconf 85' lang='lat' dir='ltr'><strong>di-</strong></span> 
     </span>
     <span class='ocr_line' id='line_1_8' title="bbox 124 989 1348 1082; baseline 0.008 -33"><span class='ocrx_word' id='word_1_50' title='bbox 124 991 198 1052; x_wconf 84' lang='lat' dir='ltr'><strong>sinn</strong></span> <span class='ocrx_word' id='word_1_51' title='bbox 222 989 343 1066; x_wconf 88' lang='lat' dir='ltr'><strong>ductus,</strong></span> <span class='ocrx_word' id='word_1_52' title='bbox 363 991 434 1052; x_wconf 88' lang='lat' dir='ltr'><strong>duci</strong></span> <span class='ocrx_word' id='word_1_53' title='bbox 456 996 698 1074; x_wconf 87' lang='lat' dir='ltr'><strong>repromittendi</strong></span> <span class='ocrx_word' id='word_1_54' title='bbox 718 1017 750 1059; x_wconf 90' lang='lat' dir='ltr'><strong>se</strong></span> <span class='ocrx_word' id='word_1_55' title='bbox 780 1019 861 1080; x_wconf 89' lang='lat' dir='ltr'><strong>quae</strong></span> <span class='ocrx_word' id='word_1_56' title='bbox 881 999 926 1060; x_wconf 90' lang='lat' dir='ltr'><strong>illi</strong></span> <span class='ocrx_word' id='word_1_57' title='bbox 946 999 1107 1082; x_wconf 88' lang='lat' dir='ltr'><strong>placerent</strong></span> <span class='ocrx_word' id='word_1_58' title='bbox 1126 1009 1218 1060; x_wconf 84' lang='lat' dir='ltr'><strong>actu·</strong></span> <span class='ocrx_word' id='word_1_59' title='bbox 1342 1073 1348 1080; x_wconf 31' lang='grc'><strong><em>,</em></strong></span> 
     </span>
     <span class='ocr_line' id='line_1_9' title="bbox 125 1073 1318 1164; baseline 0.008 -30"><span class='ocrx_word' id='word_1_60' title='bbox 125 1093 206 1150; x_wconf 87' lang='lat' dir='ltr'><strong>rum,</strong></span> <span class='ocrx_word' id='word_1_61' title='bbox 228 1073 399 1136; x_wconf 89' lang='lat' dir='ltr'><strong>dummodo</strong></span> <span class='ocrx_word' id='word_1_62' title='bbox 426 1077 645 1140; x_wconf 80' lang='lat' dir='ltr'><strong>restitueretur</strong></span> <span class='ocrx_word' id='word_1_63' title='bbox 667 1080 699 1141; x_wconf 93' lang='lat' dir='ltr'><strong>in</strong></span> <span class='ocrx_word' id='word_1_64' title='bbox 730 1079 848 1144; x_wconf 86' lang='lat' dir='ltr'><strong>throno</strong></span> <span class='ocrx_word' id='word_1_65' title='bbox 874 1101 951 1156; x_wconf 85' lang='lat' dir='ltr'><strong>sno;</strong></span> <span class='ocrx_word' id='word_1_66' title='bbox 982 1102 1045 1164; x_wconf 89' lang='lat' dir='ltr'><strong>quo</strong></span> <span class='ocrx_word' id='word_1_67' title='bbox 1062 1104 1096 1144; x_wconf 86' lang='lat' dir='ltr'><strong>sa</strong></span> <span class='ocrx_word' id='word_1_68' title='bbox 1116 1081 1253 1158; x_wconf 86' lang='lat' dir='ltr'><strong>absol-p.</strong></span> <span class='ocrx_word' id='word_1_69' title='bbox 1266 1085 1318 1146; x_wconf 80' lang='lat' dir='ltr'><strong>als</strong></span> 
     </span>
     <span class='ocr_line' id='line_1_10' title="bbox 122 1157 1217 1246; baseline 0.007 -28"><span class='ocrx_word' id='word_1_70' title='bbox 122 1165 215 1218; x_wconf 77' lang='lat' dir='ltr'><strong>vente</strong></span> <span class='ocrx_word' id='word_1_71' title='bbox 247 1175 286 1216; x_wconf 89' lang='lat' dir='ltr'><strong>ac</strong></span> <span class='ocrx_word' id='word_1_72' title='bbox 313 1157 511 1238; x_wconf 74' lang='lat' dir='ltr'><strong>restituente,</strong></span> <span class='ocrx_word' id='word_1_73' title='bbox 539 1163 677 1224; x_wconf 88' lang='lat' dir='ltr'><strong>collectis</strong></span> <span class='ocrx_word' id='word_1_74' title='bbox 698 1163 857 1226; x_wconf 82' lang='lat' dir='ltr'><strong>monachia</strong></span> <span class='ocrx_word' id='word_1_75' title='bbox 890 1166 1064 1246; x_wconf 88' lang='lat' dir='ltr'><strong>intemplo</strong></span> <span class='ocrx_word' id='word_1_76' title='bbox 1090 1165 1122 1228; x_wconf 85' lang='lat' dir='ltr'><strong>S.</strong></span> <span class='ocrx_word' id='word_1_77' title='bbox 1143 1167 1217 1226; x_wconf 85' lang='lat' dir='ltr'><strong>Ste-</strong></span> 
     </span>
     <span class='ocr_line' id='line_1_11' title="bbox 124 1239 1218 1324; baseline 0.005 -22"><span class='ocrx_word' id='word_1_78' title='bbox 124 1239 221 1322; x_wconf 89' lang='lat' dir='ltr'><strong>phani</strong></span> <span class='ocrx_word' id='word_1_79' title='bbox 243 1239 380 1302; x_wconf 89' lang='lat' dir='ltr'><strong>ascendit</strong></span> <span class='ocrx_word' id='word_1_80' title='bbox 393 1262 486 1324; x_wconf 89' lang='lat' dir='ltr'><strong>super</strong></span> <span class='ocrx_word' id='word_1_81' title='bbox 505 1245 681 1323; x_wconf 86' lang='lat' dir='ltr'><strong>ambonem,</strong></span> <span class='ocrx_word' id='word_1_82' title='bbox 703 1255 735 1308; x_wconf 87' lang='lat' dir='ltr'><strong>et</strong></span> <span class='ocrx_word' id='word_1_83' title='bbox 757 1248 1027 1324; x_wconf 78' lang='lat' dir='ltr'><strong>anathematisavit</strong></span> <span class='ocrx_word' id='word_1_84' title='bbox 1036 1249 1218 1310; x_wconf 86' lang='lat' dir='ltr'><strong>Nestorium</strong></span> 
     </span>
     <span class='ocr_line' id='line_1_12' title="bbox 123 1322 1216 1413; baseline 0.005 -27"><span class='ocrx_word' id='word_1_85' title='bbox 123 1329 156 1386; x_wconf 88' lang='lat' dir='ltr'><strong>et</strong></span> <span class='ocrx_word' id='word_1_86' title='bbox 173 1322 338 1406; x_wconf 83' lang='lat' dir='ltr'><strong>Eutychen</strong></span> <span class='ocrx_word' id='word_1_87' title='bbox 366 1336 397 1388; x_wconf 86' lang='lat' dir='ltr'><strong>et</strong></span> <span class='ocrx_word' id='word_1_88' title='bbox 419 1327 570 1388; x_wconf 88' lang='lat' dir='ltr'><strong>Severum</strong></span> <span class='ocrx_word' id='word_1_89' title='bbox 598 1339 693 1412; x_wconf 87' lang='lat' dir='ltr'><strong>atque</strong></span> <span class='ocrx_word' id='word_1_90' title='bbox 712 1330 896 1410; x_wconf 85' lang='lat' dir='ltr'><strong>Soterinm,</strong></span> <span class='ocrx_word' id='word_1_91' title='bbox 916 1333 1123 1413; x_wconf 73' lang='lat' dir='ltr'><strong>pronuntians</strong></span> <span class='ocrx_word' id='word_1_92' title='bbox 1143 1353 1216 1392; x_wconf 89' lang='lat' dir='ltr'><strong>san.</strong></span> 
     </span>
     <span class='ocr_line' id='line_1_13' title="bbox 123 1407 1217 1506; baseline 0.004 -36"><span class='ocrx_word' id='word_1_93' title='bbox 123 1414 187 1470; x_wconf 80' lang='lat' dir='ltr'><strong>ctas</strong></span> <span class='ocrx_word' id='word_1_94' title='bbox 208 1415 242 1468; x_wconf 86' lang='lat' dir='ltr'><strong>et</strong></span> <span class='ocrx_word' id='word_1_95' title='bbox 262 1407 446 1470; x_wconf 82' lang='lat' dir='ltr'><strong>universales</strong></span> <span class='ocrx_word' id='word_1_96' title='bbox 469 1418 621 1506; x_wconf 77' lang='lat' dir='ltr'><strong>quattuor</strong></span> <span class='ocrx_word' id='word_1_97' title='bbox 641 1413 786 1495; x_wconf 83' lang='lat' dir='ltr'><strong>synodos.</strong></span> <span class='ocrx_word' id='word_1_98' title='bbox 836 1413 947 1475; x_wconf 88' lang='lat' dir='ltr'><strong>aderat</strong></span> <span class='ocrx_word' id='word_1_99' title='bbox 965 1426 1070 1477; x_wconf 88' lang='lat' dir='ltr'><strong>autem</strong></span> <span class='ocrx_word' id='word_1_100' title='bbox 1093 1425 1125 1477; x_wconf 85' lang='lat' dir='ltr'><strong>et</strong></span> <span class='ocrx_word' id='word_1_101' title='bbox 1148 1415 1217 1497; x_wconf 80' lang='lat' dir='ltr'><strong>fly-</strong></span> 
     </span>
     <span class='ocr_line' id='line_1_14' title="bbox 122 1489 1218 1575; baseline 0.007 -25"><span class='ocrx_word' id='word_1_102' title='bbox 122 1489 225 1572; x_wconf 80' lang='lat' dir='ltr'><strong>patius</strong></span> <span class='ocrx_word' id='word_1_103' title='bbox 247 1490 326 1552; x_wconf 89' lang='lat' dir='ltr'><strong>lilius</strong></span> <span class='ocrx_word' id='word_1_104' title='bbox 348 1491 453 1553; x_wconf 87' lang='lat' dir='ltr'><strong>fratris</strong></span> <span class='ocrx_word' id='word_1_105' title='bbox 481 1499 699 1575; x_wconf 79' lang='lat' dir='ltr'><strong>imperatoris,</strong></span> <span class='ocrx_word' id='word_1_106' title='bbox 736 1518 800 1558; x_wconf 91' lang='lat' dir='ltr'><strong>non</strong></span> <span class='ocrx_word' id='word_1_107' title='bbox 827 1498 1057 1558; x_wconf 78' lang='lat' dir='ltr'><strong>communicans</strong></span> <span class='ocrx_word' id='word_1_108' title='bbox 1086 1499 1218 1559; x_wconf 88' lang='lat' dir='ltr'><strong>omnino</strong></span> 
     </span>
     <span class='ocr_line' id='line_1_15' title="bbox 123 1573 1217 1658; baseline 0.006 -25"><span class='ocrx_word' id='word_1_109' title='bbox 123 1573 250 1636; x_wconf 86' lang='lat' dir='ltr'><strong>Severo.</strong></span> <span class='ocrx_word' id='word_1_110' title='bbox 272 1573 324 1634; x_wconf 92' lang='lat' dir='ltr'><strong>hic</strong></span> <span class='ocrx_word' id='word_1_111' title='bbox 344 1595 415 1636; x_wconf 90' lang='lat' dir='ltr'><strong>cum</strong></span> <span class='ocrx_word' id='word_1_112' title='bbox 430 1583 505 1636; x_wconf 88' lang='lat' dir='ltr'><strong>tnnc</strong></span> <span class='ocrx_word' id='word_1_113' title='bbox 525 1581 772 1643; x_wconf 81' lang='lat' dir='ltr'><strong>communicaret</strong></span> <span class='ocrx_word' id='word_1_114' title='bbox 793 1580 912 1658; x_wconf 88' lang='lat' dir='ltr'><strong>loanni,</strong></span> <span class='ocrx_word' id='word_1_115' title='bbox 935 1581 1005 1642; x_wconf 88' lang='lat' dir='ltr'><strong>auri</strong></span> <span class='ocrx_word' id='word_1_116' title='bbox 1027 1580 1121 1642; x_wconf 86' lang='lat' dir='ltr'><strong>libras</strong></span> <span class='ocrx_word' id='word_1_117' title='bbox 1141 1601 1217 1640; x_wconf 88' lang='lat' dir='ltr'><strong>cen·</strong></span> 
     </span>
     <span class='ocr_line' id='line_1_16' title="bbox 123 1655 1214 1744; baseline 0.005 -28"><span class='ocrx_word' id='word_1_118' title='bbox 123 1664 191 1716; x_wconf 87' lang='lat' dir='ltr'><strong>tum</strong></span> <span class='ocrx_word' id='word_1_119' title='bbox 211 1655 299 1718; x_wconf 86' lang='lat' dir='ltr'><strong>dedit</strong></span> <span class='ocrx_word' id='word_1_120' title='bbox 319 1657 352 1718; x_wconf 90' lang='lat' dir='ltr'><strong>S.</strong></span> <span class='ocrx_word' id='word_1_121' title='bbox 378 1657 581 1734; x_wconf 85' lang='lat' dir='ltr'><strong>Theodosio,</strong></span> <span class='ocrx_word' id='word_1_122' title='bbox 602 1661 656 1744; x_wconf 90' lang='lat' dir='ltr'><strong>qui</strong></span> <span class='ocrx_word' id='word_1_123' title='bbox 677 1673 745 1726; x_wconf 86' lang='lat' dir='ltr'><strong>erat</strong></span> <span class='ocrx_word' id='word_1_124' title='bbox 768 1660 918 1725; x_wconf 85' lang='lat' dir='ltr'><strong>exarchus</strong></span> <span class='ocrx_word' id='word_1_125' title='bbox 938 1663 1214 1737; x_wconf 84' lang='lat' dir='ltr'><strong>monasteriorum,</strong></span> 
     </span>
     <span class='ocr_line' id='line_1_17' title="bbox 123 1737 1218 1830; baseline 0.005 -30"><span class='ocrx_word' id='word_1_126' title='bbox 123 1737 162 1800; x_wconf 86' lang='lat' dir='ltr'><strong>ad</strong></span> <span class='ocrx_word' id='word_1_127' title='bbox 195 1739 444 1804; x_wconf 86' lang='lat' dir='ltr'><strong>distribuendum</strong></span> <span class='ocrx_word' id='word_1_128' title='bbox 476 1741 529 1804; x_wconf 88' lang='lat' dir='ltr'><strong>has</strong></span> <span class='ocrx_word' id='word_1_129' title='bbox 560 1744 718 1807; x_wconf 88' lang='lat' dir='ltr'><strong>monachis</strong></span> <span class='ocrx_word' id='word_1_130' title='bbox 750 1747 806 1830; x_wconf 90' lang='lat' dir='ltr'><strong>qui</strong></span> <span class='ocrx_word' id='word_1_131' title='bbox 836 1755 942 1810; x_wconf 81' lang='lat' dir='ltr'><strong>ructas</strong></span> <span class='ocrx_word' id='word_1_132' title='bbox 971 1745 1045 1808; x_wconf 87' lang='lat' dir='ltr'><strong>lidei</strong></span> <span class='ocrx_word' id='word_1_133' title='bbox 1072 1755 1164 1808; x_wconf 81' lang='lat' dir='ltr'><strong>eraut</strong></span> <span class='ocrx_word' id='word_1_134' title='bbox 1183 1751 1218 1806; x_wconf 84' lang='lat' dir='ltr'><strong>et</strong></span> 
     </span>
     <span class='ocr_line' id='line_1_18' title="bbox 123 1821 1217 1912; baseline 0.002 -26"><span class='ocrx_word' id='word_1_135' title='bbox 123 1821 380 1886; x_wconf 82' lang='lat' dir='ltr'><strong>Chalcedonensis</strong></span> <span class='ocrx_word' id='word_1_136' title='bbox 412 1825 537 1886; x_wconf 90' lang='lat' dir='ltr'><strong>concilii</strong></span> <span class='ocrx_word' id='word_1_137' title='bbox 571 1828 638 1890; x_wconf 84' lang='lat' dir='ltr'><strong>selo</strong></span> <span class='ocrx_word' id='word_1_138' title='bbox 678 1830 851 1892; x_wconf 85' lang='lat' dir='ltr'><strong>fervebant.</strong></span> <span class='ocrx_word' id='word_1_139' title='bbox 909 1831 1086 1912; x_wconf 86' lang='lat' dir='ltr'><strong>imperator</strong></span> <span class='ocrx_word' id='word_1_140' title='bbox 1109 1838 1217 1890; x_wconf 89' lang='lat' dir='ltr'><strong>antem</strong></span> 
     </span>
     <span class='ocr_line' id='line_1_19' title="bbox 122 1904 1215 2050; baseline 0.006 -85"><span class='ocrx_word' id='word_1_141' title='bbox 122 1904 275 2050; x_wconf 67' lang='lat' dir='ltr'><strong>puosdsm</strong></span> <span class='ocrx_word' id='word_1_142' title='bbox 306 1928 342 1970; x_wconf 80' lang='lat' dir='ltr'><strong>es</strong></span> <span class='ocrx_word' id='word_1_143' title='bbox 376 1907 571 1992; x_wconf 88' lang='lat' dir='ltr'><strong>principibus</strong></span> <span class='ocrx_word' id='word_1_144' title='bbox 596 1912 760 1996; x_wconf 85' lang='lat' dir='ltr'><strong>praecepit</strong></span> <span class='ocrx_word' id='word_1_145' title='bbox 789 1913 964 1995; x_wconf 88' lang='lat' dir='ltr'><strong>intemplo</strong></span> <span class='ocrx_word' id='word_1_146' title='bbox 993 1913 1025 1974; x_wconf 85' lang='lat' dir='ltr'><strong>S.</strong></span> <span class='ocrx_word' id='word_1_147' title='bbox 1053 1910 1215 1973; x_wconf 80' lang='lat' dir='ltr'><strong>Theodori</strong></span> 
     </span>
     <span class='ocr_line' id='line_1_20' title="bbox 144 1988 1215 2078; baseline 0.005 -28"><span class='ocrx_word' id='word_1_148' title='bbox 144 1988 288 2071; x_wconf 83' lang='lat' dir='ltr'><strong>phoracii</strong></span> <span class='ocrx_word' id='word_1_149' title='bbox 307 2011 402 2072; x_wconf 87' lang='lat' dir='ltr'><strong>super</strong></span> <span class='ocrx_word' id='word_1_150' title='bbox 425 1991 590 2054; x_wconf 80' lang='lat' dir='ltr'><strong>umbonem</strong></span> <span class='ocrx_word' id='word_1_151' title='bbox 624 1995 740 2078; x_wconf 78' lang='lat' dir='ltr'><strong>trisagii</strong></span> <span class='ocrx_word' id='word_1_152' title='bbox 770 1996 1017 2058; x_wconf 84' lang='lat' dir='ltr'><strong>additamentum</strong></span> <span class='ocrx_word' id='word_1_153' title='bbox 1040 1993 1215 2072; x_wconf 84' lang='lat' dir='ltr'><strong>admittere,</strong></span> 
     </span>
     <span class='ocr_line' id='line_1_21' title="bbox 123 2071 1215 2161; baseline 0.006 -29"><span class='ocrx_word' id='word_1_154' title='bbox 123 2071 167 2132; x_wconf 80' lang='lat' dir='ltr'><strong>lta</strong></span> <span class='ocrx_word' id='word_1_155' title='bbox 187 2082 225 2135; x_wconf 89' lang='lat' dir='ltr'><strong>ut</strong></span> <span class='ocrx_word' id='word_1_156' title='bbox 245 2071 458 2138; x_wconf 87' lang='lat' dir='ltr'><strong>multitudines</strong></span> <span class='ocrx_word' id='word_1_157' title='bbox 480 2075 657 2158; x_wconf 78' lang='lat' dir='ltr'><strong>indignatae</strong></span> <span class='ocrx_word' id='word_1_158' title='bbox 679 2099 738 2160; x_wconf 89' lang='lat' dir='ltr'><strong>per</strong></span> <span class='ocrx_word' id='word_1_159' title='bbox 766 2080 849 2142; x_wconf 79' lang='lat' dir='ltr'><strong>diens</strong></span> <span class='ocrx_word' id='word_1_160' title='bbox 871 2078 1002 2142; x_wconf 88' lang='lat' dir='ltr'><strong>letaniae</strong></span> <span class='ocrx_word' id='word_1_161' title='bbox 1017 2078 1102 2140; x_wconf 91' lang='lat' dir='ltr'><strong>illinc</strong></span> <span class='ocrx_word' id='word_1_162' title='bbox 1123 2097 1215 2161; x_wconf 78' lang='lat' dir='ltr'><strong>egre·</strong></span> 
     </span>
     <span class='ocr_line' id='line_1_22' title="bbox 123 2155 1216 2261; baseline 0.003 -43"><span class='ocrx_word' id='word_1_163' title='bbox 123 2155 287 2232; x_wconf 79' lang='lat' dir='ltr'><strong>durentur,</strong></span> <span class='ocrx_word' id='word_1_164' title='bbox 309 2155 433 2254; x_wconf 67' lang='lat' dir='ltr'><strong>quaudo</strong></span> <span class='ocrx_word' id='word_1_165' title='bbox 462 2160 722 2259; x_wconf 40' lang='lat' dir='ltr'><strong>etuTimothcum·</strong></span> <span class='ocrx_word' id='word_1_166' title='bbox 749 2183 810 2260; x_wconf 73' lang='lat' dir='ltr'><strong>per</strong></span> <span class='ocrx_word' id='word_1_167' title='bbox 838 2162 1116 2261; x_wconf 70' lang='lat' dir='ltr'><strong>cummuniturium</strong></span> <span class='ocrx_word' id='word_1_168' title='bbox 1136 2160 1216 2222; x_wconf 91' lang='lat' dir='ltr'><strong>scri·</strong></span> 
     </span>
     <span class='ocr_line' id='line_1_23' title="bbox 123 2240 1217 2410; baseline 0.005 -27"><span class='ocrx_word' id='word_1_169' title='bbox 123 2240 539 2400; x_wconf 61' lang='lat' dir='ltr'><strong>ltttttlttlltlf</strong></span> <span class='ocrx_word' id='word_1_170' title='bbox 555 2253 744 2410; x_wconf 65' lang='lat' dir='ltr'><strong>,llttflll</strong></span> <span class='ocrx_word' id='word_1_171' title='bbox 764 2254 936 2392; x_wconf 64' lang='lat' dir='ltr'><strong>ttttlt</strong></span> <span class='ocrx_word' id='word_1_172' title='bbox 948 2247 1122 2390; x_wconf 65' lang='lat' dir='ltr'><strong>ltltlll&#39;</strong></span> <span class='ocrx_word' id='word_1_173' title='bbox 1142 2264 1217 2388; x_wconf 67' lang='lat'><strong>3¹:¹3</strong></span> 
     </span>
     <span class='ocr_line' id='line_1_24' title="bbox 124 2405 1216 2494; baseline 0.006 -27"><span class='ocrx_word' id='word_1_174' title='bbox 124 2405 215 2469; x_wconf 86' lang='lat' dir='ltr'><strong>nachi</strong></span> <span class='ocrx_word' id='word_1_175' title='bbox 247 2426 323 2469; x_wconf 85' lang='lat' dir='ltr'><strong>sero</strong></span> <span class='ocrx_word' id='word_1_176' title='bbox 345 2407 439 2471; x_wconf 87' lang='lat' dir='ltr'><strong>alium</strong></span> <span class='ocrx_word' id='word_1_177' title='bbox 462 2407 613 2492; x_wconf 89' lang='lat' dir='ltr'><strong>psalmum</strong></span> <span class='ocrx_word' id='word_1_178' title='bbox 643 2409 805 2494; x_wconf 88' lang='lat' dir='ltr'><strong>psallendo</strong></span> <span class='ocrx_word' id='word_1_179' title='bbox 828 2421 993 2474; x_wconf 83' lang='lat' dir='ltr'><strong>venerunt.</strong></span> <span class='ocrx_word' id='word_1_180' title='bbox 1034 2409 1091 2471; x_wconf 90' lang='lat' dir='ltr'><strong>bos</strong></span> <span class='ocrx_word' id='word_1_181' title='bbox 1111 2420 1216 2473; x_wconf 85' lang='lat' dir='ltr'><strong>autem</strong></span> 
     </span>
     <span class='ocr_line' id='line_1_25' title="bbox 124 2488 1216 2573; baseline -0.002 -20"><span class='ocrx_word' id='word_1_182' title='bbox 124 2488 259 2573; x_wconf 77' lang='lat' dir='ltr'><strong>pupillus</strong></span> <span class='ocrx_word' id='word_1_183' title='bbox 281 2488 386 2555; x_wconf 85' lang='lat' dir='ltr'><strong>videns</strong></span> <span class='ocrx_word' id='word_1_184' title='bbox 416 2491 560 2555; x_wconf 88' lang='lat' dir='ltr'><strong>clamavit</strong></span> <span class='ocrx_word' id='word_1_185' title='bbox 590 2492 688 2555; x_wconf 87' lang='lat' dir='ltr'><strong>“benc</strong></span> <span class='ocrx_word' id='word_1_186' title='bbox 713 2504 870 2557; x_wconf 82' lang='lat' dir='ltr'><strong>venerunt</strong></span> <span class='ocrx_word' id='word_1_187' title='bbox 891 2492 1089 2567; x_wconf 84' lang='lat' dir='ltr'><strong>orthodoxi,”</strong></span> <span class='ocrx_word' id='word_1_188' title='bbox 1106 2491 1216 2553; x_wconf 85' lang='lat' dir='ltr'><strong>simul-</strong></span> 
     </span>
     <span class='ocr_line' id='line_1_26' title="bbox 124 2574 1217 2656; baseline -0.001 -22"><span class='ocrx_word' id='word_1_189' title='bbox 124 2581 231 2656; x_wconf 85' lang='lat' dir='ltr'><strong>tasque</strong></span> <span class='ocrx_word' id='word_1_190' title='bbox 252 2574 349 2635; x_wconf 88' lang='lat' dir='ltr'><strong>multu</strong></span> <span class='ocrx_word' id='word_1_191' title='bbox 370 2576 449 2637; x_wconf 87' lang='lat' dir='ltr'><strong>facta</strong></span> <span class='ocrx_word' id='word_1_192' title='bbox 472 2584 570 2639; x_wconf 89' lang='lat' dir='ltr'><strong>estet</strong></span> <span class='ocrx_word' id='word_1_193' title='bbox 592 2574 768 2639; x_wconf 88' lang='lat' dir='ltr'><strong>incendium</strong></span> <span class='ocrx_word' id='word_1_194' title='bbox 798 2576 968 2639; x_wconf 86' lang='lat' dir='ltr'><strong>domorum</strong></span> <span class='ocrx_word' id='word_1_195' title='bbox 988 2575 1157 2635; x_wconf 88' lang='lat' dir='ltr'><strong>multarum</strong></span> <span class='ocrx_word' id='word_1_196' title='bbox 1178 2594 1217 2633; x_wconf 87' lang='lat' dir='ltr'><strong>ac</strong></span> 
     </span>
     <span class='ocr_line' id='line_1_27' title="bbox 123 2654 1312 2741; baseline -0.001 -24"><span class='ocrx_word' id='word_1_197' title='bbox 123 2654 293 2719; x_wconf 87' lang='lat' dir='ltr'><strong>homicidia</strong></span> <span class='ocrx_word' id='word_1_198' title='bbox 314 2654 392 2719; x_wconf 89' lang='lat' dir='ltr'><strong>dena</strong></span> <span class='ocrx_word' id='word_1_199' title='bbox 412 2658 506 2737; x_wconf 88' lang='lat' dir='ltr'><strong>milia,</strong></span> <span class='ocrx_word' id='word_1_200' title='bbox 527 2658 622 2721; x_wconf 86' lang='lat' dir='ltr'><strong>turha</strong></span> <span class='ocrx_word' id='word_1_201' title='bbox 644 2660 839 2721; x_wconf 81' lang='lat' dir='ltr'><strong>vociferante</strong></span> <span class='ocrx_word' id='word_1_202' title='bbox 858 2658 1002 2721; x_wconf 85' lang='lat' dir='ltr'><strong>adversus</strong></span> <span class='ocrx_word' id='word_1_203' title='bbox 1023 2656 1312 2741; x_wconf 73' lang='lat' dir='ltr'><strong>Anastasiump.240</strong></span> 
     </span>
     <span class='ocr_line' id='line_1_28' title="bbox 124 2739 1214 2826; baseline -0.004 -23"><span class='ocrx_word' id='word_1_204' title='bbox 124 2750 154 2803; x_wconf 89' lang='lat' dir='ltr'><strong>et</strong></span> <span class='ocrx_word' id='word_1_205' title='bbox 175 2739 368 2803; x_wconf 79' lang='lat' dir='ltr'><strong>Vitalianum</strong></span> <span class='ocrx_word' id='word_1_206' title='bbox 389 2742 612 2823; x_wconf 87' lang='lat' dir='ltr'><strong>imperatorem</strong></span> <span class='ocrx_word' id='word_1_207' title='bbox 633 2752 770 2824; x_wconf 90' lang='lat' dir='ltr'><strong>petente,</strong></span> <span class='ocrx_word' id='word_1_208' title='bbox 790 2744 833 2805; x_wconf 90' lang='lat' dir='ltr'><strong>ita</strong></span> <span class='ocrx_word' id='word_1_209' title='bbox 849 2754 885 2805; x_wconf 90' lang='lat' dir='ltr'><strong>ut</strong></span> <span class='ocrx_word' id='word_1_210' title='bbox 904 2744 1028 2826; x_wconf 82' lang='lat' dir='ltr'><strong>fugeret</strong></span> <span class='ocrx_word' id='word_1_211' title='bbox 1040 2739 1214 2802; x_wconf 79' lang='lat' dir='ltr'><strong>Anastasius</strong></span> 
     </span>
     <span class='ocr_line' id='line_1_29' title="bbox 124 2822 1214 2968; baseline -0.001 -83"><span class='ocrx_word' id='word_1_212' title='bbox 124 2831 156 2885; x_wconf 81' lang='lat' dir='ltr'><strong>et</strong></span> <span class='ocrx_word' id='word_1_213' title='bbox 173 2822 326 2904; x_wconf 84' lang='lat' dir='ltr'><strong>latitaret,</strong></span> <span class='ocrx_word' id='word_1_214' title='bbox 348 2824 387 2885; x_wconf 89' lang='lat' dir='ltr'><strong>ab</strong></span> <span class='ocrx_word' id='word_1_215' title='bbox 417 2825 544 2968; x_wconf 73' lang='lat' dir='ltr'><strong>ipsapue</strong></span> <span class='ocrx_word' id='word_1_216' title='bbox 568 2826 712 2888; x_wconf 81' lang='lat' dir='ltr'><strong>Arcados</strong></span> <span class='ocrx_word' id='word_1_217' title='bbox 744 2826 938 2889; x_wconf 86' lang='lat' dir='ltr'><strong>laceraretur</strong></span> <span class='ocrx_word' id='word_1_218' title='bbox 958 2824 1080 2887; x_wconf 87' lang='lat' dir='ltr'><strong>iniuriis</strong></span> <span class='ocrx_word' id='word_1_219' title='bbox 1100 2833 1214 2905; x_wconf 85' lang='lat' dir='ltr'><strong>utpote</strong></span> 
     </span>
     <span class='ocr_line' id='line_1_30' title="bbox 123 2906 1213 2971; baseline 0.002 -4"><span class='ocrx_word' id='word_1_220' title='bbox 123 2906 297 2968; x_wconf 87' lang='lat' dir='ltr'><strong>multorum</strong></span> <span class='ocrx_word' id='word_1_221' title='bbox 329 2928 419 2969; x_wconf 87' lang='lat' dir='ltr'><strong>causa</strong></span> <span class='ocrx_word' id='word_1_222' title='bbox 439 2930 488 2969; x_wconf 91' lang='lat' dir='ltr'><strong>ma</strong></span> <span class='ocrx_word' id='word_1_223' title='bbox 502 2929 593 2970; x_wconf 89' lang='lat' dir='ltr'><strong>orum</strong></span> <span class='ocrx_word' id='word_1_224' title='bbox 614 2910 794 2971; x_wconf 88' lang='lat' dir='ltr'><strong>Christianis</strong></span> <span class='ocrx_word' id='word_1_225' title='bbox 824 2911 961 2971; x_wconf 80' lang='lat' dir='ltr'><strong>effectus.</strong></span> <span class='ocrx_word' id='word_1_226' title='bbox 1003 2908 1213 2970; x_wconf 78' lang='lat' dir='ltr'><strong>hlamundaru</strong></span> 
     </span>
     <span class='ocr_line' id='line_1_31' title="bbox 124 2990 1213 3075; baseline -0.002 -25"><span class='ocrx_word' id='word_1_227' title='bbox 124 2998 227 3051; x_wconf 88' lang='lat' dir='ltr'><strong>autem</strong></span> <span class='ocrx_word' id='word_1_228' title='bbox 247 2990 391 3072; x_wconf 90' lang='lat' dir='ltr'><strong>principe</strong></span> <span class='ocrx_word' id='word_1_229' title='bbox 420 2992 648 3054; x_wconf 86' lang='lat' dir='ltr'><strong>Saracenorum</strong></span> <span class='ocrx_word' id='word_1_230' title='bbox 669 2993 768 3075; x_wconf 80' lang='lat' dir='ltr'><strong>gentis</strong></span> <span class='ocrx_word' id='word_1_231' title='bbox 790 2993 961 3075; x_wconf 84' lang='lat' dir='ltr'><strong>baptisato,</strong></span> <span class='ocrx_word' id='word_1_232' title='bbox 985 2994 1116 3055; x_wconf 87' lang='lat' dir='ltr'><strong>Severus</strong></span> <span class='ocrx_word' id='word_1_233' title='bbox 1136 2990 1213 3052; x_wconf 89' lang='lat' dir='ltr'><strong>duos</strong></span> 
     </span>
     <span class='ocr_line' id='line_1_32' title="bbox 123 3073 1214 3157; baseline -0.001 -24"><span class='ocrx_word' id='word_1_234' title='bbox 123 3074 227 3155; x_wconf 85' lang='lat' dir='ltr'><strong>episco</strong></span> <span class='ocrx_word' id='word_1_235' title='bbox 252 3094 286 3135; x_wconf 87' lang='lat' dir='ltr'><strong>os</strong></span> <span class='ocrx_word' id='word_1_236' title='bbox 306 3073 426 3137; x_wconf 86' lang='lat' dir='ltr'><strong>macula</strong></span> <span class='ocrx_word' id='word_1_237' title='bbox 447 3096 521 3139; x_wconf 85' lang='lat' dir='ltr'><strong>suae</strong></span> <span class='ocrx_word' id='word_1_238' title='bbox 542 3076 704 3157; x_wconf 81' lang='lat' dir='ltr'><strong>pravitatis</strong></span> <span class='ocrx_word' id='word_1_239' title='bbox 736 3076 867 3141; x_wconf 77' lang='lat' dir='ltr'><strong>inlectos</strong></span> <span class='ocrx_word' id='word_1_240' title='bbox 887 3074 1001 3138; x_wconf 80' lang='lat' dir='ltr'><strong>direxit</strong></span> <span class='ocrx_word' id='word_1_241' title='bbox 1020 3074 1051 3136; x_wconf 87' lang='lat' dir='ltr'><strong>ei</strong></span> <span class='ocrx_word' id='word_1_242' title='bbox 1072 3094 1214 3135; x_wconf 89' lang='lat' dir='ltr'><strong>commu-</strong></span> 
     </span>
     <span class='ocr_line' id='line_1_33' title="bbox 124 3154 1214 3240; baseline -0.002 -23"><span class='ocrx_word' id='word_1_243' title='bbox 124 3157 213 3217; x_wconf 91' lang='lat' dir='ltr'><strong>nican</strong></span> <span class='ocrx_word' id='word_1_244' title='bbox 238 3156 258 3218; x_wconf 77' lang='lat' dir='ltr'><strong>i.</strong></span> <span class='ocrx_word' id='word_1_245' title='bbox 299 3157 351 3219; x_wconf 91' lang='lat' dir='ltr'><strong>dei</strong></span> <span class='ocrx_word' id='word_1_246' title='bbox 373 3168 478 3221; x_wconf 82' lang='lat' dir='ltr'><strong>autem</strong></span> <span class='ocrx_word' id='word_1_247' title='bbox 497 3158 696 3240; x_wconf 80' lang='lat' dir='ltr'><strong>providentia</strong></span> <span class='ocrx_word' id='word_1_248' title='bbox 730 3159 784 3221; x_wconf 91' lang='lat' dir='ltr'><strong>ille</strong></span> <span class='ocrx_word' id='word_1_249' title='bbox 805 3160 845 3222; x_wconf 85' lang='lat' dir='ltr'><strong>ab</strong></span> <span class='ocrx_word' id='word_1_250' title='bbox 868 3157 1050 3221; x_wconf 83' lang='lat' dir='ltr'><strong>orthodoxis</strong></span> <span class='ocrx_word' id='word_1_251' title='bbox 1072 3154 1214 3237; x_wconf 82' lang='lat' dir='ltr'><strong>baptisa-</strong></span> 
     </span>
     <span class='ocr_line' id='line_1_34' title="bbox 125 3237 1214 3324; baseline -0.006 -23"><span class='ocrx_word' id='word_1_252' title='bbox 125 3248 171 3301; x_wconf 89' lang='lat' dir='ltr'><strong>tus</strong></span> <span class='ocrx_word' id='word_1_253' title='bbox 192 3240 307 3317; x_wconf 87' lang='lat' dir='ltr'><strong>fuerat,</strong></span> <span class='ocrx_word' id='word_1_254' title='bbox 340 3240 395 3324; x_wconf 86' lang='lat' dir='ltr'><strong>qui</strong></span> <span class='ocrx_word' id='word_1_255' title='bbox 419 3242 613 3323; x_wconf 86' lang='lat' dir='ltr'><strong>recipiebant</strong></span> <span class='ocrx_word' id='word_1_256' title='bbox 630 3241 806 3304; x_wconf 90' lang='lat' dir='ltr'><strong>concilium.</strong></span> <span class='ocrx_word' id='word_1_257' title='bbox 861 3263 995 3323; x_wconf 88' lang='lat' dir='ltr'><strong>cumque</strong></span> <span class='ocrx_word' id='word_1_258' title='bbox 1019 3240 1124 3301; x_wconf 87' lang='lat' dir='ltr'><strong>Severi</strong></span> <span class='ocrx_word' id='word_1_259' title='bbox 1146 3237 1214 3319; x_wconf 87' lang='lat' dir='ltr'><strong>epi.</strong></span> 
     </span>
    </p>

    <p class='ocr_par' dir='ltr' id='par_1_3' title="bbox 33 3320 1329 3818">
     <span class='ocr_line' id='line_1_35' title="bbox 33 3320 1213 3407; baseline -0.002 -24"><span class='ocrx_word' id='word_1_260' title='bbox 33 3372 36 3380; x_wconf 43' lang='lat'><em>2</em></span> <span class='ocrx_word' id='word_1_261' title='bbox 123 3323 209 3404; x_wconf 89' lang='lat' dir='ltr'><strong>scopi</strong></span> <span class='ocrx_word' id='word_1_262' title='bbox 228 3323 414 3387; x_wconf 87' lang='lat' dir='ltr'><strong>subvertere</strong></span> <span class='ocrx_word' id='word_1_263' title='bbox 443 3324 619 3407; x_wconf 89' lang='lat' dir='ltr'><strong>principem</strong></span> <span class='ocrx_word' id='word_1_264' title='bbox 638 3348 656 3387; x_wconf 88' lang='lat' dir='ltr'><strong>a</strong></span> <span class='ocrx_word' id='word_1_265' title='bbox 675 3346 750 3386; x_wconf 90' lang='lat' dir='ltr'><strong>vero</strong></span> <span class='ocrx_word' id='word_1_266' title='bbox 774 3324 918 3407; x_wconf 78' lang='lat' dir='ltr'><strong>dogmate</strong></span> <span class='ocrx_word' id='word_1_267' title='bbox 938 3323 1133 3398; x_wconf 84' lang='lat' dir='ltr'><strong>festinarent,</strong></span> <span class='ocrx_word' id='word_1_268' title='bbox 1151 3320 1213 3381; x_wconf 86' lang='lat' dir='ltr'><strong>mi-</strong></span> 
     </span>
     <span class='ocr_line' id='line_1_36' title="bbox 121 3404 1215 3489; baseline -0.006 -20"><span class='ocrx_word' id='word_1_269' title='bbox 121 3405 265 3469; x_wconf 88' lang='lat' dir='ltr'><strong>rabiliter</strong></span> <span class='ocrx_word' id='word_1_270' title='bbox 292 3428 344 3469; x_wconf 90' lang='lat' dir='ltr'><strong>eos</strong></span> <span class='ocrx_word' id='word_1_271' title='bbox 379 3408 483 3489; x_wconf 79' lang='lat' dir='ltr'><strong>arguit</strong></span> <span class='ocrx_word' id='word_1_272' title='bbox 512 3406 736 3469; x_wconf 82' lang='lat' dir='ltr'><strong>hlamundarns</strong></span> <span class='ocrx_word' id='word_1_273' title='bbox 771 3405 982 3469; x_wconf 82' lang='lat' dir='ltr'><strong>huiuscemodi</strong></span> <span class='ocrx_word' id='word_1_274' title='bbox 1014 3406 1127 3468; x_wconf 85' lang='lat' dir='ltr'><strong>fabula.</strong></span> <span class='ocrx_word' id='word_1_275' title='bbox 1169 3404 1215 3464; x_wconf 90' lang='lat' dir='ltr'><strong>ait</strong></span> 
     </span>
     <span class='ocr_line' id='line_1_37' title="bbox 119 3486 1212 3575; baseline -0.007 -22"><span class='ocrx_word' id='word_1_276' title='bbox 119 3488 205 3553; x_wconf 83' lang='lat' dir='ltr'><strong>enim</strong></span> <span class='ocrx_word' id='word_1_277' title='bbox 220 3489 260 3551; x_wconf 89' lang='lat' dir='ltr'><strong>ud</strong></span> <span class='ocrx_word' id='word_1_278' title='bbox 281 3490 367 3552; x_wconf 85' lang='lat' dir='ltr'><strong>illos:</strong></span> <span class='ocrx_word' id='word_1_279' title='bbox 391 3491 558 3553; x_wconf 85' lang='lat' dir='ltr'><strong>“litteras&#39;&#39;</strong></span> <span class='ocrx_word' id='word_1_280' title='bbox 588 3490 690 3575; x_wconf 87' lang='lat' dir='ltr'><strong>iuquit</strong></span> <span class='ocrx_word' id='word_1_281' title='bbox 715 3490 843 3573; x_wconf 85' lang='lat' dir='ltr'><strong>“accepi</strong></span> <span class='ocrx_word' id='word_1_282' title='bbox 865 3488 971 3568; x_wconf 81' lang='lat' dir='ltr'><strong>hodie,</strong></span> <span class='ocrx_word' id='word_1_283' title='bbox 992 3489 1066 3573; x_wconf 86' lang='lat' dir='ltr'><strong>quia</strong></span> <span class='ocrx_word' id='word_1_284' title='bbox 1080 3486 1212 3551; x_wconf 86' lang='lat' dir='ltr'><strong>Michael</strong></span> 
     </span>
     <span class='ocr_line' id='line_1_38' title="bbox 120 3570 1329 3653; baseline -0.003 -18"><span class='ocrx_word' id='word_1_285' title='bbox 120 3570 325 3653; x_wconf 79' lang='lat' dir='ltr'><strong>archangelus</strong></span> <span class='ocrx_word' id='word_1_286' title='bbox 350 3582 492 3635; x_wconf 85' lang='lat' dir='ltr'><strong>mortuus</strong></span> <span class='ocrx_word' id='word_1_287' title='bbox 514 3576 587 3636; x_wconf 85' lang='lat' dir='ltr'><strong>est.&#39;’</strong></span> <span class='ocrx_word' id='word_1_288' title='bbox 641 3574 698 3637; x_wconf 87' lang='lat' dir='ltr'><strong>illis</strong></span> <span class='ocrx_word' id='word_1_289' title='bbox 720 3596 796 3636; x_wconf 88' lang='lat' dir='ltr'><strong>vero</strong></span> <span class='ocrx_word' id='word_1_290' title='bbox 821 3572 994 3635; x_wconf 86' lang='lat' dir='ltr'><strong>dicentibus</strong></span> <span class='ocrx_word' id='word_1_291' title='bbox 1012 3572 1074 3636; x_wconf 85' lang='lat' dir='ltr'><strong>huc</strong></span> <span class='ocrx_word' id='word_1_292' title='bbox 1093 3570 1210 3653; x_wconf 85' lang='lat' dir='ltr'><strong>impos-</strong></span> <span class='ocrx_word' id='word_1_293' title='bbox 1325 3640 1329 3645; x_wconf 46' lang='grc'><strong>,</strong></span> 
     </span>
     <span class='ocr_line' id='line_1_39' title="bbox 118 3654 1211 3748; baseline -0.004 -33"><span class='ocrx_word' id='word_1_294' title='bbox 118 3656 209 3717; x_wconf 86' lang='lat' dir='ltr'><strong>sibile</strong></span> <span class='ocrx_word' id='word_1_295' title='bbox 239 3658 328 3734; x_wconf 84' lang='lat' dir='ltr'><strong>fore,</strong></span> <span class='ocrx_word' id='word_1_296' title='bbox 357 3658 400 3717; x_wconf 90' lang='lat' dir='ltr'><strong>ait</strong></span> <span class='ocrx_word' id='word_1_297' title='bbox 419 3657 566 3740; x_wconf 82' lang='lat' dir='ltr'><strong>princeps</strong></span> <span class='ocrx_word' id='word_1_298' title='bbox 597 3659 650 3719; x_wconf 87' lang='lat' dir='ltr'><strong>“et</strong></span> <span class='ocrx_word' id='word_1_299' title='bbox 670 3655 831 3741; x_wconf 91' lang='lat' dir='ltr'><strong>quomodo</strong></span> <span class='ocrx_word' id='word_1_300' title='bbox 861 3656 935 3719; x_wconf 89' lang='lat' dir='ltr'><strong>deus</strong></span> <span class='ocrx_word' id='word_1_301' title='bbox 967 3654 1136 3748; x_wconf 80' lang='lat' dir='ltr'><strong>secuudum</strong></span> <span class='ocrx_word' id='word_1_302' title='bbox 1156 3672 1211 3713; x_wconf 84' lang='lat' dir='ltr'><strong>sos</strong></span> 
     </span>
     <span class='ocr_line' id='line_1_40' title="bbox 119 3736 1211 3818; baseline -0.002 -18"><span class='ocrx_word' id='word_1_303' title='bbox 119 3737 222 3800; x_wconf 90' lang='lat' dir='ltr'><strong>nudus</strong></span> <span class='ocrx_word' id='word_1_304' title='bbox 240 3739 404 3801; x_wconf 82' lang='lat' dir='ltr'><strong>crucifixus</strong></span> <span class='ocrx_word' id='word_1_305' title='bbox 435 3750 497 3818; x_wconf 88' lang='lat' dir='ltr'><strong>est,</strong></span> <span class='ocrx_word' id='word_1_306' title='bbox 519 3742 574 3802; x_wconf 90' lang='lat' dir='ltr'><strong>nisi</strong></span> <span class='ocrx_word' id='word_1_307' title='bbox 603 3748 788 3803; x_wconf 86' lang='lat' dir='ltr'><strong>naturarum</strong></span> <span class='ocrx_word' id='word_1_308' title='bbox 809 3748 886 3803; x_wconf 84' lang='lat' dir='ltr'><strong>esset</strong></span> <span class='ocrx_word' id='word_1_309' title='bbox 907 3738 1040 3801; x_wconf 87' lang='lat' dir='ltr'><strong>duarum</strong></span> <span class='ocrx_word' id='word_1_310' title='bbox 1061 3736 1211 3812; x_wconf 76' lang='lat' dir='ltr'><strong>Christus,</strong></span> 
     </span>
    </p>
   </div>
   <div class='ocr_carea' id='block_1_3' title="bbox 117 3815 1213 4157">
    <p class='ocr_par' dir='ltr' id='par_1_4' title="bbox 144 3815 1212 3907">
     <span class='ocr_line' id='line_1_41' title="bbox 144 3815 1212 3907; baseline -0.004 -24"><span class='ocrx_word' id='word_1_311' title='bbox 144 3821 378 3906; x_wconf 89' lang='lat' dir='ltr'><strong>nandoquidem</strong></span> <span class='ocrx_word' id='word_1_312' title='bbox 399 3845 457 3885; x_wconf 92' lang='lat' dir='ltr'><strong>nec</strong></span> <span class='ocrx_word' id='word_1_313' title='bbox 474 3826 599 3907; x_wconf 81' lang='lat' dir='ltr'><strong>angelus</strong></span> <span class='ocrx_word' id='word_1_314' title='bbox 619 3823 794 3887; x_wconf 82' lang='lat' dir='ltr'><strong>moriturl”</strong></span> <span class='ocrx_word' id='word_1_315' title='bbox 816 3832 849 3885; x_wconf 88' lang='lat' dir='ltr'><strong>et</strong></span> <span class='ocrx_word' id='word_1_316' title='bbox 871 3824 912 3885; x_wconf 92' lang='lat' dir='ltr'><strong>ita</strong></span> <span class='ocrx_word' id='word_1_317' title='bbox 935 3841 1005 3883; x_wconf 82' lang='lat' dir='ltr'><strong>curn</strong></span> <span class='ocrx_word' id='word_1_318' title='bbox 1028 3815 1212 3881; x_wconf 85' lang='lat' dir='ltr'><strong>confusione</strong></span> 
     </span>
    </p>

    <p class='ocr_par' dir='ltr' id='par_1_5' title="bbox 117 3844 1213 4157">
     <span class='ocr_line' id='line_1_42' title="bbox 117 3844 1211 3991; baseline -0.008 -24"><span class='ocrx_word' id='word_1_319' title='bbox 117 3844 230 3967; x_wconf 58' lang='lat' dir='ltr'><strong>bereri</strong></span> <span class='ocrx_word' id='word_1_320' title='bbox 250 3916 445 3969; x_wconf 88' lang='lat' dir='ltr'><strong>recesserunt</strong></span> <span class='ocrx_word' id='word_1_321' title='bbox 463 3905 614 3990; x_wconf 85' lang='lat' dir='ltr'><strong>episcopi.</strong></span> <span class='ocrx_word' id='word_1_322' title='bbox 656 3929 757 3991; x_wconf 88' lang='lat' dir='ltr'><strong>porro</strong></span> <span class='ocrx_word' id='word_1_323' title='bbox 787 3904 924 3968; x_wconf 85' lang='lat' dir='ltr'><strong>Cabades</strong></span> <span class='ocrx_word' id='word_1_324' title='bbox 946 3902 1096 3989; x_wconf 86' lang='lat' dir='ltr'><strong>quosdam</strong></span> <span class='ocrx_word' id='word_1_325' title='bbox 1118 3899 1211 3962; x_wconf 90' lang='lat' dir='ltr'><strong>Chri.</strong></span> 
     </span>
     <span class='ocr_line' id='line_1_43' title="bbox 118 3985 1213 4075; baseline -0.006 -25"><span class='ocrx_word' id='word_1_326' title='bbox 118 3989 252 4066; x_wconf 80' lang='lat' dir='ltr'><strong>stianos,</strong></span> <span class='ocrx_word' id='word_1_327' title='bbox 288 3989 343 4072; x_wconf 88' lang='lat' dir='ltr'><strong>qui</strong></span> <span class='ocrx_word' id='word_1_328' title='bbox 361 3998 451 4051; x_wconf 89' lang='lat' dir='ltr'><strong>crant</strong></span> <span class='ocrx_word' id='word_1_329' title='bbox 472 3992 503 4051; x_wconf 94' lang='lat' dir='ltr'><strong>in</strong></span> <span class='ocrx_word' id='word_1_330' title='bbox 525 3987 674 4070; x_wconf 85' lang='lat' dir='ltr'><strong>Perside,</strong></span> <span class='ocrx_word' id='word_1_331' title='bbox 692 3989 815 4075; x_wconf 89' lang='lat' dir='ltr'><strong>poplite</strong></span> <span class='ocrx_word' id='word_1_332' title='bbox 834 3988 1013 4065; x_wconf 83' lang='lat' dir='ltr'><strong>enervavit,</strong></span> <span class='ocrx_word' id='word_1_333' title='bbox 1034 3985 1090 4072; x_wconf 88' lang='lat' dir='ltr'><strong>qui</strong></span> <span class='ocrx_word' id='word_1_334' title='bbox 1108 3992 1213 4065; x_wconf 82' lang='lat' dir='ltr'><strong>tamen</strong></span> 
     </span>
     <span class='ocr_line' id='line_1_44' title="bbox 118 4070 590 4157; baseline 0 -24"><span class='ocrx_word' id='word_1_335' title='bbox 118 4070 323 4157; x_wconf 88' lang='lat' dir='ltr'><strong>postmodum</strong></span> <span class='ocrx_word' id='word_1_336' title='bbox 343 4073 590 4137; x_wconf 83' lang='lat' dir='ltr'><strong>ambulaverunt.</strong></span> 
     </span>
    </p>
   </div>
   <div class='ocr_carea' id='block_1_4' title="bbox 202 4166 1309 4257">
    <p class='ocr_par' dir='ltr' id='par_1_6' title="bbox 202 4166 1309 4257">
     <span class='ocr_line' id='line_1_45' title="bbox 202 4166 1309 4257; baseline -0.008 -20"><span class='ocrx_word' id='word_1_337' title='bbox 202 4170 361 4237; x_wconf 84' lang='lat' dir='ltr'><strong>Vicesimo</strong></span> <span class='ocrx_word' id='word_1_338' title='bbox 389 4173 485 4237; x_wconf 84' lang='lat' dir='ltr'><strong>tertio</strong></span> <span class='ocrx_word' id='word_1_339' title='bbox 515 4166 641 4257; x_wconf 81' lang='lat' dir='ltr'><strong>imperii</strong></span> <span class='ocrx_word' id='word_1_340' title='bbox 670 4173 818 4237; x_wconf 73' lang='lat' dir='ltr'><strong>sensuit</strong></span> <span class='ocrx_word' id='word_1_341' title='bbox 838 4190 921 4235; x_wconf 85' lang='lat' dir='ltr'><strong>auno</strong></span> <span class='ocrx_word' id='word_1_342' title='bbox 942 4168 1109 4235; x_wconf 82' lang='lat' dir='ltr'><strong>Hormisds</strong></span> <span class='ocrx_word' id='word_1_343' title='bbox 1130 4173 1309 4251; x_wconf 79' lang='lat' dir='ltr'><strong>papap.2lt</strong></span> 
     </span>
    </p>
   </div>
   <div class='ocr_carea' id='block_1_5' title="bbox 0 0 1530 4900">
    <p class='ocr_par' dir='ltr' id='par_1_7' title="bbox 0 0 1530 4900">
     <span class='ocr_line' id='line_1_46' title="bbox 0 0 1530 4900; baseline 0 1"><span class='ocrx_word' id='word_1_344' title='bbox 0 0 1530 4900; x_wconf 95' lang='lat' dir='ltr'><strong> </strong></span> 
     </span>
    </p>
   </div>
  </div>
 </body>
</html>
