3050 4900
600 288 749 351 ΝΟΤΑΕ.
1150 280 1225 353 519

212 458 355 535 591,17.
411 460 465 521 roi
495 458 897 541 distemperantiam
930 484 1007 523 unas
1028 462 1089 522 CP.
1110 470 1221 542 portus

127 544 215 609 varia
237 562 298 627 pro
321 543 408 603 vario
427 546 488 607 sita
511 545 635 607 nomina
654 546 796 607 sortitur.
829 547 1024 608 occidentem
1047 568 1127 628 quae
1149 568 1221 627 pars

129 628 280 710 respicit,
316 636 348 689 et
376 636 421 688 est
456 628 495 690 ari
524 628 728 709 Blachernas,
752 650 769 687 a
790 628 821 689 S.
842 632 1000 690 osannae
1028 626 1218 711 appellaturi

130 710 316 775 orientaiior
339 711 456 789 attera,
477 708 607 790 νεώριον
628 720 681 773 est.
724 710 808 773 illam
829 734 904 796 ergo
927 714 1021 776 classe
1041 713 1152 775 urbica
1174 721 1222 773 te·

129 802 232 871 neate,
251 792 419 855 Thraciam
438 794 596 877 appellere
619 815 682 855 aon
707 800 832 877 poterat
852 795 970 859 hostilis
979 793 1146 857 Theodosii
1168 816 1221 857 er.

128 882 253 941 arcitus.
298 877 350 939 ubi
381 880 411 939 in
438 874 569 955 νεώριον
599 877 720 941 secessit
748 878 857 939 urbica
887 878 1002 951 classis;
1026 878 1220 940 Theodosias

127 962 234 1023 locum
250 959 392 1023 relictum
407 969 440 1022 et
454 962 620 1025 Thracicos
637 969 739 1043 parter
762 964 940 1046 occupavit.
964 961 1152 1025 conferenda
1175 961 1221 1024 his

128 1046 189 1109 CP.
209 1044 416 1127 topographia
439 1044 532 1129 Gyllii
566 1044 620 1106 tib.
644 1039 666 1106 4
688 1066 754 1127 cap.
773 1041 803 1106 6.

209 1158 291 1221 Ibid.
323 1158 372 1223 90.
423 1158 620 1247 Νεωτεριλιι]
643 1160 771 1246 Peyrez.
798 1161 896 1224 codex
928 1162 1100 1224 correctius
1126 1160 1221 1225 habet
1321 1250 1332 1267 ι

129 1244 286 1325 Νεωρίον.

208 1358 326 1436 593,1.
369 1356 566 1434 Μπσσλμᾶς]
588 1358 793 1435 Μουσολμᾶς
812 1360 964 1422 scribitur
978 1359 1061 1443 apud
1083 1358 1212 1442 Niceph.

129 1444 181 1529 qui
204 1441 286 1505 mille
307 1450 339 1504 et
360 1443 530 1525 octogintae
553 1443 617 1503 eius
643 1464 733 1505 naves
756 1454 905 1507 recenset.

209 1558 288 1621 ibid.
297 1555 328 1620 7.
371 1546 610 1638 &cicatricentur
642 1558 711 1621 vice
727 1554 923 1640 λαλήσομεν,
938 1558 1108 1621 modernae
1117 1560 1217 1621 Grau·

131 1644 199 1705 ciac
222 1642 418 1725 imperativus
440 1642 585 1725 pluraliss
607 1662 646 1715 σς
670 1640 851 1704 exhortandi
875 1644 1040 1725 particula.

212 1748 295 1810 [bid.
322 1747 350 1810 9.
398 1743 574 1832 Ἀμόριον]
603 1744 764 1829 Ἀμώρεον
785 1752 901 1812 scribet
930 1750 1067 1810 inferius.
1105 1746 1215 1809 Suidas

127 1827 290 1911 Ἀμοὸριον
306 1830 360 1891 καί
380 1828 521 1909 Ἀμώρος
541 1828 631 1905 πόλις
644 1831 698 1912 τῆς
716 1830 855 1915 μεγάλης
878 1835 1030 1911 Φρυγίας.
1051 1828 1068 1890 ὅ
1090 1831 1216 1911 πολίτης

124 1908 315 1993 Ἀμωριεεῖς.
337 1912 531 1995 Ἀμορραῖος
543 1937 681 2001 quoque,
703 1926 734 1979 ct
746 1914 930 1998 Ἀμωροιῐος
950 1918 1110 2001 reperitur
1129 1914 1216 1998 apud

125 2006 308 2077 auctorem·
320 2006 351 2059 et
373 1998 558 2061 Cedrcnum.

119 2162 121 2166 .
209 2112 291 2175 Ibid.
315 2112 363 2176 19.
404 2108 580 2196 εεῖερημοῦν]
613 2114 656 2176 ita
675 2118 864 2197 pronuntiat
892 2128 1044 2199 corrupta
1065 2115 1213 2177 ‹tinteatns

75 2190 79 2216 ¹
123 2192 416 2343 :pplzretrjpppzazrpp
441 2207 476 2259 at
497 2188 535 2272 sic
558 2193 753 2279 λολὴλοισεν,
774 2200 842 2261 rice
861 2198 1055 2303 λαλήσομεν.
1076 2190 1114 2271 ata
1134 2196 1213 2261 iliud

206 2381 279 2462 594,
304 2386 352 2449 19.
394 2384 413 2468 ἦ
436 2384 472 2452 δὲ
487 2386 593 2488 ptyra]
615 2389 735 2471 vigilia,
754 2390 911 2454 cucumae.
931 2389 1050 2452 Nicetes
1070 2388 1103 2451 iu
1127 2387 1212 2449 lsae..

123 2469 173 2532 cio
195 2471 310 2555 Angelo
331 2469 387 2532 tib.
413 2478 443 2539 1.
484 2491 564 2554 μηεε
597 2467 742 2554 potentie
763 2467 846 2552 ἔχων
874 2470 1025 2553 ἀκριβεῖς,
1050 2463 1210 2552 ἢβίγλας.

122 2575 216 2638 neque
233 2555 365 2617 emtodes
385 2555 492 2617 liabens
512 2567 786 2640 aerumnamque
820 2555 975 2618 excubias.
1019 2555 1137 2640 reliqua
1159 2552 1210 2617 hic

124 2638 324 2700 occurrentia
346 2637 490 2716 λορίκιον,
513 2634 690 2720 tomitanae,
712 2637 826 2719 μίλιον,
847 2633 1067 2720 κοβολλοίρισς,
1088 2638 1209 2715 rapat.

121 2715 257 2784 tsrsv'esr
271 2722 422 2784 Meursius
443 2721 529 2786 nullo
550 2721 676 2804 negotio
699 2722 835 2803 exponit.

206 2823 280 2908 595,
302 2827 331 2888 5.
373 2829 623 2910 περισεοεηθείς]
649 2829 782 2890 miscella
802 2832 1060 2908 mansuefactio.
1115 2822 1119 2828 ’

203 2935 281 2998 ibid.
300 2933 348 3002 16.
398 2935 443 3009 εἷς
469 2930 510 2997 rai
527 2931 657 3014 λιβάδεσ
687 2937 773 2999 θέλοι
793 2935 1057 3018 parentandum]
1080 2941 1207 2998 Anasta·

119 3019 189 3096 rius,
212 3029 243 3080 et
264 3018 407 3099 miscella,
428 3021 460 3080 in
477 3022 580 3106 pratis
604 3020 673 3080 volo
694 3041 822 3082 manere.

203 3141 273 3225 596,
294 3137 324 3209 4.
366 3139 423 3205 τόν
452 3143 634 3220 δομέοεικον
662 3143 725 3205 τῶν
746 3137 938 3225 στροεόρων]
961 3144 1015 3204 ubi
1033 3143 1072 3205 de
1094 3164 1205 3227 magno

120 3225 307 3305 domestico,
328 3227 383 3311 qui
411 3247 571 3310 supremus
602 3234 674 3310 post
703 3227 924 3310 imperatorem
958 3229 1107 3288 exercitus
1132 3228 1204 3303 dar,

121 3329 185 3370 non
208 3319 254 3372 est
272 3331 386 3389 sermo,
405 3309 608 3388 δομὲσιικος,
629 3311 672 3371 ait
701 3313 827 3372 ioannes
849 3309 928 3370 Citri
951 3316 981 3370 in
1002 3312 1070 3372 iure
1089 3309 1205 3369 Orien.

118 3394 184 3468 tati,
204 3388 258 3454 τόν
278 3387 468 3473 ἒξοὶρχοντιι,
495 3388 549 3452 τὸν
568 3389 820 3472 προηγούμενον,
841 3387 898 3452 ris
917 3387 1085 3474 ἐπιστάτην
1106 3393 1205 3473 δηλοῖ.

118 3477 358 3559 uniuscuiusque
394 3476 511 3539 ordinis
538 3477 674 3558 primum
696 3487 728 3538 et
752 3477 923 3542 exarchum
948 3478 1123 3560 significat;
1154 3477 1206 3538 bic

119 3560 239 3644 optime
249 3562 461 3644 primicerium.

218 3675 292 3754 597,
315 3675 363 3739 19.
406 3672 747 3760 assasonthamar,
770 3676 842 3736 anui
861 3684 1022 3758 tempestas
1043 3673 1205 3736 iucundis-

117 3757 206 3818 sima.
228 3758 445 3822 Constantinus
467 3760 514 3821 de.
531 3759 643 3822 admin.
668 3759 801 3842 imperii.
826 3751 924 3819 ¹(inre
944 3753 1031 3842 μόνῳ
1050 3756 1094 3842 τῷ
1114 3759 1207 3816 ruta.

118 3839 231 3940 εισιριλρ
251 3842 378 3920 βλέπειν
396 3843 452 3906 τὸν
472 3837 571 3924 ἥλιον.
593 3843 672 3905 adeo
693 3857 726 3904 ut
753 3843 821 3902 solu
842 3856 952 3904 οιεεσεο
971 3843 1062 3902 solem
1080 3841 1208 3902 habeant

117 3943 318 4010 conspicuum.

200 4037 274 4120 598,
296 4041 328 4102 7.
371 4038 537 4122 θεωρήσας
557 4039 593 4102 δὲ
613 4036 822 4122 ὅστριιεηγός
844 4032 892 4101 irs
915 4035 969 4100 ini
981 4027 1206 4102 Μοσσολοεῶν

117 4119 299 4204 ἐπλησίασε]
321 4127 493 4188 Anastasius
516 4125 630 4202 reddit,
656 4123 877 4208 contemplatus
896 4123 990 4204 ι’ςὶεειι·
1005 4134 1128 4208 praetor
1143 4139 1205 4205 ροο
