<?xml version="1.0" encoding="UTF-8"?>
<!DOCTYPE html PUBLIC "-//W3C//DTD XHTML 1.0 Transitional//EN"
    "http://www.w3.org/TR/xhtml1/DTD/xhtml1-transitional.dtd">
<html xmlns="http://www.w3.org/1999/xhtml" xml:lang="en" lang="en">
 <head>
  <title>
</title>
<meta http-equiv="Content-Type" content="text/html;charset=utf-8" />
  <meta name='ocr-system' content='tesseract 3.04.00' />
  <meta name='ocr-capabilities' content='ocr_page ocr_carea ocr_par ocr_line ocrx_word'/>
</head>
<body>
  <div class='ocr_page' id='page_1' title='image "./corpusscriptoru34theogoog_0137.png"; bbox 0 0 3050 4900; ppageno 0'>
   <div class='ocr_carea' id='block_1_1' title="bbox 276 289 1214 365">
    <p class='ocr_par' dir='ltr' id='par_1_1' title="bbox 276 289 1214 365">
     <span class='ocr_line' id='line_1_1' title="bbox 276 289 1214 365; baseline 0.004 -4"><span class='ocrx_word' id='word_1_1' title='bbox 276 289 347 362; x_wconf 70' lang='lat'><strong>126</strong></span> <span class='ocrx_word' id='word_1_2' title='bbox 437 295 649 364; x_wconf 77' lang='lat' dir='ltr'><strong>AleTasu</strong></span> <span class='ocrx_word' id='word_1_3' title='bbox 680 295 876 364; x_wconf 72' lang='lat' dir='ltr'><strong>mstonsn</strong></span> <span class='ocrx_word' id='word_1_4' title='bbox 906 297 1214 365; x_wconf 65' lang='lat' dir='ltr'><strong>ecmesrnsttcn</strong></span> 
     </span>
    </p>
   </div>
   <div class='ocr_carea' id='block_1_2' title="bbox 168 466 1376 2134">
    <p class='ocr_par' dir='ltr' id='par_1_2' title="bbox 168 466 1376 2134">
     <span class='ocr_line' id='line_1_2' title="bbox 273 466 1366 551; baseline 0.002 -23"><span class='ocrx_word' id='word_1_5' title='bbox 273 489 389 528; x_wconf 87' lang='lat' dir='ltr'><strong>norum</strong></span> <span class='ocrx_word' id='word_1_6' title='bbox 410 467 538 550; x_wconf 87' lang='lat' dir='ltr'><strong>occisis,</strong></span> <span class='ocrx_word' id='word_1_7' title='bbox 563 476 595 530; x_wconf 89' lang='lat' dir='ltr'><strong>et</strong></span> <span class='ocrx_word' id='word_1_8' title='bbox 614 466 776 550; x_wconf 79' lang='lat' dir='ltr'><strong>Ardagasti</strong></span> <span class='ocrx_word' id='word_1_9' title='bbox 810 467 939 550; x_wconf 87' lang='lat' dir='ltr'><strong>regione</strong></span> <span class='ocrx_word' id='word_1_10' title='bbox 967 489 1123 549; x_wconf 84' lang='lat' dir='ltr'><strong>perversa,</strong></span> <span class='ocrx_word' id='word_1_11' title='bbox 1143 467 1292 551; x_wconf 79' lang='lat' dir='ltr'>praedam</span> <span class='ocrx_word' id='word_1_12' title='bbox 1311 489 1366 530; x_wconf 90' lang='lat' dir='ltr'><strong>co·</strong></span> 
     </span>
     <span class='ocr_line' id='line_1_3' title="bbox 273 552 1366 634; baseline 0.002 -22"><span class='ocrx_word' id='word_1_13' title='bbox 273 553 393 634; x_wconf 90' lang='lat' dir='ltr'><strong>piosam</strong></span> <span class='ocrx_word' id='word_1_14' title='bbox 415 559 539 634; x_wconf 88' lang='lat' dir='ltr'><strong>captam</strong></span> <span class='ocrx_word' id='word_1_15' title='bbox 559 552 742 634; x_wconf 77' lang='lat' dir='ltr'><strong>Byzantium</strong></span> <span class='ocrx_word' id='word_1_16' title='bbox 763 553 1029 633; x_wconf 87' lang='lat' dir='ltr'><strong>perTatemerem</strong></span> <span class='ocrx_word' id='word_1_17' title='bbox 1051 552 1241 614; x_wconf 85' lang='lat' dir='ltr'><strong>direxerunt</strong></span> <span class='ocrx_word' id='word_1_18' title='bbox 1263 574 1366 634; x_wconf 93' lang='lat' dir='ltr'><strong>porro</strong></span> 
     </span>
     <span class='ocr_line' id='line_1_4' title="bbox 168 634 1368 720; baseline -0.003 -21"><span class='ocrx_word' id='word_1_19' title='bbox 168 665 196 720; x_wconf 85' lang='lat' dir='ltr'><strong>p.</strong></span> <span class='ocrx_word' id='word_1_20' title='bbox 210 643 264 700; x_wconf 71' lang='lat'><strong>418</strong></span> <span class='ocrx_word' id='word_1_21' title='bbox 274 657 344 696; x_wconf 90' lang='lat' dir='ltr'><strong>eum</strong></span> <span class='ocrx_word' id='word_1_22' title='bbox 367 635 513 696; x_wconf 86' lang='lat' dir='ltr'><strong>Tutemer</strong></span> <span class='ocrx_word' id='word_1_23' title='bbox 533 656 567 694; x_wconf 85' lang='lat' dir='ltr'><strong>ex</strong></span> <span class='ocrx_word' id='word_1_24' title='bbox 593 634 694 698; x_wconf 91' lang='lat' dir='ltr'><strong>editus</strong></span> <span class='ocrx_word' id='word_1_25' title='bbox 717 637 778 696; x_wconf 88' lang='lat' dir='ltr'><strong>iter</strong></span> <span class='ocrx_word' id='word_1_26' title='bbox 801 635 918 696; x_wconf 79' lang='lat' dir='ltr'><strong>faciens</strong></span> <span class='ocrx_word' id='word_1_27' title='bbox 944 634 1089 696; x_wconf 73' lang='lat' dir='ltr'>ebrietati</span> <span class='ocrx_word' id='word_1_28' title='bbox 1111 657 1174 697; x_wconf 87' lang='lat' dir='ltr'><strong>sese</strong></span> <span class='ocrx_word' id='word_1_29' title='bbox 1195 645 1290 719; x_wconf 86' lang='lat' dir='ltr'><strong>atque</strong></span> <span class='ocrx_word' id='word_1_30' title='bbox 1309 636 1368 696; x_wconf 82' lang='lat' dir='ltr'><strong>de-</strong></span> 
     </span>
     <span class='ocr_line' id='line_1_5' title="bbox 239 657 1366 802; baseline 0 -22"><span class='ocrx_word' id='word_1_31' title='bbox 239 743 244 756; x_wconf 81' lang='lat'><strong><em>¹</em></strong></span> <span class='ocrx_word' id='word_1_32' title='bbox 273 719 349 780; x_wconf 91' lang='lat' dir='ltr'><strong>liciis</strong></span> <span class='ocrx_word' id='word_1_33' title='bbox 369 717 522 792; x_wconf 87' lang='lat' dir='ltr'><strong>traderet,</strong></span> <span class='ocrx_word' id='word_1_34' title='bbox 534 657 750 780; x_wconf 81' lang='lat' dir='ltr'><strong>Selavinornm</strong></span> <span class='ocrx_word' id='word_1_35' title='bbox 773 719 803 778; x_wconf 94' lang='lat' dir='ltr'><strong>in</strong></span> <span class='ocrx_word' id='word_1_36' title='bbox 818 739 889 779; x_wconf 86' lang='lat' dir='ltr'><strong>enm</strong></span> <span class='ocrx_word' id='word_1_37' title='bbox 908 719 1122 781; x_wconf 79' lang='lat' dir='ltr'><strong>multitudines</strong></span> <span class='ocrx_word' id='word_1_38' title='bbox 1144 721 1287 793; x_wconf 87' lang='lat' dir='ltr'><strong>irruunt;</strong></span> <span class='ocrx_word' id='word_1_39' title='bbox 1311 721 1366 802; x_wconf 89' lang='lat' dir='ltr'><strong>qai</strong></span> 
     </span>
     <span class='ocr_line' id='line_1_6' title="bbox 272 800 1367 884; baseline 0 -22"><span class='ocrx_word' id='word_1_40' title='bbox 272 800 439 865; x_wconf 86' lang='lat' dir='ltr'><strong>formidine</strong></span> <span class='ocrx_word' id='word_1_41' title='bbox 464 821 584 882; x_wconf 90' lang='lat' dir='ltr'><strong>pressus</strong></span> <span class='ocrx_word' id='word_1_42' title='bbox 613 801 758 883; x_wconf 85' lang='lat' dir='ltr'><strong>fugiendo</strong></span> <span class='ocrx_word' id='word_1_43' title='bbox 785 802 969 884; x_wconf 72' lang='lat' dir='ltr'><strong>Byzantium</strong></span> <span class='ocrx_word' id='word_1_44' title='bbox 1002 803 1094 862; x_wconf 82' lang='lat' dir='ltr'><strong>venit</strong></span> <span class='ocrx_word' id='word_1_45' title='bbox 1146 811 1193 862; x_wconf 85' lang='lat' dir='ltr'><strong>ast</strong></span> <span class='ocrx_word' id='word_1_46' title='bbox 1224 803 1367 878; x_wconf 80' lang='lat' dir='ltr'><strong>Romani,</strong></span> 
     </span>
     <span class='ocr_line' id='line_1_7' title="bbox 274 884 1370 968; baseline 0 -22"><span class='ocrx_word' id='word_1_47' title='bbox 274 885 328 968; x_wconf 92' lang='lat' dir='ltr'><strong>qui</strong></span> <span class='ocrx_word' id='word_1_48' title='bbox 350 906 420 945; x_wconf 84' lang='lat' dir='ltr'><strong>curn</strong></span> <span class='ocrx_word' id='word_1_49' title='bbox 436 885 502 967; x_wconf 91' lang='lat' dir='ltr'><strong>ipso</strong></span> <span class='ocrx_word' id='word_1_50' title='bbox 523 885 655 962; x_wconf 84' lang='lat' dir='ltr'><strong>fuerant,</strong></span> <span class='ocrx_word' id='word_1_51' title='bbox 676 884 776 946; x_wconf 82' lang='lat' dir='ltr'><strong>valide</strong></span> <span class='ocrx_word' id='word_1_52' title='bbox 791 885 939 946; x_wconf 83' lang='lat' dir='ltr'><strong>Sclavinis</strong></span> <span class='ocrx_word' id='word_1_53' title='bbox 960 885 1069 946; x_wconf 88' lang='lat' dir='ltr'><strong>infensi</strong></span> <span class='ocrx_word' id='word_1_54' title='bbox 1081 885 1224 946; x_wconf 82' lang='lat' dir='ltr'><strong>obtinent</strong></span> <span class='ocrx_word' id='word_1_55' title='bbox 1243 887 1370 968; x_wconf 87' lang='lat' dir='ltr'><strong>glorio·</strong></span> 
     </span>
     <span class='ocr_line' id='line_1_8' title="bbox 273 967 1368 1051; baseline -0.005 -19"><span class='ocrx_word' id='word_1_56' title='bbox 273 969 388 1032; x_wconf 86' lang='lat' dir='ltr'><strong>sissime</strong></span> <span class='ocrx_word' id='word_1_57' title='bbox 407 967 573 1042; x_wconf 88' lang='lat' dir='ltr'><strong>barbaros,</strong></span> <span class='ocrx_word' id='word_1_58' title='bbox 595 977 626 1029; x_wconf 89' lang='lat' dir='ltr'><strong>et</strong></span> <span class='ocrx_word' id='word_1_59' title='bbox 648 969 863 1050; x_wconf 84' lang='lat' dir='ltr'><strong>captivitatem</strong></span> <span class='ocrx_word' id='word_1_60' title='bbox 882 969 996 1029; x_wconf 76' lang='lat' dir='ltr'><strong>salsam</strong></span> <span class='ocrx_word' id='word_1_61' title='bbox 1016 968 1200 1050; x_wconf 88' lang='lat' dir='ltr'><strong>imperatori</strong></span> <span class='ocrx_word' id='word_1_62' title='bbox 1219 991 1368 1051; x_wconf 85' lang='lat' dir='ltr'><strong>praesen.</strong></span> 
     </span>
     <span class='ocr_line' id='line_1_9' title="bbox 274 1049 1367 1136; baseline -0.004 -24"><span class='ocrx_word' id='word_1_63' title='bbox 274 1061 351 1114; x_wconf 89' lang='lat' dir='ltr'><strong>tant.</strong></span> <span class='ocrx_word' id='word_1_64' title='bbox 396 1052 451 1136; x_wconf 89' lang='lat' dir='ltr'><strong>qui</strong></span> <span class='ocrx_word' id='word_1_65' title='bbox 474 1052 603 1112; x_wconf 88' lang='lat' dir='ltr'><strong>laetatus</strong></span> <span class='ocrx_word' id='word_1_66' title='bbox 624 1053 782 1135; x_wconf 79' lang='lat' dir='ltr'><strong>gratificos</strong></span> <span class='ocrx_word' id='word_1_67' title='bbox 804 1051 864 1112; x_wconf 91' lang='lat' dir='ltr'><strong>deo</strong></span> <span class='ocrx_word' id='word_1_68' title='bbox 887 1049 1020 1134; x_wconf 87' lang='lat' dir='ltr'><strong>hymnos</strong></span> <span class='ocrx_word' id='word_1_69' title='bbox 1041 1073 1102 1112; x_wconf 92' lang='lat' dir='ltr'><strong>una</strong></span> <span class='ocrx_word' id='word_1_70' title='bbox 1123 1073 1194 1112; x_wconf 91' lang='lat' dir='ltr'><strong>cum</strong></span> <span class='ocrx_word' id='word_1_71' title='bbox 1215 1061 1283 1113; x_wconf 87' lang='lat' dir='ltr'><strong>tota</strong></span> <span class='ocrx_word' id='word_1_72' title='bbox 1305 1053 1367 1116; x_wconf 87' lang='lat' dir='ltr'><strong>ob.</strong></span> 
     </span>
     <span class='ocr_line' id='line_1_10' title="bbox 275 1133 1368 1198; baseline 0.001 -3"><span class='ocrx_word' id='word_1_73' title='bbox 275 1135 347 1196; x_wconf 90' lang='lat' dir='ltr'><strong>tulit</strong></span> <span class='ocrx_word' id='word_1_74' title='bbox 368 1137 460 1198; x_wconf 88' lang='lat' dir='ltr'><strong>urhe.</strong></span> <span class='ocrx_word' id='word_1_75' title='bbox 503 1134 625 1196; x_wconf 78' lang='lat' dir='ltr'><strong>Priscus</strong></span> <span class='ocrx_word' id='word_1_76' title='bbox 646 1155 721 1196; x_wconf 84' lang='lat' dir='ltr'><strong>vero</strong></span> <span class='ocrx_word' id='word_1_77' title='bbox 742 1133 855 1195; x_wconf 84' lang='lat' dir='ltr'><strong>fiducia</strong></span> <span class='ocrx_word' id='word_1_78' title='bbox 881 1135 979 1196; x_wconf 83' lang='lat' dir='ltr'><strong>fretus</strong></span> <span class='ocrx_word' id='word_1_79' title='bbox 1003 1133 1042 1194; x_wconf 86' lang='lat' dir='ltr'><strong>ad</strong></span> <span class='ocrx_word' id='word_1_80' title='bbox 1063 1135 1227 1198; x_wconf 87' lang='lat' dir='ltr'><strong>interiores</strong></span> <span class='ocrx_word' id='word_1_81' title='bbox 1246 1136 1368 1197; x_wconf 79' lang='lat' dir='ltr'><strong>Solari-</strong></span> 
     </span>
     <span class='ocr_line' id='line_1_11' title="bbox 277 1216 1368 1301; baseline -0.001 -19"><span class='ocrx_word' id='word_1_82' title='bbox 277 1239 391 1282; x_wconf 89' lang='lat' dir='ltr'><strong>norum</strong></span> <span class='ocrx_word' id='word_1_83' title='bbox 413 1225 516 1300; x_wconf 90' lang='lat' dir='ltr'><strong>partes</strong></span> <span class='ocrx_word' id='word_1_84' title='bbox 538 1219 674 1280; x_wconf 85' lang='lat' dir='ltr'><strong>secessit.</strong></span> <span class='ocrx_word' id='word_1_85' title='bbox 716 1219 809 1300; x_wconf 89' lang='lat' dir='ltr'><strong>Gipes</strong></span> <span class='ocrx_word' id='word_1_86' title='bbox 832 1229 946 1295; x_wconf 78' lang='lat' dir='ltr'><strong>autern,</strong></span> <span class='ocrx_word' id='word_1_87' title='bbox 961 1217 1010 1278; x_wconf 87' lang='lat' dir='ltr'><strong>vir</strong></span> <span class='ocrx_word' id='word_1_88' title='bbox 1023 1216 1215 1282; x_wconf 86' lang='lat' dir='ltr'><strong>Christianae</strong></span> <span class='ocrx_word' id='word_1_89' title='bbox 1237 1221 1368 1301; x_wconf 85' lang='lat' dir='ltr'><strong>religio-</strong></span> 
     </span>
     <span class='ocr_line' id='line_1_12' title="bbox 278 1301 1369 1384; baseline 0.001 -21"><span class='ocrx_word' id='word_1_90' title='bbox 278 1306 333 1383; x_wconf 90' lang='lat' dir='ltr'><strong>nis,</strong></span> <span class='ocrx_word' id='word_1_91' title='bbox 357 1301 559 1384; x_wconf 74' lang='lat' dir='ltr'><strong>transfugiens</strong></span> <span class='ocrx_word' id='word_1_92' title='bbox 582 1301 621 1364; x_wconf 88' lang='lat' dir='ltr'><strong>ad</strong></span> <span class='ocrx_word' id='word_1_93' title='bbox 643 1302 797 1362; x_wconf 86' lang='lat' dir='ltr'><strong>Romanos</strong></span> <span class='ocrx_word' id='word_1_94' title='bbox 817 1311 850 1360; x_wconf 91' lang='lat' dir='ltr'><strong>et</strong></span> <span class='ocrx_word' id='word_1_95' title='bbox 875 1301 1043 1383; x_wconf 84' lang='lat' dir='ltr'><strong>ingressum</strong></span> <span class='ocrx_word' id='word_1_96' title='bbox 1063 1304 1209 1364; x_wconf 86' lang='lat' dir='ltr'><strong>Romanis</strong></span> <span class='ocrx_word' id='word_1_97' title='bbox 1230 1303 1369 1364; x_wconf 83' lang='lat' dir='ltr'><strong>ostendit</strong></span> 
     </span>
     <span class='ocr_line' id='line_1_13' title="bbox 278 1383 1369 1468; baseline -0.003 -21"><span class='ocrx_word' id='word_1_98' title='bbox 278 1394 310 1447; x_wconf 90' lang='lat' dir='ltr'><strong>et</strong></span> <span class='ocrx_word' id='word_1_99' title='bbox 328 1385 479 1446; x_wconf 86' lang='lat' dir='ltr'><strong>barbaros</strong></span> <span class='ocrx_word' id='word_1_100' title='bbox 509 1384 621 1445; x_wconf 88' lang='lat' dir='ltr'><strong>tenuit.</strong></span> <span class='ocrx_word' id='word_1_101' title='bbox 673 1385 780 1468; x_wconf 91' lang='lat' dir='ltr'><strong>itaque</strong></span> <span class='ocrx_word' id='word_1_102' title='bbox 802 1385 931 1466; x_wconf 80' lang='lat' dir='ltr'><strong>Gipedis</strong></span> <span class='ocrx_word' id='word_1_103' title='bbox 956 1383 1138 1466; x_wconf 86' lang='lat' dir='ltr'><strong>proditione</strong></span> <span class='ocrx_word' id='word_1_104' title='bbox 1168 1387 1369 1446; x_wconf 69' lang='lat' dir='ltr'><strong>transfretato</strong></span> 
     </span>
     <span class='ocr_line' id='line_1_14' title="bbox 277 1466 1368 1550; baseline -0.002 -18"><span class='ocrx_word' id='word_1_105' title='bbox 277 1469 415 1550; x_wconf 84' lang='lat' dir='ltr'><strong>flumine,</strong></span> <span class='ocrx_word' id='word_1_106' title='bbox 436 1468 557 1528; x_wconf 81' lang='lat' dir='ltr'><strong>Priscus</strong></span> <span class='ocrx_word' id='word_1_107' title='bbox 579 1466 680 1528; x_wconf 89' lang='lat' dir='ltr'><strong>media</strong></span> <span class='ocrx_word' id='word_1_108' title='bbox 704 1477 797 1528; x_wconf 91' lang='lat' dir='ltr'><strong>nocte</strong></span> <span class='ocrx_word' id='word_1_109' title='bbox 826 1469 945 1548; x_wconf 90' lang='lat' dir='ltr'><strong>reperit</strong></span> <span class='ocrx_word' id='word_1_110' title='bbox 963 1469 1134 1530; x_wconf 82' lang='lat' dir='ltr'><strong>Musaeiunr</strong></span> <span class='ocrx_word' id='word_1_111' title='bbox 1154 1469 1368 1531; x_wconf 83' lang='lat' dir='ltr'><strong>barbarorum</strong></span> 
     </span>
     <span class='ocr_line' id='line_1_15' title="bbox 277 1551 1370 1634; baseline -0.005 -20"><span class='ocrx_word' id='word_1_112' title='bbox 277 1573 395 1634; x_wconf 86' lang='lat' dir='ltr'><strong>regem,</strong></span> <span class='ocrx_word' id='word_1_113' title='bbox 417 1551 567 1613; x_wconf 88' lang='lat' dir='ltr'><strong>ebrietate</strong></span> <span class='ocrx_word' id='word_1_114' title='bbox 588 1558 800 1632; x_wconf 86' lang='lat' dir='ltr'><strong>corruptum:</strong></span> <span class='ocrx_word' id='word_1_115' title='bbox 833 1551 997 1612; x_wconf 82' lang='lat' dir='ltr'><strong>funebrem</strong></span> <span class='ocrx_word' id='word_1_116' title='bbox 1021 1553 1138 1634; x_wconf 87' lang='lat' dir='ltr'><strong>quippe</strong></span> <span class='ocrx_word' id='word_1_117' title='bbox 1158 1553 1283 1634; x_wconf 88' lang='lat' dir='ltr'><strong>proprii</strong></span> <span class='ocrx_word' id='word_1_118' title='bbox 1302 1555 1370 1614; x_wconf 86' lang='lat' dir='ltr'><strong>fra.</strong></span> 
     </span>
     <span class='ocr_line' id='line_1_16' title="bbox 278 1634 1371 1716; baseline 0.001 -21"><span class='ocrx_word' id='word_1_119' title='bbox 278 1635 337 1697; x_wconf 87' lang='lat' dir='ltr'><strong>tris</strong></span> <span class='ocrx_word' id='word_1_120' title='bbox 349 1634 526 1696; x_wconf 89' lang='lat' dir='ltr'><strong>celebrabat</strong></span> <span class='ocrx_word' id='word_1_121' title='bbox 546 1634 765 1710; x_wconf 65' lang='lat' dir='ltr'><strong>festivitatem</strong></span> <span class='ocrx_word' id='word_1_122' title='bbox 788 1652 852 1716; x_wconf 90' lang='lat' dir='ltr'><strong>qno</strong></span> <span class='ocrx_word' id='word_1_123' title='bbox 872 1634 1097 1716; x_wconf 89' lang='lat' dir='ltr'><strong>comprehenso</strong></span> <span class='ocrx_word' id='word_1_124' title='bbox 1114 1637 1188 1696; x_wconf 87' lang='lat' dir='ltr'><strong>vivo</strong></span> <span class='ocrx_word' id='word_1_125' title='bbox 1202 1636 1326 1697; x_wconf 89' lang='lat' dir='ltr'><strong>caedem</strong></span> <span class='ocrx_word' id='word_1_126' title='bbox 1338 1635 1371 1696; x_wconf 87' lang='lat' dir='ltr'><strong>in</strong></span> 
     </span>
     <span class='ocr_line' id='line_1_17' title="bbox 278 1718 1368 1801; baseline -0.006 -21"><span class='ocrx_word' id='word_1_127' title='bbox 278 1718 420 1781; x_wconf 87' lang='lat' dir='ltr'><strong>barbaris</strong></span> <span class='ocrx_word' id='word_1_128' title='bbox 443 1727 589 1800; x_wconf 87' lang='lat' dir='ltr'><strong>operatus</strong></span> <span class='ocrx_word' id='word_1_129' title='bbox 611 1725 666 1796; x_wconf 86' lang='lat' dir='ltr'><strong>est,</strong></span> <span class='ocrx_word' id='word_1_130' title='bbox 687 1719 849 1799; x_wconf 86' lang='lat' dir='ltr'><strong>multaque</strong></span> <span class='ocrx_word' id='word_1_131' title='bbox 868 1719 994 1800; x_wconf 90' lang='lat' dir='ltr'><strong>copiosa</strong></span> <span class='ocrx_word' id='word_1_132' title='bbox 1015 1718 1131 1800; x_wconf 88' lang='lat' dir='ltr'><strong>praeda</strong></span> <span class='ocrx_word' id='word_1_133' title='bbox 1148 1729 1239 1801; x_wconf 79' lang='lat' dir='ltr'><strong>eapte</strong></span> <span class='ocrx_word' id='word_1_134' title='bbox 1262 1720 1368 1780; x_wconf 79' lang='lat' dir='ltr'><strong>ebrie.</strong></span> 
     </span>
     <span class='ocr_line' id='line_1_18' title="bbox 280 1799 1372 1882; baseline 0 -20"><span class='ocrx_word' id='word_1_135' title='bbox 280 1802 339 1862; x_wconf 87' lang='lat' dir='ltr'><strong>tati</strong></span> <span class='ocrx_word' id='word_1_136' title='bbox 363 1822 427 1863; x_wconf 88' lang='lat' dir='ltr'><strong>sese</strong></span> <span class='ocrx_word' id='word_1_137' title='bbox 449 1800 592 1882; x_wconf 92' lang='lat' dir='ltr'><strong>produnt</strong></span> <span class='ocrx_word' id='word_1_138' title='bbox 621 1811 653 1862; x_wconf 90' lang='lat' dir='ltr'><strong>et</strong></span> <span class='ocrx_word' id='word_1_139' title='bbox 683 1799 838 1882; x_wconf 87' lang='lat' dir='ltr'><strong>crapulae.</strong></span> <span class='ocrx_word' id='word_1_140' title='bbox 889 1811 922 1862; x_wconf 83' lang='lat' dir='ltr'><strong>at</strong></span> <span class='ocrx_word' id='word_1_141' title='bbox 948 1810 1015 1862; x_wconf 88' lang='lat' dir='ltr'><strong>tom</strong></span> <span class='ocrx_word' id='word_1_142' title='bbox 1044 1803 1174 1863; x_wconf 88' lang='lat' dir='ltr'><strong>barbari</strong></span> <span class='ocrx_word' id='word_1_143' title='bbox 1194 1803 1372 1864; x_wconf 84' lang='lat' dir='ltr'><strong>coacervati</strong></span> 
     </span>
     <span class='ocr_line' id='line_1_19' title="bbox 281 1883 1373 1968; baseline 0 -21"><span class='ocrx_word' id='word_1_144' title='bbox 281 1885 453 1947; x_wconf 77' lang='lat' dir='ltr'><strong>victoribus</strong></span> <span class='ocrx_word' id='word_1_145' title='bbox 475 1883 648 1960; x_wconf 88' lang='lat' dir='ltr'><strong>imminent,</strong></span> <span class='ocrx_word' id='word_1_146' title='bbox 678 1883 825 1968; x_wconf 86' lang='lat' dir='ltr'><strong>foretque</strong></span> <span class='ocrx_word' id='word_1_147' title='bbox 846 1884 1023 1946; x_wconf 81' lang='lat' dir='ltr'><strong>vicissitudo</strong></span> <span class='ocrx_word' id='word_1_148' title='bbox 1055 1887 1217 1967; x_wconf 90' lang='lat' dir='ltr'><strong>reciproca</strong></span> <span class='ocrx_word' id='word_1_149' title='bbox 1239 1907 1373 1966; x_wconf 87' lang='lat' dir='ltr'><strong>praece-</strong></span> 
     </span>
     <span class='ocr_line' id='line_1_20' title="bbox 284 1965 1376 2049; baseline -0.004 -19"><span class='ocrx_word' id='word_1_150' title='bbox 284 1969 370 2032; x_wconf 91' lang='lat' dir='ltr'><strong>denti</strong></span> <span class='ocrx_word' id='word_1_151' title='bbox 391 1966 540 2028; x_wconf 76' lang='lat' dir='ltr'><strong>virilitate</strong></span> <span class='ocrx_word' id='word_1_152' title='bbox 557 1968 688 2046; x_wconf 88' lang='lat' dir='ltr'><strong>saevior,</strong></span> <span class='ocrx_word' id='word_1_153' title='bbox 712 1967 769 2028; x_wconf 89' lang='lat' dir='ltr'><strong>nisi</strong></span> <span class='ocrx_word' id='word_1_154' title='bbox 791 1969 897 2028; x_wconf 84' lang='lat' dir='ltr'><strong>Genao</strong></span> <span class='ocrx_word' id='word_1_155' title='bbox 917 1965 1055 2049; x_wconf 82' lang='lat' dir='ltr'><strong>pedestri</strong></span> <span class='ocrx_word' id='word_1_156' title='bbox 1076 1969 1193 2031; x_wconf 83' lang='lat' dir='ltr'><strong>virtute</strong></span> <span class='ocrx_word' id='word_1_157' title='bbox 1212 1971 1376 2031; x_wconf 84' lang='lat' dir='ltr'><strong>Romano.</strong></span> 
     </span>
     <span class='ocr_line' id='line_1_21' title="bbox 284 2050 1376 2134; baseline 0.002 -20"><span class='ocrx_word' id='word_1_158' title='bbox 284 2075 355 2114; x_wconf 84' lang='lat' dir='ltr'><strong>runa</strong></span> <span class='ocrx_word' id='word_1_159' title='bbox 378 2051 515 2112; x_wconf 86' lang='lat' dir='ltr'><strong>insistens</strong></span> <span class='ocrx_word' id='word_1_160' title='bbox 537 2072 641 2133; x_wconf 87' lang='lat' dir='ltr'><strong>pugna</strong></span> <span class='ocrx_word' id='word_1_161' title='bbox 673 2051 750 2113; x_wconf 89' lang='lat' dir='ltr'><strong>forti</strong></span> <span class='ocrx_word' id='word_1_162' title='bbox 771 2050 982 2132; x_wconf 78' lang='lat' dir='ltr'><strong>prohibuisset</strong></span> <span class='ocrx_word' id='word_1_163' title='bbox 999 2053 1133 2134; x_wconf 87' lang='lat' dir='ltr'><strong>impetus</strong></span> <span class='ocrx_word' id='word_1_164' title='bbox 1152 2053 1376 2116; x_wconf 84' lang='lat' dir='ltr'><strong>barbarorum.</strong></span> 
     </span>
    </p>
   </div>
   <div class='ocr_carea' id='block_1_3' title="bbox 33 2156 1381 4245">
    <p class='ocr_par' dir='ltr' id='par_1_3' title="bbox 33 2156 1376 2908">
     <span class='ocr_line' id='line_1_22' title="bbox 33 2156 1373 2240; baseline 0.002 -25"><span class='ocrx_word' id='word_1_165' title='bbox 33 2173 37 2182; x_wconf 88' lang='grc'>’</span> <span class='ocrx_word' id='word_1_166' title='bbox 127 2183 153 2235; x_wconf 81' lang='lat' dir='ltr'><strong>p.</strong></span> <span class='ocrx_word' id='word_1_167' title='bbox 167 2162 221 2216; x_wconf 72' lang='lat'><strong>419</strong></span> <span class='ocrx_word' id='word_1_168' title='bbox 238 2161 272 2217; x_wconf 86' lang='lat'><strong>10</strong></span> <span class='ocrx_word' id='word_1_169' title='bbox 363 2156 559 2220; x_wconf 88' lang='lat' dir='ltr'><strong>Duodecimn</strong></span> <span class='ocrx_word' id='word_1_170' title='bbox 586 2157 710 2240; x_wconf 90' lang='lat' dir='ltr'><strong>imperii</strong></span> <span class='ocrx_word' id='word_1_171' title='bbox 729 2158 875 2220; x_wconf 88' lang='lat' dir='ltr'><strong>Mauricii</strong></span> <span class='ocrx_word' id='word_1_172' title='bbox 898 2179 998 2235; x_wconf 89' lang='lat' dir='ltr'><strong>anno,</strong></span> <span class='ocrx_word' id='word_1_173' title='bbox 1020 2179 1092 2219; x_wconf 91' lang='lat' dir='ltr'><strong>eum</strong></span> <span class='ocrx_word' id='word_1_174' title='bbox 1115 2158 1238 2221; x_wconf 87' lang='lat' dir='ltr'><strong>Priscus</strong></span> <span class='ocrx_word' id='word_1_175' title='bbox 1258 2161 1373 2220; x_wconf 88' lang='lat' dir='ltr'><strong>iterum</strong></span> 
     </span>
     <span class='ocr_line' id='line_1_23' title="bbox 282 2241 1373 2326; baseline 0.002 -24"><span class='ocrx_word' id='word_1_176' title='bbox 282 2241 321 2303; x_wconf 87' lang='lat' dir='ltr'><strong>ad</strong></span> <span class='ocrx_word' id='word_1_177' title='bbox 352 2243 464 2304; x_wconf 86' lang='lat' dir='ltr'><strong>lstrum</strong></span> <span class='ocrx_word' id='word_1_178' title='bbox 495 2243 691 2325; x_wconf 29' lang='lat' dir='ltr'><strong>pervenisset·</strong></span> <span class='ocrx_word' id='word_1_179' title='bbox 715 2251 884 2324; x_wconf 82' lang='lat' dir='ltr'><strong>gentesque</strong></span> <span class='ocrx_word' id='word_1_180' title='bbox 913 2241 1130 2302; x_wconf 82' lang='lat' dir='ltr'><strong>Sclavinoruna</strong></span> <span class='ocrx_word' id='word_1_181' title='bbox 1167 2242 1373 2326; x_wconf 87' lang='lat' dir='ltr'><strong>depraedatus</strong></span> 
     </span>
     <span class='ocr_line' id='line_1_24' title="bbox 281 2323 1375 2409; baseline -0.005 -21"><span class='ocrx_word' id='word_1_182' title='bbox 281 2327 396 2404; x_wconf 87' lang='lat' dir='ltr'><strong>fuisset,</strong></span> <span class='ocrx_word' id='word_1_183' title='bbox 418 2324 500 2386; x_wconf 90' lang='lat' dir='ltr'><strong>haud</strong></span> <span class='ocrx_word' id='word_1_184' title='bbox 523 2323 677 2388; x_wconf 87' lang='lat' dir='ltr'><strong>modicam</strong></span> <span class='ocrx_word' id='word_1_185' title='bbox 709 2334 832 2408; x_wconf 80' lang='lat' dir='ltr'><strong>partem</strong></span> <span class='ocrx_word' id='word_1_186' title='bbox 858 2326 1043 2407; x_wconf 90' lang='lat' dir='ltr'><strong>imperatori</strong></span> <span class='ocrx_word' id='word_1_187' title='bbox 1070 2326 1193 2388; x_wconf 81' lang='lat' dir='ltr'><strong>direxit.</strong></span> <span class='ocrx_word' id='word_1_188' title='bbox 1235 2327 1375 2409; x_wconf 88' lang='lat' dir='ltr'><strong>impera.</strong></span> 
     </span>
     <span class='ocr_line' id='line_1_25' title="bbox 281 2407 1375 2492; baseline -0.001 -21"><span class='ocrx_word' id='word_1_189' title='bbox 281 2419 335 2471; x_wconf 91' lang='lat' dir='ltr'><strong>tor</strong></span> <span class='ocrx_word' id='word_1_190' title='bbox 356 2417 473 2488; x_wconf 87' lang='lat' dir='ltr'><strong>autem,</strong></span> <span class='ocrx_word' id='word_1_191' title='bbox 496 2411 588 2473; x_wconf 76' lang='lat' dir='ltr'><strong>naisso</strong></span> <span class='ocrx_word' id='word_1_192' title='bbox 611 2407 651 2470; x_wconf 91' lang='lat' dir='ltr'><strong>ad</strong></span> <span class='ocrx_word' id='word_1_193' title='bbox 670 2408 813 2471; x_wconf 88' lang='lat' dir='ltr'><strong>Priscum</strong></span> <span class='ocrx_word' id='word_1_194' title='bbox 831 2409 1005 2492; x_wconf 81' lang='lat' dir='ltr'><strong>Tutemere,</strong></span> <span class='ocrx_word' id='word_1_195' title='bbox 1026 2410 1114 2471; x_wconf 87' lang='lat' dir='ltr'><strong>iubet</strong></span> <span class='ocrx_word' id='word_1_196' title='bbox 1134 2410 1198 2471; x_wconf 90' lang='lat' dir='ltr'><strong>illie</strong></span> <span class='ocrx_word' id='word_1_197' title='bbox 1217 2417 1287 2470; x_wconf 90' lang='lat' dir='ltr'><strong>toto</strong></span> <span class='ocrx_word' id='word_1_198' title='bbox 1300 2408 1375 2470; x_wconf 80' lang='lat' dir='ltr'><strong>hie·</strong></span> 
     </span>
     <span class='ocr_line' id='line_1_26' title="bbox 283 2492 1374 2576; baseline -0.002 -21"><span class='ocrx_word' id='word_1_199' title='bbox 283 2494 354 2556; x_wconf 83' lang='lat' dir='ltr'><strong>naali</strong></span> <span class='ocrx_word' id='word_1_200' title='bbox 377 2504 522 2576; x_wconf 87' lang='lat' dir='ltr'><strong>tempore</strong></span> <span class='ocrx_word' id='word_1_201' title='bbox 546 2492 736 2555; x_wconf 83' lang='lat' dir='ltr'><strong>commorari</strong></span> <span class='ocrx_word' id='word_1_202' title='bbox 756 2495 926 2555; x_wconf 86' lang='lat' dir='ltr'><strong>Romanos.</strong></span> <span class='ocrx_word' id='word_1_203' title='bbox 970 2514 1035 2576; x_wconf 90' lang='lat' dir='ltr'><strong>qno</strong></span> <span class='ocrx_word' id='word_1_204' title='bbox 1059 2502 1225 2575; x_wconf 88' lang='lat' dir='ltr'><strong>comperto</strong></span> <span class='ocrx_word' id='word_1_205' title='bbox 1239 2492 1374 2556; x_wconf 85' lang='lat' dir='ltr'><strong>Romani</strong></span> 
     </span>
     <span class='ocr_line' id='line_1_27' title="bbox 283 2576 1373 2659; baseline -0.006 -20"><span class='ocrx_word' id='word_1_206' title='bbox 283 2578 550 2659; x_wconf 76' lang='lat' dir='ltr'><strong>contradicebant,</strong></span> <span class='ocrx_word' id='word_1_207' title='bbox 571 2584 776 2639; x_wconf 80' lang='lat' dir='ltr'><strong>asseverantes</strong></span> <span class='ocrx_word' id='word_1_208' title='bbox 805 2576 838 2638; x_wconf 92' lang='lat' dir='ltr'><strong>id</strong></span> <span class='ocrx_word' id='word_1_209' title='bbox 859 2599 922 2638; x_wconf 91' lang='lat' dir='ltr'><strong>non</strong></span> <span class='ocrx_word' id='word_1_210' title='bbox 951 2597 1040 2659; x_wconf 88' lang='lat' dir='ltr'><strong>posse</strong></span> <span class='ocrx_word' id='word_1_211' title='bbox 1062 2578 1130 2638; x_wconf 87' lang='lat' dir='ltr'><strong>lieri</strong></span> <span class='ocrx_word' id='word_1_212' title='bbox 1159 2585 1295 2658; x_wconf 85' lang='lat' dir='ltr'><strong>propter</strong></span> <span class='ocrx_word' id='word_1_213' title='bbox 1314 2595 1373 2637; x_wconf 89' lang='lat' dir='ltr'><strong>co.</strong></span> 
     </span>
     <span class='ocr_line' id='line_1_28' title="bbox 282 2658 1375 2744; baseline -0.002 -23"><span class='ocrx_word' id='word_1_214' title='bbox 282 2662 348 2744; x_wconf 90' lang='lat' dir='ltr'><strong>pias</strong></span> <span class='ocrx_word' id='word_1_215' title='bbox 370 2662 598 2740; x_wconf 87' lang='lat' dir='ltr'><strong>barbarorum,</strong></span> <span class='ocrx_word' id='word_1_216' title='bbox 620 2669 653 2723; x_wconf 90' lang='lat' dir='ltr'><strong>et</strong></span> <span class='ocrx_word' id='word_1_217' title='bbox 681 2679 741 2742; x_wconf 90' lang='lat' dir='ltr'><strong>pro</strong></span> <span class='ocrx_word' id='word_1_218' title='bbox 766 2680 805 2721; x_wconf 92' lang='lat' dir='ltr'><strong>eo</strong></span> <span class='ocrx_word' id='word_1_219' title='bbox 826 2658 913 2743; x_wconf 91' lang='lat' dir='ltr'><strong>qnod</strong></span> <span class='ocrx_word' id='word_1_220' title='bbox 934 2660 1022 2741; x_wconf 86' lang='lat' dir='ltr'><strong>regio</strong></span> <span class='ocrx_word' id='word_1_221' title='bbox 1042 2668 1120 2721; x_wconf 87' lang='lat' dir='ltr'><strong>esset</strong></span> <span class='ocrx_word' id='word_1_222' title='bbox 1138 2660 1195 2721; x_wconf 91' lang='lat' dir='ltr'><strong>sibi</strong></span> <span class='ocrx_word' id='word_1_223' title='bbox 1217 2660 1289 2721; x_wconf 90' lang='lat' dir='ltr'><strong>satis</strong></span> <span class='ocrx_word' id='word_1_224' title='bbox 1314 2658 1375 2720; x_wconf 88' lang='lat' dir='ltr'><strong>ad·</strong></span> 
     </span>
     <span class='ocr_line' id='line_1_29' title="bbox 283 2742 1376 2823; baseline 0.003 -20"><span class='ocrx_word' id='word_1_225' title='bbox 283 2766 379 2805; x_wconf 86' lang='lat' dir='ltr'><strong>versa.</strong></span> <span class='ocrx_word' id='word_1_226' title='bbox 401 2744 523 2804; x_wconf 89' lang='lat' dir='ltr'><strong>Priscus</strong></span> <span class='ocrx_word' id='word_1_227' title='bbox 544 2763 622 2805; x_wconf 86' lang='lat' dir='ltr'><strong>vero</strong></span> <span class='ocrx_word' id='word_1_228' title='bbox 644 2743 745 2803; x_wconf 85' lang='lat' dir='ltr'><strong>verbis</strong></span> <span class='ocrx_word' id='word_1_229' title='bbox 766 2742 969 2823; x_wconf 86' lang='lat' dir='ltr'><strong>persuasoriis</strong></span> <span class='ocrx_word' id='word_1_230' title='bbox 991 2742 1076 2803; x_wconf 80' lang='lat' dir='ltr'><strong>flexit</strong></span> <span class='ocrx_word' id='word_1_231' title='bbox 1094 2764 1146 2805; x_wconf 92' lang='lat' dir='ltr'><strong>eos</strong></span> <span class='ocrx_word' id='word_1_232' title='bbox 1169 2742 1285 2805; x_wconf 88' lang='lat' dir='ltr'><strong>ibidem</strong></span> <span class='ocrx_word' id='word_1_233' title='bbox 1305 2742 1376 2806; x_wconf 82' lang='lat' dir='ltr'><strong>bie·</strong></span> 
     </span>
     <span class='ocr_line' id='line_1_30' title="bbox 283 2825 1031 2908; baseline 0 -21"><span class='ocrx_word' id='word_1_234' title='bbox 283 2846 370 2887; x_wconf 87' lang='lat' dir='ltr'><strong>mare</strong></span> <span class='ocrx_word' id='word_1_235' title='bbox 393 2826 619 2908; x_wconf 81' lang='lat' dir='ltr'><strong>laesionemque</strong></span> <span class='ocrx_word' id='word_1_236' title='bbox 635 2825 786 2906; x_wconf 87' lang='lat' dir='ltr'><strong>principis</strong></span> <span class='ocrx_word' id='word_1_237' title='bbox 807 2845 1031 2887; x_wconf 81' lang='lat' dir='ltr'><strong>consummare.</strong></span> 
     </span>
    </p>

    <p class='ocr_par' dir='ltr' id='par_1_4' title="bbox 367 2908 1375 2992">
     <span class='ocr_line' id='line_1_31' title="bbox 367 2908 1375 2992; baseline 0.004 -25"><span class='ocrx_word' id='word_1_238' title='bbox 367 2908 477 2969; x_wconf 88' lang='lat' dir='ltr'><strong>Tertio</strong></span> <span class='ocrx_word' id='word_1_239' title='bbox 500 2908 620 2969; x_wconf 89' lang='lat' dir='ltr'><strong>decimo</strong></span> <span class='ocrx_word' id='word_1_240' title='bbox 642 2908 1025 2992; x_wconf 82' lang='lat' dir='ltr'><strong>imperiiManrioiianno‚</strong></span> <span class='ocrx_word' id='word_1_241' title='bbox 1046 2931 1108 2992; x_wconf 88' lang='lat' dir='ltr'><strong>qua</strong></span> <span class='ocrx_word' id='word_1_242' title='bbox 1129 2909 1274 2972; x_wconf 84' lang='lat' dir='ltr'><strong>videlieet</strong></span> <span class='ocrx_word' id='word_1_243' title='bbox 1293 2918 1375 2971; x_wconf 90' lang='lat' dir='ltr'><strong>tem·</strong></span> 
     </span>
    </p>

    <p class='ocr_par' dir='ltr' id='par_1_5' title="bbox 129 2992 1381 4245">
     <span class='ocr_line' id='line_1_32' title="bbox 286 2992 1375 3078; baseline 0 -26"><span class='ocrx_word' id='word_1_244' title='bbox 286 2999 404 3073; x_wconf 87' lang='lat' dir='ltr'><strong>pestate</strong></span> <span class='ocrx_word' id='word_1_245' title='bbox 427 2992 598 3073; x_wconf 82' lang='lat' dir='ltr'><strong>Gregorius</strong></span> <span class='ocrx_word' id='word_1_246' title='bbox 618 2992 805 3068; x_wconf 84' lang='lat' dir='ltr'><strong>Romanam,</strong></span> <span class='ocrx_word' id='word_1_247' title='bbox 828 2992 1205 3076; x_wconf 86' lang='lat' dir='ltr'><strong>Constantinopolitanam</strong></span> <span class='ocrx_word' id='word_1_248' title='bbox 1226 2994 1375 3078; x_wconf 82' lang='lat' dir='ltr'><strong>Cyriacus</strong></span> 
     </span>
     <span class='ocr_line' id='line_1_33' title="bbox 129 3074 1375 3163; baseline -0.004 -24"><span class='ocrx_word' id='word_1_249' title='bbox 129 3084 226 3163; x_wconf 70' lang='lat' dir='ltr'><strong>ptttl</strong></span> <span class='ocrx_word' id='word_1_250' title='bbox 245 3086 318 3140; x_wconf 76' lang='lat' dir='ltr'><strong>ltet</strong></span> <span class='ocrx_word' id='word_1_251' title='bbox 336 3074 472 3137; x_wconf 91' lang='lat' dir='ltr'><strong>seeundo</strong></span> <span class='ocrx_word' id='word_1_252' title='bbox 495 3074 666 3137; x_wconf 79' lang='lat' dir='ltr'><strong>Anastasius</strong></span> <span class='ocrx_word' id='word_1_253' title='bbox 695 3076 919 3138; x_wconf 80' lang='lat' dir='ltr'><strong>Antiochenam</strong></span> <span class='ocrx_word' id='word_1_254' title='bbox 951 3078 1080 3159; x_wconf 87' lang='lat' dir='ltr'><strong>regebat</strong></span> <span class='ocrx_word' id='word_1_255' title='bbox 1107 3077 1284 3155; x_wconf 82' lang='lat' dir='ltr'><strong>eeclesiam,</strong></span> <span class='ocrx_word' id='word_1_256' title='bbox 1316 3098 1375 3137; x_wconf 87' lang='lat' dir='ltr'><strong>na.</strong></span> 
     </span>
     <span class='ocr_line' id='line_1_34' title="bbox 285 3156 1374 3244; baseline 0 -24"><span class='ocrx_word' id='word_1_257' title='bbox 285 3167 416 3221; x_wconf 83' lang='lat' dir='ltr'><strong>scantur</strong></span> <span class='ocrx_word' id='word_1_258' title='bbox 434 3156 580 3241; x_wconf 88' lang='lat' dir='ltr'><strong>prodigia</strong></span> <span class='ocrx_word' id='word_1_259' title='bbox 597 3158 629 3219; x_wconf 93' lang='lat' dir='ltr'><strong>in</strong></span> <span class='ocrx_word' id='word_1_260' title='bbox 651 3158 838 3221; x_wconf 88' lang='lat' dir='ltr'><strong>suburbanis</strong></span> <span class='ocrx_word' id='word_1_261' title='bbox 856 3160 1007 3243; x_wconf 81' lang='lat' dir='ltr'><strong>Byzantii,</strong></span> <span class='ocrx_word' id='word_1_262' title='bbox 1027 3182 1108 3243; x_wconf 92' lang='lat' dir='ltr'><strong>puer</strong></span> <span class='ocrx_word' id='word_1_263' title='bbox 1128 3160 1272 3223; x_wconf 86' lang='lat' dir='ltr'><strong>videlicet</strong></span> <span class='ocrx_word' id='word_1_264' title='bbox 1295 3180 1374 3244; x_wconf 85' lang='lat' dir='ltr'><strong>qua·</strong></span> 
     </span>
     <span class='ocr_line' id='line_1_35' title="bbox 286 3241 1375 3325; baseline 0.002 -23"><span class='ocrx_word' id='word_1_265' title='bbox 286 3241 411 3325; x_wconf 86' lang='lat' dir='ltr'><strong>drupes,</strong></span> <span class='ocrx_word' id='word_1_266' title='bbox 432 3250 463 3303; x_wconf 90' lang='lat' dir='ltr'><strong>et</strong></span> <span class='ocrx_word' id='word_1_267' title='bbox 482 3241 561 3303; x_wconf 89' lang='lat' dir='ltr'><strong>alter</strong></span> <span class='ocrx_word' id='word_1_268' title='bbox 581 3242 659 3305; x_wconf 92' lang='lat' dir='ltr'><strong>duos</strong></span> <span class='ocrx_word' id='word_1_269' title='bbox 691 3243 822 3305; x_wconf 86' lang='lat' dir='ltr'><strong>vertices</strong></span> <span class='ocrx_word' id='word_1_270' title='bbox 851 3242 980 3305; x_wconf 83' lang='lat' dir='ltr'><strong>habens.</strong></span> <span class='ocrx_word' id='word_1_271' title='bbox 1030 3245 1119 3305; x_wconf 88' lang='lat' dir='ltr'><strong>aiunt</strong></span> <span class='ocrx_word' id='word_1_272' title='bbox 1139 3254 1244 3306; x_wconf 81' lang='lat' dir='ltr'><strong>antem</strong></span> <span class='ocrx_word' id='word_1_273' title='bbox 1263 3242 1297 3304; x_wconf 92' lang='lat' dir='ltr'><strong>hi</strong></span> <span class='ocrx_word' id='word_1_274' title='bbox 1318 3242 1375 3325; x_wconf 89' lang='lat' dir='ltr'><strong>qni</strong></span> 
     </span>
     <span class='ocr_line' id='line_1_36' title="bbox 285 3322 1377 3412; baseline 0 -27"><span class='ocrx_word' id='word_1_275' title='bbox 285 3322 430 3387; x_wconf 88' lang='lat' dir='ltr'><strong>historias</strong></span> <span class='ocrx_word' id='word_1_276' title='bbox 453 3324 591 3409; x_wconf 84' lang='lat' dir='ltr'><strong>diligenti</strong></span> <span class='ocrx_word' id='word_1_277' title='bbox 612 3324 716 3388; x_wconf 89' lang='lat' dir='ltr'><strong>studio</strong></span> <span class='ocrx_word' id='word_1_278' title='bbox 735 3326 897 3404; x_wconf 87' lang='lat' dir='ltr'><strong>scribunt,</strong></span> <span class='ocrx_word' id='word_1_279' title='bbox 919 3347 982 3387; x_wconf 93' lang='lat' dir='ltr'><strong>non</strong></span> <span class='ocrx_word' id='word_1_280' title='bbox 1003 3327 1170 3412; x_wconf 85' lang='lat' dir='ltr'><strong>significari</strong></span> <span class='ocrx_word' id='word_1_281' title='bbox 1191 3328 1275 3389; x_wconf 87' lang='lat' dir='ltr'><strong>bona</strong></span> <span class='ocrx_word' id='word_1_282' title='bbox 1296 3326 1377 3387; x_wconf 85' lang='lat' dir='ltr'><strong>eiai-</strong></span> 
     </span>
     <span class='ocr_line' id='line_1_37' title="bbox 285 3408 1375 3492; baseline 0 -21"><span class='ocrx_word' id='word_1_283' title='bbox 285 3409 402 3472; x_wconf 89' lang='lat' dir='ltr'><strong>tatibus</strong></span> <span class='ocrx_word' id='word_1_284' title='bbox 426 3410 591 3492; x_wconf 88' lang='lat' dir='ltr'><strong>inquibus</strong></span> <span class='ocrx_word' id='word_1_285' title='bbox 612 3419 780 3471; x_wconf 88' lang='lat' dir='ltr'><strong>naseuntur</strong></span> <span class='ocrx_word' id='word_1_286' title='bbox 810 3408 998 3472; x_wconf 85' lang='lat' dir='ltr'><strong>huiusmodi.</strong></span> <span class='ocrx_word' id='word_1_287' title='bbox 1052 3420 1085 3471; x_wconf 92' lang='lat' dir='ltr'><strong>at</strong></span> <span class='ocrx_word' id='word_1_288' title='bbox 1104 3432 1180 3473; x_wconf 82' lang='lat' dir='ltr'><strong>vero</strong></span> <span class='ocrx_word' id='word_1_289' title='bbox 1203 3411 1375 3492; x_wconf 84' lang='lat' dir='ltr'><strong>imperator</strong></span> 
     </span>
     <span class='ocr_line' id='line_1_38' title="bbox 284 3492 1377 3577; baseline -0.003 -22"><span class='ocrx_word' id='word_1_290' title='bbox 284 3492 427 3555; x_wconf 89' lang='lat' dir='ltr'><strong>Priscum</strong></span> <span class='ocrx_word' id='word_1_291' title='bbox 447 3494 721 3575; x_wconf 56' lang='lat' dir='ltr'><strong>praeturaprivag</strong></span> <span class='ocrx_word' id='word_1_292' title='bbox 742 3504 775 3556; x_wconf 86' lang='lat' dir='ltr'><strong>et</strong></span> <span class='ocrx_word' id='word_1_293' title='bbox 787 3495 914 3555; x_wconf 88' lang='lat' dir='ltr'><strong>Petrum</strong></span> <span class='ocrx_word' id='word_1_294' title='bbox 935 3496 1066 3556; x_wconf 89' lang='lat' dir='ltr'><strong>fratrem</strong></span> <span class='ocrx_word' id='word_1_295' title='bbox 1089 3515 1178 3555; x_wconf 87' lang='lat' dir='ltr'><strong>sunm</strong></span> <span class='ocrx_word' id='word_1_296' title='bbox 1194 3503 1377 3577; x_wconf 84' lang='lat' dir='ltr'><strong>praetorem</strong></span> 
     </span>
     <span class='ocr_line' id='line_1_39' title="bbox 286 3575 1377 3661; baseline -0.002 -24"><span class='ocrx_word' id='word_1_297' title='bbox 286 3576 444 3637; x_wconf 88' lang='lat' dir='ltr'><strong>Romanae</strong></span> <span class='ocrx_word' id='word_1_298' title='bbox 473 3576 547 3636; x_wconf 90' lang='lat' dir='ltr'><strong>fecit</strong></span> <span class='ocrx_word' id='word_1_299' title='bbox 581 3576 715 3638; x_wconf 80' lang='lat' dir='ltr'><strong>virtutis.</strong></span> <span class='ocrx_word' id='word_1_300' title='bbox 767 3577 872 3661; x_wconf 86' lang='lat' dir='ltr'><strong>itaque</strong></span> <span class='ocrx_word' id='word_1_301' title='bbox 901 3577 1024 3639; x_wconf 89' lang='lat' dir='ltr'><strong>Priscus</strong></span> <span class='ocrx_word' id='word_1_302' title='bbox 1053 3579 1179 3661; x_wconf 89' lang='lat' dir='ltr'><strong>quidem</strong></span> <span class='ocrx_word' id='word_1_303' title='bbox 1209 3575 1377 3638; x_wconf 87' lang='lat' dir='ltr'><strong>virtutibus</strong></span> 
     </span>
     <span class='ocr_line' id='line_1_40' title="bbox 287 3658 1377 3743; baseline -0.003 -22"><span class='ocrx_word' id='word_1_304' title='bbox 287 3660 438 3741; x_wconf 85' lang='lat' dir='ltr'><strong>sumptis,</strong></span> <span class='ocrx_word' id='word_1_305' title='bbox 469 3658 651 3742; x_wconf 88' lang='lat' dir='ltr'><strong>priusquam</strong></span> <span class='ocrx_word' id='word_1_306' title='bbox 680 3660 792 3722; x_wconf 90' lang='lat' dir='ltr'><strong>Petrus</strong></span> <span class='ocrx_word' id='word_1_307' title='bbox 824 3662 1036 3743; x_wconf 83' lang='lat' dir='ltr'><strong>pervenisset,</strong></span> <span class='ocrx_word' id='word_1_308' title='bbox 1057 3668 1225 3723; x_wconf 87' lang='lat' dir='ltr'><strong>transmeat</strong></span> <span class='ocrx_word' id='word_1_309' title='bbox 1244 3681 1377 3720; x_wconf 89' lang='lat' dir='ltr'><strong>amnem.</strong></span> 
     </span>
     <span class='ocr_line' id='line_1_41' title="bbox 288 3738 1379 3825; baseline -0.001 -22"><span class='ocrx_word' id='word_1_310' title='bbox 288 3738 440 3825; x_wconf 85' lang='lat' dir='ltr'><strong>&#39;chaganus</strong></span> <span class='ocrx_word' id='word_1_311' title='bbox 464 3749 567 3802; x_wconf 87' lang='lat' dir='ltr'><strong>autem</strong></span> <span class='ocrx_word' id='word_1_312' title='bbox 589 3742 721 3804; x_wconf 88' lang='lat' dir='ltr'><strong>transitu</strong></span> <span class='ocrx_word' id='word_1_313' title='bbox 742 3744 875 3805; x_wconf 88' lang='lat' dir='ltr'><strong>Romani</strong></span> <span class='ocrx_word' id='word_1_314' title='bbox 899 3744 1008 3807; x_wconf 89' lang='lat' dir='ltr'><strong>audito</strong></span> <span class='ocrx_word' id='word_1_315' title='bbox 1032 3746 1183 3807; x_wconf 76' lang='lat' dir='ltr'><strong>exercitus</strong></span> <span class='ocrx_word' id='word_1_316' title='bbox 1206 3741 1294 3805; x_wconf 81' lang='lat' dir='ltr'><strong>valde</strong></span> <span class='ocrx_word' id='word_1_317' title='bbox 1315 3742 1379 3802; x_wconf 88' lang='lat' dir='ltr'><strong>mi-</strong></span> 
     </span>
     <span class='ocr_line' id='line_1_42' title="bbox 289 3825 1381 3911; baseline 0.002 -26"><span class='ocrx_word' id='word_1_318' title='bbox 289 3835 373 3889; x_wconf 86' lang='lat' dir='ltr'><strong>ratos</strong></span> <span class='ocrx_word' id='word_1_319' title='bbox 395 3834 451 3903; x_wconf 83' lang='lat' dir='ltr'><strong>est,</strong></span> <span class='ocrx_word' id='word_1_320' title='bbox 471 3834 502 3886; x_wconf 92' lang='lat' dir='ltr'><strong>et</strong></span> <span class='ocrx_word' id='word_1_321' title='bbox 523 3825 563 3888; x_wconf 83' lang='lat' dir='ltr'><strong>ad</strong></span> <span class='ocrx_word' id='word_1_322' title='bbox 582 3825 724 3888; x_wconf 87' lang='lat' dir='ltr'><strong>Priscum</strong></span> <span class='ocrx_word' id='word_1_323' title='bbox 744 3828 844 3905; x_wconf 85' lang='lat' dir='ltr'><strong>misit,</strong></span> <span class='ocrx_word' id='word_1_324' title='bbox 878 3827 996 3890; x_wconf 88' lang='lat' dir='ltr'><strong>discere</strong></span> <span class='ocrx_word' id='word_1_325' title='bbox 1028 3848 1149 3889; x_wconf 86' lang='lat' dir='ltr'><strong>eausam</strong></span> <span class='ocrx_word' id='word_1_326' title='bbox 1172 3846 1333 3911; x_wconf 86' lang='lat' dir='ltr'><strong>quaerens,</strong></span> <span class='ocrx_word' id='word_1_327' title='bbox 1347 3834 1381 3887; x_wconf 91' lang='lat' dir='ltr'><strong>et</strong></span> 
     </span>
     <span class='ocr_line' id='line_1_43' title="bbox 189 3908 1381 3994; baseline -0.001 -24"><span class='ocrx_word' id='word_1_328' title='bbox 189 3909 424 3994; x_wconf 69' lang='lat' dir='ltr'><strong>pttlprsedae</strong></span> <span class='ocrx_word' id='word_1_329' title='bbox 444 3930 566 3971; x_wconf 87' lang='lat' dir='ltr'><strong>sumere</strong></span> <span class='ocrx_word' id='word_1_330' title='bbox 582 3920 716 3991; x_wconf 84' lang='lat' dir='ltr'><strong>purtem,</strong></span> <span class='ocrx_word' id='word_1_331' title='bbox 735 3910 843 3994; x_wconf 88' lang='lat' dir='ltr'><strong>sicque</strong></span> <span class='ocrx_word' id='word_1_332' title='bbox 860 3934 982 3973; x_wconf 88' lang='lat' dir='ltr'><strong>amnem</strong></span> <span class='ocrx_word' id='word_1_333' title='bbox 1002 3913 1159 3975; x_wconf 83' lang='lat' dir='ltr'><strong>transire:</strong></span> <span class='ocrx_word' id='word_1_334' title='bbox 1185 3911 1273 3972; x_wconf 88' lang='lat' dir='ltr'><strong>nimis</strong></span> <span class='ocrx_word' id='word_1_335' title='bbox 1295 3908 1381 3972; x_wconf 89' lang='lat' dir='ltr'><strong>enim</strong></span> 
     </span>
     <span class='ocr_line' id='line_1_44' title="bbox 289 3992 1379 4078; baseline 0 -25"><span class='ocrx_word' id='word_1_336' title='bbox 289 3992 443 4055; x_wconf 83' lang='lat' dir='ltr'><strong>saeviebat</strong></span> <span class='ocrx_word' id='word_1_337' title='bbox 462 4014 557 4077; x_wconf 90' lang='lat' dir='ltr'><strong>super</strong></span> <span class='ocrx_word' id='word_1_338' title='bbox 577 3992 774 4056; x_wconf 88' lang='lat' dir='ltr'><strong>felicitatibus</strong></span> <span class='ocrx_word' id='word_1_339' title='bbox 794 3992 1020 4056; x_wconf 81' lang='lat' dir='ltr'><strong>Romanorum.</strong></span> <span class='ocrx_word' id='word_1_340' title='bbox 1041 3996 1138 4056; x_wconf 87' lang='lat' dir='ltr'><strong>mittit</strong></span> <span class='ocrx_word' id='word_1_341' title='bbox 1159 4016 1234 4078; x_wconf 86' lang='lat' dir='ltr'><strong>ergo</strong></span> <span class='ocrx_word' id='word_1_342' title='bbox 1254 3992 1379 4055; x_wconf 89' lang='lat' dir='ltr'><strong>Priscus</strong></span> 
     </span>
     <span class='ocr_line' id='line_1_45' title="bbox 289 4074 1379 4160; baseline 0.001 -25"><span class='ocrx_word' id='word_1_343' title='bbox 289 4080 384 4157; x_wconf 86' lang='lat' dir='ltr'><strong>super</strong></span> <span class='ocrx_word' id='word_1_344' title='bbox 402 4074 465 4137; x_wconf 92' lang='lat' dir='ltr'><strong>hoc</strong></span> <span class='ocrx_word' id='word_1_345' title='bbox 487 4076 525 4139; x_wconf 90' lang='lat' dir='ltr'><strong>ad</strong></span> <span class='ocrx_word' id='word_1_346' title='bbox 543 4075 715 4160; x_wconf 84' lang='lat' dir='ltr'><strong>choganum</strong></span> <span class='ocrx_word' id='word_1_347' title='bbox 743 4076 877 4159; x_wconf 86' lang='lat' dir='ltr'><strong>legatum</strong></span> <span class='ocrx_word' id='word_1_348' title='bbox 903 4077 1119 4155; x_wconf 84' lang='lat' dir='ltr'><strong>Theodorum,</strong></span> <span class='ocrx_word' id='word_1_349' title='bbox 1144 4078 1289 4141; x_wconf 79' lang='lat' dir='ltr'><strong>videlicet</strong></span> <span class='ocrx_word' id='word_1_350' title='bbox 1307 4098 1379 4137; x_wconf 71' lang='grc' dir='ltr'><strong>ωο-</strong></span> 
     </span>
     <span class='ocr_line' id='line_1_46' title="bbox 290 4158 1379 4245; baseline -0.001 -24"><span class='ocrx_word' id='word_1_351' title='bbox 290 4158 394 4223; x_wconf 88' lang='lat' dir='ltr'><strong>dicum</strong></span> <span class='ocrx_word' id='word_1_352' title='bbox 424 4160 588 4243; x_wconf 87' lang='lat' dir='ltr'><strong>sagacitate</strong></span> <span class='ocrx_word' id='word_1_353' title='bbox 616 4182 653 4223; x_wconf 85' lang='lat' dir='ltr'><strong>ac</strong></span> <span class='ocrx_word' id='word_1_354' title='bbox 685 4161 887 4245; x_wconf 86' lang='lat' dir='ltr'><strong>intelligentia</strong></span> <span class='ocrx_word' id='word_1_355' title='bbox 916 4170 1133 4244; x_wconf 81' lang='lat' dir='ltr'><strong>perornatum.</strong></span> <span class='ocrx_word' id='word_1_356' title='bbox 1183 4164 1240 4227; x_wconf 86' lang='lat' dir='ltr'><strong>iste</strong></span> <span class='ocrx_word' id='word_1_357' title='bbox 1270 4159 1379 4223; x_wconf 81' lang='lat' dir='ltr'><strong>videns</strong></span> 
     </span>
    </p>
   </div>
   <div class='ocr_carea' id='block_1_4' title="bbox 0 0 1549 4900">
    <p class='ocr_par' dir='ltr' id='par_1_6' title="bbox 0 0 1549 4900">
     <span class='ocr_line' id='line_1_47' title="bbox 0 0 1549 4900; baseline 0 0"><span class='ocrx_word' id='word_1_358' title='bbox 0 0 1549 4900; x_wconf 95' lang='lat' dir='ltr'><strong> </strong></span> 
     </span>
    </p>
   </div>
  </div>
 </body>
</html>
