<?xml version="1.0" encoding="UTF-8"?>
<!DOCTYPE html PUBLIC "-//W3C//DTD XHTML 1.0 Transitional//EN"
    "http://www.w3.org/TR/xhtml1/DTD/xhtml1-transitional.dtd">
<html xmlns="http://www.w3.org/1999/xhtml" xml:lang="en" lang="en">
 <head>
  <title>
</title>
<meta http-equiv="Content-Type" content="text/html;charset=utf-8" />
  <meta name='ocr-system' content='tesseract 3.04.00' />
  <meta name='ocr-capabilities' content='ocr_page ocr_carea ocr_par ocr_line ocrx_word'/>
</head>
<body>
  <div class='ocr_page' id='page_1' title='image "./corpusscriptoru34theogoog_0274.png"; bbox 0 0 3050 4900; ppageno 0'>
   <div class='ocr_carea' id='block_1_1' title="bbox 527 279 1261 386">
    <p class='ocr_par' dir='ltr' id='par_1_1' title="bbox 527 279 1261 386">
     <span class='ocr_line' id='line_1_1' title="bbox 527 279 1261 386; baseline -0.003 -2"><span class='ocrx_word' id='word_1_1' title='bbox 527 279 602 384; x_wconf 61' lang='lat' dir='ltr'><strong>&#39;ax</strong></span> <span class='ocrx_word' id='word_1_2' title='bbox 630 318 891 386; x_wconf 74' lang='lat' dir='ltr'><strong>ramassaun.</strong></span> <span class='ocrx_word' id='word_1_3' title='bbox 1188 310 1261 382; x_wconf 77' lang='lat' dir='ltr'><strong>ooo</strong></span> 
     </span>
    </p>
   </div>
   <div class='ocr_carea' id='block_1_2' title="bbox 129 489 1365 3835">
    <p class='ocr_par' dir='ltr' id='par_1_2' title="bbox 129 489 1365 3835">
     <span class='ocr_line' id='line_1_2' title="bbox 129 489 1263 574; baseline -0.001 -23"><span class='ocrx_word' id='word_1_4' title='bbox 129 506 138 513; x_wconf 87' lang='lat'>·</span> <span class='ocrx_word' id='word_1_5' title='bbox 167 491 225 551; x_wconf 88' lang='lat' dir='ltr'><strong>bus</strong></span> <span class='ocrx_word' id='word_1_6' title='bbox 247 489 289 550; x_wconf 89' lang='lat' dir='ltr'><strong>sit</strong></span> <span class='ocrx_word' id='word_1_7' title='bbox 309 510 423 552; x_wconf 89' lang='lat' dir='ltr'><strong>nomen</strong></span> <span class='ocrx_word' id='word_1_8' title='bbox 438 489 557 552; x_wconf 89' lang='lat' dir='ltr'><strong>domini</strong></span> <span class='ocrx_word' id='word_1_9' title='bbox 576 490 788 570; x_wconf 87' lang='lat' dir='ltr'><strong>benedictum,</strong></span> <span class='ocrx_word' id='word_1_10' title='bbox 805 491 899 552; x_wconf 91' lang='lat' dir='ltr'><strong>solius</strong></span> <span class='ocrx_word' id='word_1_11' title='bbox 915 489 995 574; x_wconf 79' lang='lat' dir='ltr'><strong>regis</strong></span> <span class='ocrx_word' id='word_1_12' title='bbox 1016 511 1124 574; x_wconf 79' lang='lat' dir='ltr'><strong>rogum</strong></span> <span class='ocrx_word' id='word_1_13' title='bbox 1147 496 1179 552; x_wconf 88' lang='lat' dir='ltr'><strong>et</strong></span> <span class='ocrx_word' id='word_1_14' title='bbox 1202 490 1263 550; x_wconf 85' lang='lat' dir='ltr'><strong>do-</strong></span> 
     </span>
     <span class='ocr_line' id='line_1_3' title="bbox 165 571 1263 658; baseline -0.002 -24"><span class='ocrx_word' id='word_1_15' title='bbox 165 574 243 634; x_wconf 85' lang='lat' dir='ltr'><strong>mini</strong></span> <span class='ocrx_word' id='word_1_16' title='bbox 264 571 476 636; x_wconf 86' lang='lat' dir='ltr'><strong>dominorum.</strong></span> <span class='ocrx_word' id='word_1_17' title='bbox 518 596 620 658; x_wconf 89' lang='lat' dir='ltr'><strong>porro</strong></span> <span class='ocrx_word' id='word_1_18' title='bbox 641 574 769 636; x_wconf 89' lang='lat' dir='ltr'><strong>modum</strong></span> <span class='ocrx_word' id='word_1_19' title='bbox 780 575 992 658; x_wconf 80' lang='lat' dir='ltr'><strong>promotionis</strong></span> <span class='ocrx_word' id='word_1_20' title='bbox 1015 583 1086 636; x_wconf 89' lang='lat' dir='ltr'><strong>tuae</strong></span> <span class='ocrx_word' id='word_1_21' title='bbox 1108 575 1168 636; x_wconf 90' lang='lat' dir='ltr'><strong>deo</strong></span> <span class='ocrx_word' id='word_1_22' title='bbox 1189 573 1263 634; x_wconf 90' lang='lat' dir='ltr'><strong>red-</strong></span> 
     </span>
     <span class='ocr_line' id='line_1_4' title="bbox 165 654 1262 740; baseline -0.003 -21"><span class='ocrx_word' id='word_1_23' title='bbox 165 658 222 733; x_wconf 87' lang='lat' dir='ltr'><strong>do,</strong></span> <span class='ocrx_word' id='word_1_24' title='bbox 246 678 311 740; x_wconf 89' lang='lat' dir='ltr'><strong>qnc</strong></span> <span class='ocrx_word' id='word_1_25' title='bbox 330 668 460 739; x_wconf 81' lang='lat' dir='ltr'><strong>excepto</strong></span> <span class='ocrx_word' id='word_1_26' title='bbox 482 657 525 718; x_wconf 92' lang='lat' dir='ltr'><strong>nil</strong></span> <span class='ocrx_word' id='word_1_27' title='bbox 548 659 617 720; x_wconf 87' lang='lat' dir='ltr'><strong>lieri</strong></span> <span class='ocrx_word' id='word_1_28' title='bbox 638 659 769 722; x_wconf 90' lang='lat' dir='ltr'><strong>credidi.</strong></span> <span class='ocrx_word' id='word_1_29' title='bbox 810 667 1024 722; x_wconf 78' lang='lat' dir='ltr'><strong>verumtamen</strong></span> <span class='ocrx_word' id='word_1_30' title='bbox 1047 658 1162 720; x_wconf 88' lang='lat' dir='ltr'><strong>delatas</strong></span> <span class='ocrx_word' id='word_1_31' title='bbox 1186 654 1262 716; x_wconf 88' lang='lat' dir='ltr'><strong>mihi</strong></span> 
     </span>
     <span class='ocr_line' id='line_1_5' title="bbox 167 740 1365 840; baseline -0.003 -38"><span class='ocrx_word' id='word_1_32' title='bbox 167 750 284 802; x_wconf 83' lang='lat' dir='ltr'><strong>contra</strong></span> <span class='ocrx_word' id='word_1_33' title='bbox 304 750 337 802; x_wconf 90' lang='lat' dir='ltr'><strong>te</strong></span> <span class='ocrx_word' id='word_1_34' title='bbox 357 762 452 823; x_wconf 86' lang='lat' dir='ltr'><strong>super</strong></span> <span class='ocrx_word' id='word_1_35' title='bbox 473 740 633 826; x_wconf 74' lang='lat' dir='ltr'><strong>dignitate,</strong></span> <span class='ocrx_word' id='word_1_36' title='bbox 655 765 718 840; x_wconf 89' lang='lat' dir='ltr'><strong>qna</strong></span> <span class='ocrx_word' id='word_1_37' title='bbox 738 763 822 804; x_wconf 90' lang='lat' dir='ltr'><strong>nunc</strong></span> <span class='ocrx_word' id='word_1_38' title='bbox 842 743 1067 818; x_wconf 83' lang='lat' dir='ltr'><strong>circumdaris,</strong></span> <span class='ocrx_word' id='word_1_39' title='bbox 1089 741 1262 802; x_wconf 71' lang='lat' dir='ltr'><strong>auditiones</strong></span> <span class='ocrx_word' id='word_1_40' title='bbox 1270 763 1298 818; x_wconf 89' lang='lat' dir='ltr'><strong>p.</strong></span> <span class='ocrx_word' id='word_1_41' title='bbox 1312 744 1365 800; x_wconf 76' lang='lat'><strong>⁷42</strong></span> 
     </span>
     <span class='ocr_line' id='line_1_6' title="bbox 166 825 1262 908; baseline 0.002 -24"><span class='ocrx_word' id='word_1_42' title='bbox 166 845 233 885; x_wconf 92' lang='lat' dir='ltr'><strong>noo</strong></span> <span class='ocrx_word' id='word_1_43' title='bbox 256 825 399 906; x_wconf 56' lang='lat' dir='ltr'><strong>ignorum</strong></span> <span class='ocrx_word' id='word_1_44' title='bbox 420 847 496 908; x_wconf 86' lang='lat' dir='ltr'><strong>quas</strong></span> <span class='ocrx_word' id='word_1_45' title='bbox 519 847 607 886; x_wconf 87' lang='lat' dir='ltr'><strong>veras</strong></span> <span class='ocrx_word' id='word_1_46' title='bbox 629 827 720 890; x_wconf 73' lang='lat' dir='ltr'><strong>forme</strong></span> <span class='ocrx_word' id='word_1_47' title='bbox 735 848 843 888; x_wconf 89' lang='lat' dir='ltr'><strong>rerum</strong></span> <span class='ocrx_word' id='word_1_48' title='bbox 859 826 927 887; x_wconf 88' lang='lat' dir='ltr'><strong>linis</strong></span> <span class='ocrx_word' id='word_1_49' title='bbox 954 825 1100 902; x_wconf 76' lang='lat' dir='ltr'><strong>ostendit,</strong></span> <span class='ocrx_word' id='word_1_50' title='bbox 1123 844 1262 908; x_wconf 86' lang='lat' dir='ltr'><strong>quasque</strong></span> 
     </span>
     <span class='ocr_line' id='line_1_7' title="bbox 163 907 1264 985; baseline -0.001 -16"><span class='ocrx_word' id='word_1_51' title='bbox 163 909 189 969; x_wconf 90' lang='lat' dir='ltr'><strong>si</strong></span> <span class='ocrx_word' id='word_1_52' title='bbox 211 907 339 969; x_wconf 87' lang='lat' dir='ltr'><strong>moleste</strong></span> <span class='ocrx_word' id='word_1_53' title='bbox 378 909 530 985; x_wconf 75' lang='lat' dir='ltr'><strong>tulissem,</strong></span> <span class='ocrx_word' id='word_1_54' title='bbox 560 909 650 971; x_wconf 85' lang='lat' dir='ltr'><strong>t&#39;acile</strong></span> <span class='ocrx_word' id='word_1_55' title='bbox 679 910 755 971; x_wconf 90' lang='lat' dir='ltr'><strong>mihi</strong></span> <span class='ocrx_word' id='word_1_56' title='bbox 784 921 853 972; x_wconf 89' lang='lat' dir='ltr'><strong>erat</strong></span> <span class='ocrx_word' id='word_1_57' title='bbox 887 908 1094 972; x_wconf 90' lang='lat' dir='ltr'><strong>interficiendi</strong></span> <span class='ocrx_word' id='word_1_58' title='bbox 1115 917 1156 970; x_wconf 88' lang='lat' dir='ltr'><strong>te.</strong></span> <span class='ocrx_word' id='word_1_59' title='bbox 1208 907 1264 968; x_wconf 87' lang='lat' dir='ltr'><strong>sed</strong></span> 
     </span>
     <span class='ocr_line' id='line_1_8' title="bbox 165 991 1263 1075; baseline 0 -23"><span class='ocrx_word' id='word_1_60' title='bbox 165 991 264 1053; x_wconf 88' lang='lat' dir='ltr'><strong>modo</strong></span> <span class='ocrx_word' id='word_1_61' title='bbox 288 991 468 1055; x_wconf 84' lang='lat' dir='ltr'><strong>iuramentis</strong></span> <span class='ocrx_word' id='word_1_62' title='bbox 490 993 550 1053; x_wconf 90' lang='lat' dir='ltr'><strong>tuis</strong></span> <span class='ocrx_word' id='word_1_63' title='bbox 570 993 712 1072; x_wconf 85' lang='lat' dir='ltr'><strong>fidendo,</strong></span> <span class='ocrx_word' id='word_1_64' title='bbox 742 993 838 1055; x_wconf 91' lang='lat' dir='ltr'><strong>modo</strong></span> <span class='ocrx_word' id='word_1_65' title='bbox 869 993 929 1054; x_wconf 93' lang='lat' dir='ltr'><strong>tibi</strong></span> <span class='ocrx_word' id='word_1_66' title='bbox 952 994 1125 1075; x_wconf 79' lang='lat' dir='ltr'><strong>parcendo,</strong></span> <span class='ocrx_word' id='word_1_67' title='bbox 1148 992 1263 1052; x_wconf 90' lang='lat' dir='ltr'><strong>multos</strong></span> 
     </span>
     <span class='ocr_line' id='line_1_9' title="bbox 163 1074 1263 1160; baseline 0 -24"><span class='ocrx_word' id='word_1_68' title='bbox 163 1075 245 1136; x_wconf 91' lang='lat' dir='ltr'><strong>mihi</strong></span> <span class='ocrx_word' id='word_1_69' title='bbox 266 1074 396 1137; x_wconf 81' lang='lat' dir='ltr'><strong>devotos</strong></span> <span class='ocrx_word' id='word_1_70' title='bbox 418 1076 614 1157; x_wconf 75' lang='lat' dir='ltr'><strong>parvipendi,</strong></span> <span class='ocrx_word' id='word_1_71' title='bbox 635 1077 694 1138; x_wconf 91' lang='lat' dir='ltr'><strong>deo</strong></span> <span class='ocrx_word' id='word_1_72' title='bbox 717 1099 798 1160; x_wconf 90' lang='lat' dir='ltr'><strong>quae</strong></span> <span class='ocrx_word' id='word_1_73' title='bbox 810 1098 877 1138; x_wconf 90' lang='lat' dir='ltr'><strong>mea</strong></span> <span class='ocrx_word' id='word_1_74' title='bbox 899 1077 1067 1154; x_wconf 89' lang='lat' dir='ltr'><strong>suntdaos,</strong></span> <span class='ocrx_word' id='word_1_75' title='bbox 1088 1097 1147 1158; x_wconf 88' lang='lat' dir='ltr'><strong>per</strong></span> <span class='ocrx_word' id='word_1_76' title='bbox 1169 1095 1263 1158; x_wconf 89' lang='lat' dir='ltr'><strong>quem</strong></span> 
     </span>
     <span class='ocr_line' id='line_1_10' title="bbox 165 1161 1262 1242; baseline -0.002 -22"><span class='ocrx_word' id='word_1_77' title='bbox 165 1179 255 1242; x_wconf 82' lang='lat' dir='ltr'><strong>reges</strong></span> <span class='ocrx_word' id='word_1_78' title='bbox 275 1167 407 1242; x_wconf 77' lang='lat' dir='ltr'><strong>regnant</strong></span> <span class='ocrx_word' id='word_1_79' title='bbox 429 1169 460 1221; x_wconf 90' lang='lat' dir='ltr'><strong>et</strong></span> <span class='ocrx_word' id='word_1_80' title='bbox 478 1168 622 1242; x_wconf 88' lang='lat' dir='ltr'><strong>potentes</strong></span> <span class='ocrx_word' id='word_1_81' title='bbox 635 1162 780 1222; x_wconf 80' lang='lat' dir='ltr'><strong>obtinent</strong></span> <span class='ocrx_word' id='word_1_82' title='bbox 800 1170 926 1222; x_wconf 88' lang='lat' dir='ltr'><strong>terram.</strong></span> <span class='ocrx_word' id='word_1_83' title='bbox 948 1161 1001 1222; x_wconf 87' lang='lat' dir='ltr'><strong>sed</strong></span> <span class='ocrx_word' id='word_1_84' title='bbox 1022 1169 1054 1222; x_wconf 87' lang='lat' dir='ltr'><strong>et</strong></span> <span class='ocrx_word' id='word_1_85' title='bbox 1075 1181 1166 1235; x_wconf 89' lang='lat' dir='ltr'><strong>nunc,</strong></span> <span class='ocrx_word' id='word_1_86' title='bbox 1189 1179 1262 1218; x_wconf 89' lang='lat' dir='ltr'><strong>cum</strong></span> 
     </span>
     <span class='ocr_line' id='line_1_11' title="bbox 163 1241 1262 1326; baseline 0.001 -23"><span class='ocrx_word' id='word_1_87' title='bbox 163 1243 206 1304; x_wconf 88' lang='lat' dir='ltr'><strong>sis</strong></span> <span class='ocrx_word' id='word_1_88' title='bbox 223 1242 294 1324; x_wconf 90' lang='lat' dir='ltr'><strong>pins</strong></span> <span class='ocrx_word' id='word_1_89' title='bbox 315 1251 346 1303; x_wconf 88' lang='lat' dir='ltr'><strong>et</strong></span> <span class='ocrx_word' id='word_1_90' title='bbox 367 1243 407 1303; x_wconf 89' lang='lat' dir='ltr'><strong>ab</strong></span> <span class='ocrx_word' id='word_1_91' title='bbox 445 1243 512 1324; x_wconf 88' lang='lat' dir='ltr'><strong>ipso</strong></span> <span class='ocrx_word' id='word_1_92' title='bbox 530 1254 708 1325; x_wconf 88' lang='lat' dir='ltr'><strong>provectus,</strong></span> <span class='ocrx_word' id='word_1_93' title='bbox 731 1252 763 1306; x_wconf 91' lang='lat' dir='ltr'><strong>te</strong></span> <span class='ocrx_word' id='word_1_94' title='bbox 794 1255 831 1306; x_wconf 89' lang='lat' dir='ltr'><strong>ut</strong></span> <span class='ocrx_word' id='word_1_95' title='bbox 852 1246 1075 1326; x_wconf 80' lang='lat' dir='ltr'><strong>imperatorem</strong></span> <span class='ocrx_word' id='word_1_96' title='bbox 1096 1241 1207 1321; x_wconf 84' lang='lat' dir='ltr'><strong>adoro,</strong></span> <span class='ocrx_word' id='word_1_97' title='bbox 1229 1251 1262 1304; x_wconf 89' lang='lat' dir='ltr'><strong>et</strong></span> 
     </span>
     <span class='ocr_line' id='line_1_12' title="bbox 165 1327 1261 1407; baseline 0.001 -21"><span class='ocrx_word' id='word_1_98' title='bbox 165 1334 244 1407; x_wconf 91' lang='lat' dir='ltr'><strong>peto</strong></span> <span class='ocrx_word' id='word_1_99' title='bbox 263 1347 351 1386; x_wconf 87' lang='lat' dir='ltr'><strong>meae</strong></span> <span class='ocrx_word' id='word_1_100' title='bbox 373 1348 507 1406; x_wconf 78' lang='lat' dir='ltr'><strong>parcere</strong></span> <span class='ocrx_word' id='word_1_101' title='bbox 527 1327 714 1389; x_wconf 87' lang='lat' dir='ltr'><strong>infirmitati.</strong></span> <span class='ocrx_word' id='word_1_102' title='bbox 758 1337 791 1390; x_wconf 89' lang='lat' dir='ltr'><strong>et</strong></span> <span class='ocrx_word' id='word_1_103' title='bbox 814 1328 952 1390; x_wconf 86' lang='lat' dir='ltr'><strong>concede</strong></span> <span class='ocrx_word' id='word_1_104' title='bbox 975 1327 1050 1390; x_wconf 90' lang='lat' dir='ltr'><strong>mihi</strong></span> <span class='ocrx_word' id='word_1_105' title='bbox 1072 1350 1090 1387; x_wconf 87' lang='lat' dir='ltr'><strong>a</strong></span> <span class='ocrx_word' id='word_1_106' title='bbox 1111 1349 1160 1388; x_wconf 90' lang='lat' dir='ltr'><strong>me</strong></span> <span class='ocrx_word' id='word_1_107' title='bbox 1182 1345 1261 1388; x_wconf 89' lang='lat' dir='ltr'><strong>con·</strong></span> 
     </span>
     <span class='ocr_line' id='line_1_13' title="bbox 164 1409 1262 1490; baseline -0.005 -20"><span class='ocrx_word' id='word_1_108' title='bbox 164 1420 319 1470; x_wconf 85' lang='lat' dir='ltr'><strong>structam</strong></span> <span class='ocrx_word' id='word_1_109' title='bbox 340 1409 514 1472; x_wconf 87' lang='lat' dir='ltr'><strong>Eleutherii</strong></span> <span class='ocrx_word' id='word_1_110' title='bbox 547 1411 676 1473; x_wconf 88' lang='lat' dir='ltr'><strong>domum</strong></span> <span class='ocrx_word' id='word_1_111' title='bbox 694 1413 724 1472; x_wconf 91' lang='lat' dir='ltr'><strong>in</strong></span> <span class='ocrx_word' id='word_1_112' title='bbox 749 1412 1036 1474; x_wconf 82' lang='lat' dir='ltr'><strong>reconciliationem</strong></span> <span class='ocrx_word' id='word_1_113' title='bbox 1059 1410 1262 1490; x_wconf 80' lang='lat' dir='ltr'><strong>incompara-</strong></span> 
     </span>
     <span class='ocr_line' id='line_1_14' title="bbox 162 1492 1262 1568; baseline 0 -16"><span class='ocrx_word' id='word_1_114' title='bbox 162 1492 234 1552; x_wconf 88' lang='lat' dir='ltr'><strong>bilis</strong></span> <span class='ocrx_word' id='word_1_115' title='bbox 255 1493 574 1559; x_wconf 78' lang='lat' dir='ltr'><strong>calamitatismeae.”</strong></span> <span class='ocrx_word' id='word_1_116' title='bbox 624 1504 658 1556; x_wconf 92' lang='lat' dir='ltr'><strong>at</strong></span> <span class='ocrx_word' id='word_1_117' title='bbox 685 1496 738 1556; x_wconf 90' lang='lat' dir='ltr'><strong>ille</strong></span> <span class='ocrx_word' id='word_1_118' title='bbox 759 1495 805 1555; x_wconf 89' lang='lat' dir='ltr'><strong>ait</strong></span> <span class='ocrx_word' id='word_1_119' title='bbox 834 1496 928 1556; x_wconf 87' lang='lat' dir='ltr'><strong>“etsi</strong></span> <span class='ocrx_word' id='word_1_120' title='bbox 952 1495 1011 1557; x_wconf 90' lang='lat' dir='ltr'><strong>hoc</strong></span> <span class='ocrx_word' id='word_1_121' title='bbox 1033 1494 1077 1554; x_wconf 86' lang='lat' dir='ltr'><strong>vis</strong></span> <span class='ocrx_word' id='word_1_122' title='bbox 1101 1495 1170 1556; x_wconf 89' lang='lat' dir='ltr'><strong>lieri</strong></span> <span class='ocrx_word' id='word_1_123' title='bbox 1190 1492 1262 1568; x_wconf 91' lang='lat' dir='ltr'><strong>tibi,</strong></span> 
     </span>
     <span class='ocr_line' id='line_1_15' title="bbox 163 1575 1263 1658; baseline 0.002 -22"><span class='ocrx_word' id='word_1_124' title='bbox 163 1577 236 1636; x_wconf 88' lang='lat' dir='ltr'><strong>iura</strong></span> <span class='ocrx_word' id='word_1_125' title='bbox 258 1577 335 1637; x_wconf 91' lang='lat' dir='ltr'><strong>mihi</strong></span> <span class='ocrx_word' id='word_1_126' title='bbox 365 1597 425 1658; x_wconf 91' lang='lat' dir='ltr'><strong>per</strong></span> <span class='ocrx_word' id='word_1_127' title='bbox 446 1575 570 1638; x_wconf 82' lang='lat' dir='ltr'><strong>omnem</strong></span> <span class='ocrx_word' id='word_1_128' title='bbox 598 1577 736 1641; x_wconf 85' lang='lat' dir='ltr'><strong>divinam</strong></span> <span class='ocrx_word' id='word_1_129' title='bbox 765 1577 914 1640; x_wconf 86' lang='lat' dir='ltr'><strong>virtutem</strong></span> <span class='ocrx_word' id='word_1_130' title='bbox 944 1599 1007 1640; x_wconf 90' lang='lat' dir='ltr'><strong>non</strong></span> <span class='ocrx_word' id='word_1_131' title='bbox 1041 1579 1263 1638; x_wconf 87' lang='lat' dir='ltr'><strong>absconsuram</strong></span> 
     </span>
     <span class='ocr_line' id='line_1_16' title="bbox 161 1660 1263 1744; baseline -0.001 -23"><span class='ocrx_word' id='word_1_132' title='bbox 161 1669 196 1721; x_wconf 87' lang='lat' dir='ltr'><strong>te</strong></span> <span class='ocrx_word' id='word_1_133' title='bbox 216 1660 385 1742; x_wconf 87' lang='lat' dir='ltr'><strong>quicquam</strong></span> <span class='ocrx_word' id='word_1_134' title='bbox 409 1681 443 1722; x_wconf 88' lang='lat' dir='ltr'><strong>ex</strong></span> <span class='ocrx_word' id='word_1_135' title='bbox 464 1661 613 1722; x_wconf 77' lang='lat' dir='ltr'><strong>thesauris</strong></span> <span class='ocrx_word' id='word_1_136' title='bbox 635 1661 770 1743; x_wconf 88' lang='lat' dir='ltr'><strong>imperii,</strong></span> <span class='ocrx_word' id='word_1_137' title='bbox 792 1669 825 1723; x_wconf 92' lang='lat' dir='ltr'><strong>et</strong></span> <span class='ocrx_word' id='word_1_138' title='bbox 848 1661 1004 1744; x_wconf 88' lang='lat' dir='ltr'><strong>adimpleo</strong></span> <span class='ocrx_word' id='word_1_139' title='bbox 1017 1660 1263 1743; x_wconf 86' lang='lat' dir='ltr'><strong>postulationem</strong></span> 
     </span>
     <span class='ocr_line' id='line_1_17' title="bbox 166 1744 1261 1829; baseline 0.002 -25"><span class='ocrx_word' id='word_1_140' title='bbox 166 1753 263 1818; x_wconf 74' lang='lat' dir='ltr'><strong>tuoni,</strong></span> <span class='ocrx_word' id='word_1_141' title='bbox 286 1751 320 1806; x_wconf 91' lang='lat' dir='ltr'><strong>et</strong></span> <span class='ocrx_word' id='word_1_142' title='bbox 342 1765 466 1806; x_wconf 89' lang='lat' dir='ltr'><strong>omnem</strong></span> <span class='ocrx_word' id='word_1_143' title='bbox 491 1746 550 1806; x_wconf 91' lang='lat' dir='ltr'><strong>tibi</strong></span> <span class='ocrx_word' id='word_1_144' title='bbox 575 1744 783 1826; x_wconf 81' lang='lat' dir='ltr'><strong>placationem</strong></span> <span class='ocrx_word' id='word_1_145' title='bbox 813 1755 845 1808; x_wconf 90' lang='lat' dir='ltr'><strong>et</strong></span> <span class='ocrx_word' id='word_1_146' title='bbox 868 1746 1007 1829; x_wconf 87' lang='lat' dir='ltr'><strong>requiem</strong></span> <span class='ocrx_word' id='word_1_147' title='bbox 1026 1745 1137 1806; x_wconf 84' lang='lat' dir='ltr'><strong>facio.&#39;&#39;</strong></span> <span class='ocrx_word' id='word_1_148' title='bbox 1180 1764 1261 1826; x_wconf 86' lang='lat' dir='ltr'><strong>quae</strong></span> 
     </span>
     <span class='ocr_line' id='line_1_18' title="bbox 165 1826 1260 1913; baseline 0.001 -26"><span class='ocrx_word' id='word_1_149' title='bbox 165 1827 284 1888; x_wconf 85' lang='lat' dir='ltr'><strong>inravit</strong></span> <span class='ocrx_word' id='word_1_150' title='bbox 304 1826 335 1888; x_wconf 91' lang='lat' dir='ltr'><strong>ei</strong></span> <span class='ocrx_word' id='word_1_151' title='bbox 360 1827 400 1888; x_wconf 87' lang='lat' dir='ltr'><strong>ad</strong></span> <span class='ocrx_word' id='word_1_152' title='bbox 427 1828 565 1908; x_wconf 85' lang='lat' dir='ltr'><strong>pretiosa</strong></span> <span class='ocrx_word' id='word_1_153' title='bbox 595 1838 627 1890; x_wconf 88' lang='lat' dir='ltr'><strong>et</strong></span> <span class='ocrx_word' id='word_1_154' title='bbox 648 1830 770 1889; x_wconf 87' lang='lat' dir='ltr'><strong>vivifica</strong></span> <span class='ocrx_word' id='word_1_155' title='bbox 797 1829 891 1912; x_wconf 83' lang='lat' dir='ltr'><strong>ligna,</strong></span> <span class='ocrx_word' id='word_1_156' title='bbox 914 1831 1071 1913; x_wconf 88' lang='lat' dir='ltr'><strong>quianon</strong></span> <span class='ocrx_word' id='word_1_157' title='bbox 1095 1826 1205 1888; x_wconf 87' lang='lat' dir='ltr'><strong>celabo</strong></span> <span class='ocrx_word' id='word_1_158' title='bbox 1227 1833 1260 1888; x_wconf 90' lang='lat' dir='ltr'><strong>te</strong></span> 
     </span>
     <span class='ocr_line' id='line_1_19' title="bbox 162 1907 1258 1996; baseline 0.001 -27"><span class='ocrx_word' id='word_1_159' title='bbox 162 1909 323 1992; x_wconf 86' lang='lat' dir='ltr'><strong>usquead</strong></span> <span class='ocrx_word' id='word_1_160' title='bbox 356 1911 485 1972; x_wconf 87' lang='lat' dir='ltr'><strong>obolum</strong></span> <span class='ocrx_word' id='word_1_161' title='bbox 515 1933 627 1986; x_wconf 70' lang='lat' dir='ltr'><strong>annun</strong></span> <span class='ocrx_word' id='word_1_162' title='bbox 655 1912 742 1996; x_wconf 91' lang='lat' dir='ltr'><strong>qnod</strong></span> <span class='ocrx_word' id='word_1_163' title='bbox 769 1913 906 1974; x_wconf 76' lang='lat' dir='ltr'><strong>etfacit</strong></span> <span class='ocrx_word' id='word_1_164' title='bbox 957 1933 1067 1974; x_wconf 85' lang='lat' dir='ltr'><strong>veram</strong></span> <span class='ocrx_word' id='word_1_165' title='bbox 1087 1911 1149 1987; x_wconf 89' lang='lat' dir='ltr'><strong>ille,</strong></span> <span class='ocrx_word' id='word_1_166' title='bbox 1171 1907 1258 1993; x_wconf 86' lang='lat' dir='ltr'><strong>quod</strong></span> 
     </span>
     <span class='ocr_line' id='line_1_20' title="bbox 161 1992 1258 2080; baseline 0 -28"><span class='ocrx_word' id='word_1_167' title='bbox 161 1992 358 2056; x_wconf 79' lang='lat' dir='ltr'><strong>desiderabat</strong></span> <span class='ocrx_word' id='word_1_168' title='bbox 379 1993 517 2077; x_wconf 87' lang='lat' dir='ltr'><strong>adeptus,</strong></span> <span class='ocrx_word' id='word_1_169' title='bbox 536 1997 682 2078; x_wconf 88' lang='lat' dir='ltr'><strong>protinus</strong></span> <span class='ocrx_word' id='word_1_170' title='bbox 706 1996 797 2058; x_wconf 86' lang='lat' dir='ltr'><strong>exilio</strong></span> <span class='ocrx_word' id='word_1_171' title='bbox 827 1995 979 2080; x_wconf 82' lang='lat' dir='ltr'><strong>relegavit</strong></span> <span class='ocrx_word' id='word_1_172' title='bbox 1001 2017 1069 2062; x_wconf 90' lang='lat' dir='ltr'><strong>eam</strong></span> <span class='ocrx_word' id='word_1_173' title='bbox 1090 2015 1184 2077; x_wconf 84' lang='lat' dir='ltr'><strong>penes</strong></span> <span class='ocrx_word' id='word_1_174' title='bbox 1206 1994 1258 2053; x_wconf 87' lang='lat' dir='ltr'><strong>in.</strong></span> 
     </span>
     <span class='ocr_line' id='line_1_21' title="bbox 165 2078 1258 2164; baseline 0.005 -29"><span class='ocrx_word' id='word_1_175' title='bbox 165 2078 263 2138; x_wconf 87' lang='lat' dir='ltr'><strong>sulam</strong></span> <span class='ocrx_word' id='word_1_176' title='bbox 283 2078 445 2159; x_wconf 88' lang='lat' dir='ltr'><strong>principis,</strong></span> <span class='ocrx_word' id='word_1_177' title='bbox 466 2079 498 2139; x_wconf 90' lang='lat' dir='ltr'><strong>in</strong></span> <span class='ocrx_word' id='word_1_178' title='bbox 520 2081 711 2142; x_wconf 83' lang='lat' dir='ltr'><strong>monasterio</strong></span> <span class='ocrx_word' id='word_1_179' title='bbox 732 2079 820 2162; x_wconf 92' lang='lat' dir='ltr'><strong>quod</strong></span> <span class='ocrx_word' id='word_1_180' title='bbox 851 2081 914 2164; x_wconf 88' lang='lat' dir='ltr'><strong>ipsa</strong></span> <span class='ocrx_word' id='word_1_181' title='bbox 935 2079 1162 2154; x_wconf 81' lang='lat' dir='ltr'><strong>aedificaverat,</strong></span> <span class='ocrx_word' id='word_1_182' title='bbox 1184 2097 1258 2140; x_wconf 89' lang='lat' dir='ltr'><strong>cum</strong></span> 
     </span>
     <span class='ocr_line' id='line_1_22' title="bbox 161 2159 1256 2248; baseline 0 -26"><span class='ocrx_word' id='word_1_183' title='bbox 161 2159 265 2222; x_wconf 88' lang='lat' dir='ltr'><strong>adhuc</strong></span> <span class='ocrx_word' id='word_1_184' title='bbox 284 2169 384 2223; x_wconf 88' lang='lat' dir='ltr'><strong>esseut</strong></span> <span class='ocrx_word' id='word_1_185' title='bbox 403 2163 435 2221; x_wconf 91' lang='lat' dir='ltr'><strong>in</strong></span> <span class='ocrx_word' id='word_1_186' title='bbox 458 2162 537 2224; x_wconf 89' lang='lat' dir='ltr'><strong>urhe</strong></span> <span class='ocrx_word' id='word_1_187' title='bbox 558 2164 638 2227; x_wconf 85' lang='lat' dir='ltr'><strong>missi</strong></span> <span class='ocrx_word' id='word_1_188' title='bbox 654 2164 761 2224; x_wconf 85' lang='lat' dir='ltr'><strong>Caroli</strong></span> <span class='ocrx_word' id='word_1_189' title='bbox 785 2172 818 2225; x_wconf 92' lang='lat' dir='ltr'><strong>et</strong></span> <span class='ocrx_word' id='word_1_190' title='bbox 838 2185 919 2248; x_wconf 85' lang='lat' dir='ltr'><strong>quae</strong></span> <span class='ocrx_word' id='word_1_191' title='bbox 939 2165 1112 2246; x_wconf 83' lang='lat' dir='ltr'><strong>agebantur</strong></span> <span class='ocrx_word' id='word_1_192' title='bbox 1137 2161 1256 2243; x_wconf 84' lang='lat' dir='ltr'><strong>aspice-</strong></span> 
     </span>
     <span class='ocr_line' id='line_1_23' title="bbox 163 2246 1359 2328; baseline 0.003 -24"><span class='ocrx_word' id='word_1_193' title='bbox 163 2255 245 2304; x_wconf 90' lang='lat' dir='ltr'><strong>rent.</strong></span> <span class='ocrx_word' id='word_1_194' title='bbox 285 2265 382 2306; x_wconf 84' lang='lat' dir='ltr'><strong>vorax</strong></span> <span class='ocrx_word' id='word_1_195' title='bbox 416 2246 513 2327; x_wconf 82' lang='lat' dir='ltr'><strong>igitur</strong></span> <span class='ocrx_word' id='word_1_196' title='bbox 537 2247 612 2324; x_wconf 88' lang='lat' dir='ltr'><strong>iste,</strong></span> <span class='ocrx_word' id='word_1_197' title='bbox 644 2256 832 2308; x_wconf 88' lang='lat' dir='ltr'><strong>cunctorum</strong></span> <span class='ocrx_word' id='word_1_198' title='bbox 859 2249 993 2328; x_wconf 88' lang='lat' dir='ltr'><strong>imperio</strong></span> <span class='ocrx_word' id='word_1_199' title='bbox 1013 2256 1176 2328; x_wconf 88' lang='lat' dir='ltr'><strong>percepto,</strong></span> <span class='ocrx_word' id='word_1_200' title='bbox 1197 2265 1255 2308; x_wconf 86' lang='lat' dir='ltr'><strong>nec</strong></span> <span class='ocrx_word' id='word_1_201' title='bbox 1354 2314 1359 2324; x_wconf 46' lang='grc'><strong>,</strong></span> 
     </span>
     <span class='ocr_line' id='line_1_24' title="bbox 162 2325 1352 2412; baseline 0.003 -24"><span class='ocrx_word' id='word_1_202' title='bbox 162 2325 267 2388; x_wconf 87' lang='lat' dir='ltr'><strong>saltem</strong></span> <span class='ocrx_word' id='word_1_203' title='bbox 287 2349 401 2410; x_wconf 88' lang='lat' dir='ltr'><strong>parum</strong></span> <span class='ocrx_word' id='word_1_204' title='bbox 424 2327 500 2409; x_wconf 89' lang='lat' dir='ltr'><strong>quid</strong></span> <span class='ocrx_word' id='word_1_205' title='bbox 521 2329 619 2390; x_wconf 87' lang='lat' dir='ltr'><strong>valuit</strong></span> <span class='ocrx_word' id='word_1_206' title='bbox 646 2329 806 2412; x_wconf 86' lang='lat' dir='ltr'><strong>hypocrisi</strong></span> <span class='ocrx_word' id='word_1_207' title='bbox 828 2339 934 2412; x_wconf 80' lang='lat' dir='ltr'><strong>tegere</strong></span> <span class='ocrx_word' id='word_1_208' title='bbox 951 2331 1083 2392; x_wconf 88' lang='lat' dir='ltr'><strong>inditam</strong></span> <span class='ocrx_word' id='word_1_209' title='bbox 1105 2328 1288 2412; x_wconf 86' lang='lat' dir='ltr'><strong>malitiamp.</strong></span> <span class='ocrx_word' id='word_1_210' title='bbox 1301 2337 1352 2392; x_wconf 69' lang='grc'><strong>743</strong></span> 
     </span>
     <span class='ocr_line' id='line_1_25' title="bbox 162 2411 1264 2497; baseline 0.006 -27"><span class='ocrx_word' id='word_1_211' title='bbox 162 2419 197 2471; x_wconf 88' lang='lat' dir='ltr'><strong>et</strong></span> <span class='ocrx_word' id='word_1_212' title='bbox 217 2411 378 2473; x_wconf 82' lang='lat' dir='ltr'><strong>avaritiam</strong></span> <span class='ocrx_word' id='word_1_213' title='bbox 398 2433 504 2487; x_wconf 86' lang='lat' dir='ltr'><strong>snam,</strong></span> <span class='ocrx_word' id='word_1_214' title='bbox 522 2413 576 2475; x_wconf 88' lang='lat' dir='ltr'><strong>sed</strong></span> <span class='ocrx_word' id='word_1_215' title='bbox 604 2413 691 2497; x_wconf 86' lang='lat' dir='ltr'><strong>quasi</strong></span> <span class='ocrx_word' id='word_1_216' title='bbox 730 2415 884 2475; x_wconf 89' lang='lat' dir='ltr'><strong>recisurus</strong></span> <span class='ocrx_word' id='word_1_217' title='bbox 905 2414 1096 2491; x_wconf 85' lang='lat' dir='ltr'><strong>iniustitiam,</strong></span> <span class='ocrx_word' id='word_1_218' title='bbox 1121 2433 1264 2494; x_wconf 86' lang='lat' dir='ltr'><strong>nequam</strong></span> 
     </span>
     <span class='ocr_line' id='line_1_26' title="bbox 160 2494 1253 2576; baseline 0.002 -23"><span class='ocrx_word' id='word_1_219' title='bbox 160 2494 193 2553; x_wconf 91' lang='lat' dir='ltr'><strong>in</strong></span> <span class='ocrx_word' id='word_1_220' title='bbox 212 2498 382 2576; x_wconf 81' lang='lat' dir='ltr'><strong>blagnaura</strong></span> <span class='ocrx_word' id='word_1_221' title='bbox 404 2503 437 2557; x_wconf 92' lang='lat' dir='ltr'><strong>ct</strong></span> <span class='ocrx_word' id='word_1_222' title='bbox 468 2496 615 2559; x_wconf 89' lang='lat' dir='ltr'><strong>iniustum</strong></span> <span class='ocrx_word' id='word_1_223' title='bbox 634 2496 798 2559; x_wconf 89' lang='lat' dir='ltr'><strong>constituit</strong></span> <span class='ocrx_word' id='word_1_224' title='bbox 827 2501 896 2558; x_wconf 85' lang='lat' dir='ltr'><strong>fore</strong></span> <span class='ocrx_word' id='word_1_225' title='bbox 918 2496 1077 2563; x_wconf 88' lang='lat' dir='ltr'><strong>iudicium.</strong></span> <span class='ocrx_word' id='word_1_226' title='bbox 1118 2495 1253 2556; x_wconf 90' lang='lat' dir='ltr'><strong>intentio</strong></span> 
     </span>
     <span class='ocr_line' id='line_1_27' title="bbox 157 2580 1254 2663; baseline 0.004 -26"><span class='ocrx_word' id='word_1_227' title='bbox 157 2598 293 2661; x_wconf 82' lang='lat' dir='ltr'><strong>namque</strong></span> <span class='ocrx_word' id='word_1_228' title='bbox 314 2588 451 2663; x_wconf 81' lang='lat' dir='ltr'><strong>tyranno</strong></span> <span class='ocrx_word' id='word_1_229' title='bbox 474 2590 554 2659; x_wconf 81' lang='lat' dir='ltr'><strong>crat,</strong></span> <span class='ocrx_word' id='word_1_230' title='bbox 574 2591 609 2642; x_wconf 89' lang='lat' dir='ltr'><strong>ut</strong></span> <span class='ocrx_word' id='word_1_231' title='bbox 641 2580 726 2662; x_wconf 88' lang='lat' dir='ltr'><strong>ipsae</strong></span> <span class='ocrx_word' id='word_1_232' title='bbox 746 2602 795 2641; x_wconf 87' lang='lat' dir='ltr'><strong>res</strong></span> <span class='ocrx_word' id='word_1_233' title='bbox 813 2580 1026 2656; x_wconf 87' lang='lat' dir='ltr'><strong>ostenderunt,</strong></span> <span class='ocrx_word' id='word_1_234' title='bbox 1047 2601 1109 2640; x_wconf 92' lang='lat' dir='ltr'><strong>non</strong></span> <span class='ocrx_word' id='word_1_235' title='bbox 1132 2599 1254 2660; x_wconf 85' lang='lat' dir='ltr'><strong>paupe-</strong></span> 
     </span>
     <span class='ocr_line' id='line_1_28' title="bbox 156 2660 1254 2746; baseline 0.002 -25"><span class='ocrx_word' id='word_1_236' title='bbox 156 2660 245 2721; x_wconf 89' lang='lat' dir='ltr'><strong>ribus</strong></span> <span class='ocrx_word' id='word_1_237' title='bbox 267 2662 338 2723; x_wconf 84' lang='lat' dir='ltr'><strong>iura</strong></span> <span class='ocrx_word' id='word_1_238' title='bbox 360 2662 539 2741; x_wconf 88' lang='lat' dir='ltr'><strong>tribuendi,</strong></span> <span class='ocrx_word' id='word_1_239' title='bbox 570 2662 624 2725; x_wconf 89' lang='lat' dir='ltr'><strong>sed</strong></span> <span class='ocrx_word' id='word_1_240' title='bbox 654 2686 714 2745; x_wconf 90' lang='lat' dir='ltr'><strong>per</strong></span> <span class='ocrx_word' id='word_1_241' title='bbox 734 2663 795 2725; x_wconf 91' lang='lat' dir='ltr'><strong>hoc</strong></span> <span class='ocrx_word' id='word_1_242' title='bbox 824 2684 930 2727; x_wconf 87' lang='lat' dir='ltr'><strong>omnes</strong></span> <span class='ocrx_word' id='word_1_243' title='bbox 960 2664 1015 2746; x_wconf 91' lang='lat' dir='ltr'><strong>qui</strong></span> <span class='ocrx_word' id='word_1_244' title='bbox 1039 2662 1141 2746; x_wconf 80' lang='lat' dir='ltr'><strong>magni</strong></span> <span class='ocrx_word' id='word_1_245' title='bbox 1163 2670 1254 2723; x_wconf 90' lang='lat' dir='ltr'><strong>erant</strong></span> 
     </span>
     <span class='ocr_line' id='line_1_29' title="bbox 158 2742 1331 2831; baseline 0.004 -28"><span class='ocrx_word' id='word_1_246' title='bbox 158 2742 373 2807; x_wconf 85' lang='lat' dir='ltr'><strong>inhonorandi</strong></span> <span class='ocrx_word' id='word_1_247' title='bbox 384 2748 410 2822; x_wconf 75' lang='lat' dir='ltr'><strong>*l</strong></span> <span class='ocrx_word' id='word_1_248' title='bbox 433 2755 467 2807; x_wconf 86' lang='lat' dir='ltr'><strong>et</strong></span> <span class='ocrx_word' id='word_1_249' title='bbox 488 2748 675 2829; x_wconf 89' lang='lat' dir='ltr'><strong>captivandi,</strong></span> <span class='ocrx_word' id='word_1_250' title='bbox 698 2758 730 2809; x_wconf 90' lang='lat' dir='ltr'><strong>et</strong></span> <span class='ocrx_word' id='word_1_251' title='bbox 751 2748 791 2809; x_wconf 93' lang='lat' dir='ltr'><strong>ad</strong></span> <span class='ocrx_word' id='word_1_252' title='bbox 810 2750 934 2831; x_wconf 84' lang='lat' dir='ltr'><strong>sequne</strong></span> <span class='ocrx_word' id='word_1_253' title='bbox 956 2758 1145 2809; x_wconf 88' lang='lat' dir='ltr'><strong>cunctorum</strong></span> <span class='ocrx_word' id='word_1_254' title='bbox 1163 2752 1254 2807; x_wconf 86' lang='lat' dir='ltr'><strong>erant</strong></span> <span class='ocrx_word' id='word_1_255' title='bbox 1325 2794 1331 2808; x_wconf 82' lang='grc'><em>,</em></span> 
     </span>
     <span class='ocr_line' id='line_1_30' title="bbox 155 2828 1253 2915; baseline 0.003 -28"><span class='ocrx_word' id='word_1_256' title='bbox 155 2828 254 2910; x_wconf 86' lang='lat' dir='ltr'><strong>impie</strong></span> <span class='ocrx_word' id='word_1_257' title='bbox 277 2829 503 2904; x_wconf 85' lang='lat' dir='ltr'><strong>transferendi;</strong></span> <span class='ocrx_word' id='word_1_258' title='bbox 526 2830 613 2915; x_wconf 89' lang='lat' dir='ltr'><strong>quod</strong></span> <span class='ocrx_word' id='word_1_259' title='bbox 633 2842 665 2893; x_wconf 91' lang='lat' dir='ltr'><strong>et</strong></span> <span class='ocrx_word' id='word_1_260' title='bbox 684 2832 768 2893; x_wconf 80' lang='lat' dir='ltr'><strong>fecit.</strong></span> <span class='ocrx_word' id='word_1_261' title='bbox 811 2830 917 2891; x_wconf 86' lang='lat' dir='ltr'><strong>videns</strong></span> <span class='ocrx_word' id='word_1_262' title='bbox 941 2838 1045 2893; x_wconf 88' lang='lat' dir='ltr'><strong>autem</strong></span> <span class='ocrx_word' id='word_1_263' title='bbox 1068 2852 1174 2893; x_wconf 91' lang='lat' dir='ltr'><strong>omnes</strong></span> <span class='ocrx_word' id='word_1_264' title='bbox 1194 2830 1253 2890; x_wconf 86' lang='lat' dir='ltr'><strong>ad-</strong></span> 
     </span>
     <span class='ocr_line' id='line_1_31' title="bbox 152 2913 1260 2997; baseline 0.008 -29"><span class='ocrx_word' id='word_1_265' title='bbox 152 2932 262 2973; x_wconf 80' lang='lat' dir='ltr'><strong>versus</strong></span> <span class='ocrx_word' id='word_1_266' title='bbox 283 2933 315 2974; x_wconf 91' lang='lat' dir='ltr'><strong>se</strong></span> <span class='ocrx_word' id='word_1_267' title='bbox 333 2914 548 2991; x_wconf 80' lang='lat' dir='ltr'><strong>contristatos,</strong></span> <span class='ocrx_word' id='word_1_268' title='bbox 569 2924 601 2976; x_wconf 90' lang='lat' dir='ltr'><strong>et</strong></span> <span class='ocrx_word' id='word_1_269' title='bbox 619 2937 735 2997; x_wconf 86' lang='lat' dir='ltr'><strong>pavens</strong></span> <span class='ocrx_word' id='word_1_270' title='bbox 757 2937 796 2977; x_wconf 91' lang='lat' dir='ltr'><strong>ne</strong></span> <span class='ocrx_word' id='word_1_271' title='bbox 816 2916 900 2975; x_wconf 89' lang='lat' dir='ltr'><strong>forte</strong></span> <span class='ocrx_word' id='word_1_272' title='bbox 921 2935 1077 2975; x_wconf 87' lang='lat' dir='ltr'><strong>memores</strong></span> <span class='ocrx_word' id='word_1_273' title='bbox 1100 2913 1260 2983; x_wconf 81' lang='lat' dir='ltr'><strong>Heirenae:</strong></span> 
     </span>
     <span class='ocr_line' id='line_1_32' title="bbox 151 2994 1253 3079; baseline 0.001 -24"><span class='ocrx_word' id='word_1_274' title='bbox 151 2995 226 3076; x_wconf 89' lang='lat' dir='ltr'><strong>piae</strong></span> <span class='ocrx_word' id='word_1_275' title='bbox 246 2996 471 3059; x_wconf 84' lang='lat' dir='ltr'><strong>beneficiorum</strong></span> <span class='ocrx_word' id='word_1_276' title='bbox 495 2998 679 3060; x_wconf 83' lang='lat' dir='ltr'><strong>asciscerent</strong></span> <span class='ocrx_word' id='word_1_277' title='bbox 699 3021 767 3062; x_wconf 88' lang='lat' dir='ltr'><strong>eam</strong></span> <span class='ocrx_word' id='word_1_278' title='bbox 790 2999 905 3061; x_wconf 86' lang='lat' dir='ltr'><strong>iterum</strong></span> <span class='ocrx_word' id='word_1_279' title='bbox 928 2994 967 3059; x_wconf 88' lang='lat' dir='ltr'><strong>ad</strong></span> <span class='ocrx_word' id='word_1_280' title='bbox 986 2996 1163 3079; x_wconf 89' lang='lat' dir='ltr'><strong>imperium,</strong></span> <span class='ocrx_word' id='word_1_281' title='bbox 1186 2996 1253 3057; x_wconf 89' lang='lat' dir='ltr'><strong>No-</strong></span> 
     </span>
     <span class='ocr_line' id='line_1_33' title="bbox 150 3079 1254 3163; baseline 0.002 -25"><span class='ocrx_word' id='word_1_282' title='bbox 150 3079 298 3141; x_wconf 78' lang='lat' dir='ltr'><strong>vembrio</strong></span> <span class='ocrx_word' id='word_1_283' title='bbox 321 3101 445 3162; x_wconf 88' lang='lat' dir='ltr'><strong>mense,</strong></span> <span class='ocrx_word' id='word_1_284' title='bbox 465 3080 567 3143; x_wconf 89' lang='lat' dir='ltr'><strong>hieme</strong></span> <span class='ocrx_word' id='word_1_285' title='bbox 603 3083 734 3143; x_wconf 88' lang='lat' dir='ltr'><strong>nimium</strong></span> <span class='ocrx_word' id='word_1_286' title='bbox 767 3082 946 3143; x_wconf 83' lang='lat' dir='ltr'><strong>imminente</strong></span> <span class='ocrx_word' id='word_1_287' title='bbox 978 3083 1084 3163; x_wconf 79' lang='lat' dir='ltr'><strong>gravi,</strong></span> <span class='ocrx_word' id='word_1_288' title='bbox 1114 3100 1176 3141; x_wconf 90' lang='lat' dir='ltr'><strong>non</strong></span> <span class='ocrx_word' id='word_1_289' title='bbox 1207 3087 1254 3141; x_wconf 88' lang='lat' dir='ltr'><strong>est</strong></span> 
     </span>
     <span class='ocr_line' id='line_1_34' title="bbox 152 3162 1252 3247; baseline 0.004 -25"><span class='ocrx_word' id='word_1_290' title='bbox 152 3162 248 3244; x_wconf 87' lang='lat' dir='ltr'><strong>ipsius</strong></span> <span class='ocrx_word' id='word_1_291' title='bbox 270 3164 413 3225; x_wconf 86' lang='lat' dir='ltr'><strong>misertus</strong></span> <span class='ocrx_word' id='word_1_292' title='bbox 442 3163 660 3227; x_wconf 81' lang='lat' dir='ltr'><strong>immisericors</strong></span> <span class='ocrx_word' id='word_1_293' title='bbox 685 3168 757 3243; x_wconf 90' lang='lat' dir='ltr'><strong>ille,</strong></span> <span class='ocrx_word' id='word_1_294' title='bbox 780 3164 833 3227; x_wconf 90' lang='lat' dir='ltr'><strong>sed</strong></span> <span class='ocrx_word' id='word_1_295' title='bbox 855 3165 945 3226; x_wconf 77' lang='lat' dir='ltr'><strong>csilio</strong></span> <span class='ocrx_word' id='word_1_296' title='bbox 970 3163 1134 3247; x_wconf 84' lang='lat' dir='ltr'><strong>deportari</strong></span> <span class='ocrx_word' id='word_1_297' title='bbox 1155 3184 1252 3245; x_wconf 85' lang='lat' dir='ltr'><strong>prae-</strong></span> 
     </span>
     <span class='ocr_line' id='line_1_35' title="bbox 150 3246 1251 3327; baseline 0 -20"><span class='ocrx_word' id='word_1_298' title='bbox 150 3247 239 3327; x_wconf 85' lang='lat' dir='ltr'><strong>cepit</strong></span> <span class='ocrx_word' id='word_1_299' title='bbox 259 3248 289 3307; x_wconf 92' lang='lat' dir='ltr'><strong>in</strong></span> <span class='ocrx_word' id='word_1_300' title='bbox 328 3247 457 3308; x_wconf 90' lang='lat' dir='ltr'><strong>insulam</strong></span> <span class='ocrx_word' id='word_1_301' title='bbox 482 3248 614 3312; x_wconf 88' lang='lat' dir='ltr'><strong>Lesbum</strong></span> <span class='ocrx_word' id='word_1_302' title='bbox 644 3258 675 3312; x_wconf 91' lang='lat' dir='ltr'><strong>et</strong></span> <span class='ocrx_word' id='word_1_303' title='bbox 695 3250 868 3310; x_wconf 87' lang='lat' dir='ltr'><strong>cautissime</strong></span> <span class='ocrx_word' id='word_1_304' title='bbox 895 3246 1060 3325; x_wconf 83' lang='lat' dir='ltr'><strong>custodiri,</strong></span> <span class='ocrx_word' id='word_1_305' title='bbox 1082 3246 1251 3327; x_wconf 85' lang='lat' dir='ltr'><strong>quincta</strong></span> 
     </span>
     <span class='ocr_line' id='line_1_36' title="bbox 151 3330 1250 3416; baseline 0.001 -26"><span class='ocrx_word' id='word_1_306' title='bbox 151 3331 278 3392; x_wconf 86' lang='lat' dir='ltr'><strong>nemine</strong></span> <span class='ocrx_word' id='word_1_307' title='bbox 297 3331 420 3415; x_wconf 88' lang='lat' dir='ltr'><strong>penitus</strong></span> <span class='ocrx_word' id='word_1_308' title='bbox 443 3332 597 3393; x_wconf 88' lang='lat' dir='ltr'><strong>contueri.</strong></span> <span class='ocrx_word' id='word_1_309' title='bbox 638 3354 740 3416; x_wconf 89' lang='lat' dir='ltr'><strong>porro</strong></span> <span class='ocrx_word' id='word_1_310' title='bbox 759 3332 862 3415; x_wconf 90' lang='lat' dir='ltr'><strong>pridie</strong></span> <span class='ocrx_word' id='word_1_311' title='bbox 883 3330 1027 3401; x_wconf 80' lang='lat' dir='ltr'><strong>kalendas</strong></span> <span class='ocrx_word' id='word_1_312' title='bbox 1048 3331 1143 3393; x_wconf 87' lang='lat' dir='ltr'><strong>Maias</strong></span> <span class='ocrx_word' id='word_1_313' title='bbox 1162 3349 1250 3391; x_wconf 87' lang='lat' dir='ltr'><strong>mor-</strong></span> 
     </span>
     <span class='ocr_line' id='line_1_37' title="bbox 149 3411 1249 3499; baseline 0 -26"><span class='ocrx_word' id='word_1_314' title='bbox 149 3422 223 3473; x_wconf 86' lang='lat' dir='ltr'><strong>tuns</strong></span> <span class='ocrx_word' id='word_1_315' title='bbox 245 3422 292 3475; x_wconf 88' lang='lat' dir='ltr'><strong>est</strong></span> <span class='ocrx_word' id='word_1_316' title='bbox 321 3414 430 3475; x_wconf 87' lang='lat' dir='ltr'><strong>Niceta</strong></span> <span class='ocrx_word' id='word_1_317' title='bbox 455 3415 655 3499; x_wconf 84' lang='lat' dir='ltr'><strong>Triphylius‚</strong></span> <span class='ocrx_word' id='word_1_318' title='bbox 678 3428 714 3478; x_wconf 91' lang='lat' dir='ltr'><strong>ut</strong></span> <span class='ocrx_word' id='word_1_319' title='bbox 745 3418 844 3497; x_wconf 84' lang='lat' dir='ltr'><strong>aiunt,</strong></span> <span class='ocrx_word' id='word_1_320' title='bbox 878 3440 896 3477; x_wconf 88' lang='lat' dir='ltr'><strong>a</strong></span> <span class='ocrx_word' id='word_1_321' title='bbox 916 3411 1095 3496; x_wconf 88' lang='lat' dir='ltr'><strong>Nicephoro</strong></span> <span class='ocrx_word' id='word_1_322' title='bbox 1126 3434 1249 3495; x_wconf 80' lang='lat' dir='ltr'><strong>veneno</strong></span> 
     </span>
     <span class='ocr_line' id='line_1_38' title="bbox 150 3494 1250 3583; baseline -0.001 -26"><span class='ocrx_word' id='word_1_323' title='bbox 150 3497 314 3558; x_wconf 81' lang='lat' dir='ltr'><strong>extinctus.</strong></span> <span class='ocrx_word' id='word_1_324' title='bbox 357 3508 390 3559; x_wconf 88' lang='lat' dir='ltr'><strong>et</strong></span> <span class='ocrx_word' id='word_1_325' title='bbox 409 3498 498 3558; x_wconf 88' lang='lat' dir='ltr'><strong>nonis</strong></span> <span class='ocrx_word' id='word_1_326' title='bbox 520 3499 624 3579; x_wconf 84' lang='lat' dir='ltr'><strong>Maiis,</strong></span> <span class='ocrx_word' id='word_1_327' title='bbox 647 3500 724 3562; x_wconf 82' lang='lat' dir='ltr'><strong>scria</strong></span> <span class='ocrx_word' id='word_1_328' title='bbox 748 3500 876 3583; x_wconf 87' lang='lat' dir='ltr'><strong>quinta,</strong></span> <span class='ocrx_word' id='word_1_329' title='bbox 897 3521 970 3561; x_wconf 91' lang='lat' dir='ltr'><strong>cum</strong></span> <span class='ocrx_word' id='word_1_330' title='bbox 992 3496 1185 3580; x_wconf 88' lang='lat' dir='ltr'><strong>Nicephorus</strong></span> <span class='ocrx_word' id='word_1_331' title='bbox 1208 3494 1250 3557; x_wconf 90' lang='lat' dir='ltr'><strong>ad</strong></span> 
     </span>
     <span class='ocr_line' id='line_1_39' title="bbox 148 3578 1249 3667; baseline 0.001 -27"><span class='ocrx_word' id='word_1_332' title='bbox 148 3581 333 3641; x_wconf 88' lang='lat' dir='ltr'><strong>suburbana</strong></span> <span class='ocrx_word' id='word_1_333' title='bbox 355 3580 556 3643; x_wconf 86' lang='lat' dir='ltr'><strong>Chalcedonis</strong></span> <span class='ocrx_word' id='word_1_334' title='bbox 576 3582 698 3645; x_wconf 83' lang='lat' dir='ltr'><strong>exiisset</strong></span> <span class='ocrx_word' id='word_1_335' title='bbox 723 3604 902 3667; x_wconf 88' lang='lat' dir='ltr'><strong>equumque</strong></span> <span class='ocrx_word' id='word_1_336' title='bbox 920 3592 1114 3643; x_wconf 87' lang='lat' dir='ltr'><strong>mansuetum</strong></span> <span class='ocrx_word' id='word_1_337' title='bbox 1137 3590 1169 3643; x_wconf 87' lang='lat' dir='ltr'><strong>et</strong></span> <span class='ocrx_word' id='word_1_338' title='bbox 1189 3578 1249 3641; x_wconf 87' lang='lat' dir='ltr'><strong>mi·</strong></span> 
     </span>
     <span class='ocr_line' id='line_1_40' title="bbox 148 3662 1248 3749; baseline -0.004 -26"><span class='ocrx_word' id='word_1_339' title='bbox 148 3663 299 3723; x_wconf 88' lang='lat' dir='ltr'><strong>tissimum</strong></span> <span class='ocrx_word' id='word_1_340' title='bbox 329 3664 511 3744; x_wconf 89' lang='lat' dir='ltr'><strong>asendisset‚</strong></span> <span class='ocrx_word' id='word_1_341' title='bbox 546 3665 630 3727; x_wconf 87' lang='lat' dir='ltr'><strong>hunc</strong></span> <span class='ocrx_word' id='word_1_342' title='bbox 651 3688 687 3729; x_wconf 83' lang='lat' dir='ltr'><strong>ex</strong></span> <span class='ocrx_word' id='word_1_343' title='bbox 707 3664 757 3729; x_wconf 91' lang='lat' dir='ltr'><strong>dei</strong></span> <span class='ocrx_word' id='word_1_344' title='bbox 780 3665 981 3749; x_wconf 87' lang='lat' dir='ltr'><strong>providentia</strong></span> <span class='ocrx_word' id='word_1_345' title='bbox 1007 3665 1151 3728; x_wconf 90' lang='lat' dir='ltr'><strong>deiiciens</strong></span> <span class='ocrx_word' id='word_1_346' title='bbox 1171 3662 1248 3725; x_wconf 84' lang='lat' dir='ltr'><strong>dex..</strong></span> 
     </span>
     <span class='ocr_line' id='line_1_41' title="bbox 149 3746 1247 3835; baseline 0.002 -28"><span class='ocrx_word' id='word_1_347' title='bbox 149 3754 236 3809; x_wconf 90' lang='lat' dir='ltr'><strong>trum</strong></span> <span class='ocrx_word' id='word_1_348' title='bbox 259 3746 372 3830; x_wconf 87' lang='lat' dir='ltr'><strong>pedem</strong></span> <span class='ocrx_word' id='word_1_349' title='bbox 393 3748 487 3833; x_wconf 88' lang='lat' dir='ltr'><strong>ipsius</strong></span> <span class='ocrx_word' id='word_1_350' title='bbox 508 3749 668 3812; x_wconf 87' lang='lat' dir='ltr'><strong>contrivit.</strong></span> <span class='ocrx_word' id='word_1_351' title='bbox 710 3761 833 3813; x_wconf 85' lang='lat' dir='ltr'><strong>atvero</strong></span> <span class='ocrx_word' id='word_1_352' title='bbox 853 3747 975 3812; x_wconf 83' lang='lat' dir='ltr'><strong>decimo</strong></span> <span class='ocrx_word' id='word_1_353' title='bbox 999 3758 1114 3835; x_wconf 89' lang='lat' dir='ltr'><strong>quarto</strong></span> <span class='ocrx_word' id='word_1_354' title='bbox 1137 3746 1247 3810; x_wconf 80' lang='lat' dir='ltr'><strong>halen-</strong></span> 
     </span>
    </p>
   </div>
   <div class='ocr_carea' id='block_1_3' title="bbox 188 3975 1353 4249">
    <p class='ocr_par' dir='ltr' id='par_1_3' title="bbox 188 3975 1353 4249">
     <span class='ocr_line' id='line_1_42' title="bbox 188 3975 1247 4052; baseline 0.004 -26"><span class='ocrx_word' id='word_1_355' title='bbox 188 3975 427 4051; x_wconf 48' lang='lat' dir='ltr'><strong>qinbonoransli]</strong></span> <span class='ocrx_word' id='word_1_356' title='bbox 448 3978 595 4052; x_wconf 68' lang='grc' dir='ltr'><strong><em>ἀτιμάσαι.</em></strong></span> <span class='ocrx_word' id='word_1_357' title='bbox 620 3980 807 4040; x_wconf 82' lang='lat' dir='ltr'><strong>Tertullianus</strong></span> <span class='ocrx_word' id='word_1_358' title='bbox 835 3980 869 4032; x_wconf 84' lang='lat' dir='ltr'><strong>de</strong></span> <span class='ocrx_word' id='word_1_359' title='bbox 896 3982 957 4048; x_wconf 77' lang='lat' dir='ltr'><strong>suga</strong></span> <span class='ocrx_word' id='word_1_360' title='bbox 980 3980 1009 4030; x_wconf 87' lang='lat' dir='ltr'><strong>in</strong></span> <span class='ocrx_word' id='word_1_361' title='bbox 1029 3984 1182 4047; x_wconf 78' lang='lat' dir='ltr'><strong>persecut:</strong></span> <span class='ocrx_word' id='word_1_362' title='bbox 1201 3978 1247 4030; x_wconf 91' lang='lat' dir='ltr'><strong>ln-</strong></span> 
     </span>
     <span class='ocr_line' id='line_1_43' title="bbox 220 4046 1353 4123; baseline 0.001 -25"><span class='ocrx_word' id='word_1_363' title='bbox 220 4046 340 4101; x_wconf 87' lang='lat' dir='ltr'><strong>hcncrss</strong></span> <span class='ocrx_word' id='word_1_364' title='bbox 359 4050 447 4102; x_wconf 74' lang='lat' dir='ltr'><strong>illum·</strong></span> <span class='ocrx_word' id='word_1_365' title='bbox 468 4060 498 4103; x_wconf 90' lang='lat' dir='ltr'><strong>et</strong></span> <span class='ocrx_word' id='word_1_366' title='bbox 513 4052 712 4104; x_wconf 77' lang='lat' dir='ltr'><strong>inhonorabilis</strong></span> <span class='ocrx_word' id='word_1_367' title='bbox 730 4052 804 4123; x_wconf 82' lang='lat' dir='ltr'><strong>apud</strong></span> <span class='ocrx_word' id='word_1_368' title='bbox 822 4050 948 4103; x_wconf 84' lang='lat' dir='ltr'><strong>eundem.</strong></span> <span class='ocrx_word' id='word_1_369' title='bbox 965 4051 991 4103; x_wconf 89' lang='lat' dir='ltr'><strong>S.</strong></span> <span class='ocrx_word' id='word_1_370' title='bbox 1011 4050 1131 4117; x_wconf 80' lang='lat' dir='ltr'><strong>ignatius</strong></span> <span class='ocrx_word' id='word_1_371' title='bbox 1149 4064 1194 4119; x_wconf 91' lang='lat' dir='ltr'><strong>ep.</strong></span> <span class='ocrx_word' id='word_1_372' title='bbox 1214 4047 1248 4099; x_wconf 80' lang='lat' dir='ltr'><strong>nd</strong></span> <span class='ocrx_word' id='word_1_373' title='bbox 1308 4075 1311 4083; x_wconf 93' lang='lat'>·</span> <span class='ocrx_word' id='word_1_374' title='bbox 1348 4052 1353 4061; x_wconf 92' lang='lat'>&#39;</span> 
     </span>
     <span class='ocr_line' id='line_1_44' title="bbox 218 4118 1337 4194; baseline 0.001 -24"><span class='ocrx_word' id='word_1_375' title='bbox 218 4118 324 4171; x_wconf 73' lang='lat' dir='ltr'><strong>ratlac.</strong></span> <span class='ocrx_word' id='word_1_376' title='bbox 351 4120 543 4194; x_wconf 73' lang='grc' dir='ltr'><strong>ἀτιμᾴσαντες</strong></span> <span class='ocrx_word' id='word_1_377' title='bbox 571 4122 681 4185; x_wconf 75' lang='grc' dir='ltr'><strong><em>αὐτούς.</em></strong></span> <span class='ocrx_word' id='word_1_378' title='bbox 696 4132 751 4179; x_wconf 81' lang='lat' dir='ltr'><strong>ret.</strong></span> <span class='ocrx_word' id='word_1_379' title='bbox 771 4126 821 4178; x_wconf 80' lang='lat' dir='ltr'><strong>int</strong></span> <span class='ocrx_word' id='word_1_380' title='bbox 842 4122 1078 4177; x_wconf 82' lang='lat' dir='ltr'><strong>inhonoraverunt</strong></span> <span class='ocrx_word' id='word_1_381' title='bbox 1094 4120 1182 4193; x_wconf 86' lang='lat' dir='ltr'><strong>ipsos.</strong></span> <span class='ocrx_word' id='word_1_382' title='bbox 1199 4118 1248 4173; x_wconf 84' lang='lat' dir='ltr'><strong>alil</strong></span> <span class='ocrx_word' id='word_1_383' title='bbox 1334 4156 1337 4165; x_wconf 89' lang='lat'><em>.</em></span> 
     </span>
     <span class='ocr_line' id='line_1_45' title="bbox 221 4187 1253 4249; baseline 0.009 -9"><span class='ocrx_word' id='word_1_384' title='bbox 221 4187 391 4247; x_wconf 80' lang='lat' dir='ltr'><strong>dehonorare</strong></span> <span class='ocrx_word' id='word_1_385' title='bbox 400 4202 518 4248; x_wconf 79' lang='lat' dir='ltr'><strong>vertunt</strong></span> <span class='ocrx_word' id='word_1_386' title='bbox 556 4194 638 4249; x_wconf 68' lang='lat' dir='ltr'><strong>rna</strong></span> <span class='ocrx_word' id='word_1_387' title='bbox 1249 4220 1253 4227; x_wconf 93' lang='lat'>·</span> 
     </span>
    </p>
   </div>
   <div class='ocr_carea' id='block_1_4' title="bbox 0 0 1530 4900">
    <p class='ocr_par' dir='ltr' id='par_1_4' title="bbox 0 0 1530 4900">
     <span class='ocr_line' id='line_1_46' title="bbox 0 0 1530 4900; baseline 0 2"><span class='ocrx_word' id='word_1_388' title='bbox 0 0 1530 4900; x_wconf 95' lang='lat' dir='ltr'><strong> </strong></span> 
     </span>
    </p>
   </div>
  </div>
 </body>
</html>
