3050 4900
174 1864 201 1919 p.
214 1850 267 1904 238
288 1845 320 1899 10
329 1835 485 1896 simulatus
507 1841 552 1896 est
572 1835 601 1894 ei
622 1832 661 1894 ad
680 1832 791 1894 horam
813 1833 906 1894 uniri.
958 1853 1069 1894 verum
1091 1834 1233 1915 sequenti
1254 1855 1338 1896 anno

338 406 387 482 84
488 413 696 484 anamasn
727 413 920 478 nrsroan
945 411 1253 480 accrastasrrca

338 589 495 646 naanilrstn
520 609 576 668 par
595 585 802 646 schismaticos
824 583 992 644 monachos
1014 593 1044 643 ct
1067 583 1196 642 clericos
1219 595 1249 645 at
1272 583 1421 646 lulianum

337 671 446 732 Cariae
469 680 563 745 tunc,
596 668 707 732 deinde
729 669 1031 728 verollalicarnassi
1063 668 1252 749 episcopum,
1276 677 1308 726 ct
1325 670 1422 736 Sava.

337 775 408 814 rum
429 755 617 834 episcopam,
637 751 738 812 adbuc
761 752 958 829 monachum,
979 752 1181 832 impugnabat
1196 750 1421 829 Macedonium,

336 837 478 919 turpibus
500 858 570 898 enm
593 836 718 918 publice
748 835 930 896 submittens
961 834 1089 893 iniuriis.
1131 833 1343 896 multitudines
1364 859 1421 896 aa.

336 931 398 982 tem
424 942 493 981 cunr
516 919 694 980 mulieribus
726 926 759 979 et
779 918 882 978 liberis
912 917 1137 999 abbatibusque
1170 916 1422 980 orthodoxorum

337 1003 562 1066 naonaclaorum
579 1013 786 1085 congregatae
798 1000 975 1063 clamabant
993 1003 1136 1081 “tempus
1150 1001 1304 1084 martyrii,
1328 1001 1424 1063 Chri.

335 1086 442 1146 stiani:
465 1109 503 1146 ne
525 1086 774 1168 derelinquamus
793 1092 919 1166 patrem
939 1087 1109 1158 nostrum,’'
1132 1085 1253 1144 iniuriis
1275 1086 1421 1147 lacessere

335 1170 558 1252 imperatorem
585 1177 753 1250 satagentes
780 1178 815 1228 ut
846 1167 1061 1228 Manichaeum
1088 1176 1120 1228 et
1140 1167 1302 1249 indignam
1324 1170 1423 1250 impe·

335 1253 401 1326 ri0;
434 1253 488 1350 qui
516 1263 652 1314 metuens
672 1250 782 1312 clausit
803 1253 881 1312 ostia
907 1249 1033 1332 palatii,
1056 1260 1088 1311 et
1107 1271 1199 1311 naves
1220 1253 1423 1335 praeparavit

333 1335 373 1397 ad
393 1335 579 1418 fugiendum.
630 1333 849 1396 Macedonium
873 1344 995 1410 autem,
1026 1333 1067 1395 de
1110 1353 1151 1393 uo
1175 1335 1334 1397 iuraverat
1355 1357 1419 1396 non

332 1441 364 1481 se
387 1421 470 1480 ultra
491 1420 639 1493 visurum,
652 1426 728 1478 tanc
750 1418 885 1498 rogabat
902 1415 1017 1494 videre,
1039 1439 1070 1476 m
1104 1415 1250 1478 titudiues
1269 1428 1419 1480 metuens.

331 1502 393 1564 boc
418 1503 535 1564 interea
565 1501 710 1564 veniente
730 1499 769 1561 ad
790 1523 878 1574 eum,
899 1500 1033 1582 populns
1053 1499 1231 1581 hegumenis
1250 1512 1284 1562 et
1305 1521 1417 1562 mona.

332 1586 395 1648 chia
417 1585 650 1668 protestabatur
668 1585 771 1646 dicens
792 1588 936 1665 “patrem
949 1590 1090 1643 nostrum
1104 1584 1250 1646 habemus
1262 1605 1281 1644 a
1302 1585 1420 1646 vobis.''

329 1669 452 1731 scholae
480 1690 556 1730 vero
580 1666 702 1728 laudem
722 1663 868 1726 dicebant
888 1667 935 1744 ei,
962 1687 1034 1726 cum
1055 1667 1215 1728 transiret.
1266 1667 1418 1750 ingressus

330 1761 433 1813 autem
456 1751 495 1812 ad
518 1752 709 1811 anastasium
737 1750 841 1832 arguit
867 1771 938 1812 eum
960 1759 997 1810 ut
1027 1748 1147 1810 bostem
1167 1749 1328 1824 ccclesiae;
1359 1752 1417 1894 gui

1381 1855 1418 1895 e-

329 1919 413 1999 oepit
435 1919 609 1998 imperator
628 1914 845 1978 Macedoniam
867 1937 925 1999 per
946 1915 1085 1978 Celerem
1115 1916 1307 1998 magistrum,
1329 1937 1418 1978 com·

328 2001 534 2062 monitorium
556 2003 582 2078 *l
611 2000 723 2060 faciens
745 1998 786 2061 ad
808 2021 900 2077 enm,
930 2000 962 2060 in
983 2021 1048 2081 quo
1080 2019 1112 2060 so
1131 2001 1267 2082 primam
1289 1999 1417 2084 quidem

328 2093 360 2145 et
381 2083 547 2145 secundam
562 2083 771 2144 confitebatur
794 2082 948 2164 suscipere
958 2081 1120 2166 synodum,
1131 2082 1316 2164 Ephesiuam
1337 2103 1416 2145 vero

329 2177 361 2229 et
381 2166 660 2227 Claalcedonensem
682 2165 812 2237 dimisit;
846 2165 933 2249 quod
954 2164 1061 2246 iugens
1080 2163 1265 2228 Macedonio
1290 2166 1417 2248 vitupe-

329 2253 411 2312 rium
438 2249 554 2310 attulit.
605 2269 664 2330 per
695 2248 757 2310 boc
790 2247 872 2308 enim
893 2255 926 2310 et
957 2248 1103 2310 euoticon
1124 2249 1256 2309 Zenonis
1283 2249 1416 2331 recepit,

319 2331 378 2394 ‘cui
404 2333 498 2394 etiam
519 2331 745 2393 consecrandas
764 2331 995 2413 subscripserat,
1036 2340 1201 2413 praeterea
1214 2333 1416 2394 Macedouius

327 2417 429 2477 abiens
451 2416 482 2477 iu
506 2415 658 2477 Adalmati
690 2415 912 2475 monasterium
940 2415 971 2476 iu
991 2435 1030 2477 eo
1054 2414 1173 2477 clericis
1189 2424 1236 2492 -et
1255 2415 1415 2477 monacbis

326 2500 522 2577 zelatoribus,
543 2500 596 2583 qui
616 2500 657 2561 ob
679 2498 712 2559 id
734 2497 929 2559 scandalizati
949 2500 1085 2573 fuerant,
1108 2502 1261 2560 rationem
1277 2498 1416 2562 reddidit

326 2606 384 2666 par
405 2582 659 2646 declamatorium
674 2602 861 2659 sermonem,
886 2582 974 2664 quod
987 2583 1157 2662 susciperet
1170 2592 1306 2643 sanctam
1319 2583 1413 2643 Chal-

326 2668 530 2729 cedonensem
551 2664 715 2747 synodum,
737 2685 852 2746 eosque
872 2665 927 2745 qni
947 2664 1029 2725 hanc
1051 2683 1115 2724 nou
1127 2667 1319 2747 susciperent
1337 2666 1414 2727 hae·

328 2752 441 2811 reticos
465 2750 608 2819 haheret;
631 2756 665 2808 et
685 2748 1012 2808 comministraverunt
1033 2747 1073 2809 ei.
1113 2747 1288 2830 imperator
1307 2758 1412 2811 autern

328 2832 507 2893 muneribus
540 2829 692 2912 persuasit
728 2830 938 2890 consentaneis
970 2830 1080 2912 ipsius,
1102 2832 1222 2893 clericis
1242 2832 1360 2894 scilicet
1379 2842 1414 2895 et

327 2914 507 2993 monacbis,
533 2913 625 2973 aliurn
647 2912 825 2995 episcopum
845 2913 996 2994 eligendi3
1024 2914 1111 2997 quod
1137 2925 1170 2976 et
1188 2913 1360 2977 Areaducm
1378 2926 1412 2977 et

327 3018 453 3083 magnos
473 3018 508 3057 ex
529 2996 722 3057 senatoribus
746 2997 970 3057 contristabat:
992 2997 1179 3079 diligebatur
1199 2998 1281 3059 enim
1305 3000 1413 3061 Mace.

327 3082 436 3143 danius
458 3089 593 3164 propter
614 3080 695 3141 vitae
713 3077 897 3141 munditiam
923 3088 957 3139 et
978 3080 1158 3161 dogmatum
1180 3081 1411 3157 rectitudinem,
1503 3092 1509 3099 ’

327 3168 399 3227 licet
418 3165 565 3245 deceptus
585 3162 687 3223 fuerit
730 3162 875 3223 instruxit
895 3174 1000 3223 antem
1022 3165 1196 3245 imperator
1213 3166 1292 3226 duos
1313 3186 1412 3247 quos-

326 3249 397 3309 dam
419 3257 553 3331 nequam
578 3266 722 3307 accusare
742 3246 961 3308 Macedonium
983 3246 1071 3330 quasi
1090 3267 1265 3329 puerorum
1285 3257 1409 3308 amato.

327 3354 393 3393 rem
416 3334 536 3413 pariter
567 3337 600 3389 et
630 3328 842 3403 haereticum,
872 3340 903 3391 et
935 3328 1011 3390 haec
1038 3330 1204 3411 porrigere
1232 3331 1265 3390 in
1287 3331 1416 3413 scriptis

322 3406 482 3497 praefecto
503 3424 534 3474 et
552 3413 710 3495 magistro.
751 3412 890 3472 similiter
910 3423 1013 3473 autem
1028 3421 1138 3473 contra
1158 3413 1357 3497 presbyteros
1378 3424 1414 3476 et

323 3500 470 3558 diaconos
489 3495 692 3557 orthodoxos.
746 3494 833 3574 iussit
865 3506 969 3556 autem
990 3496 1130 3557 Celerem
1150 3498 1332 3580 magistrum
1351 3498 1412 3559 de-

323 3600 443 3665 ponere
464 3578 619 3639 violeuter
639 3599 711 3639 eum
732 3578 772 3638 ab
801 3578 977 3661 episcopio,
1000 3580 1151 3641 clamante
1172 3579 1413 3642 Macedonicae

321 3674 471 3748 prompte
485 3660 674 3743 respondere
688 3682 750 3722 non
764 3662 907 3722 salumin
922 3663 1084 3743 praetorio
1097 3662 1151 3723 sed
1170 3664 1262 3724 etiam
1273 3665 1304 3723 iu
1320 3662 1412 3724 thea-

321 3758 383 3809 tro.
407 3745 495 3808 multi
517 3765 592 3805 vero
615 3744 802 3805 clericorum
822 3746 853 3803 in
869 3766 1009 3806 carceres
1022 3744 1102 3805 missi
1123 3754 1212 3806 sunta
1233 3748 1287 3829 qui
1303 3757 1411 3807 antam

321 3834 428 3917 fugere
446 3835 640 3912 potueruut,
661 3824 745 3910 apud
765 3828 894 3889 Romam
918 3839 950 3891 et
970 3828 1158 3889 Phoenicem
1179 3839 1251 3890 sunt
1269 3830 1410 3912 dispersi.

403 3936 507 3999 Porro
536 3934 648 4017 impius
681 3934 854 4017 imperator
873 3936 1084 3999 authenticam
1111 3935 1252 3999 chartam
1275 3936 1410 4000 Chalce-

355 4130 380 4198 *)
398 4125 643 4207 commonitorium]
673 4122 836 4179 Theodorus
853 4128 974 4179 balsamo
998 4126 1032 4179 ad
1059 4128 1191 4195 synodum
1210 4124 1408 4195 Carthaginen-

390 4214 466 4255 seraa:¹
480 4213 700 4267 aopparsropaov
720 4194 780 4262 ἤτοι
797 4193 827 4254 ni
845 4200 995 4272 ἔγγραφον
1012 4197 1173 4273 ὑπόμνημα.
1207 4196 1269 4252 ride
1283 4196 1319 4251 ad
1331 4198 1408 4267 glos-

390 4286 431 4321 sas
452 4268 635 4321 Baailicorum·
672 4268 749 4321 Fusa.
