3050 4900
296 354 366 422 100
452 354 662 423 ANASTASll
692 353 887 422 HISTORIA
914 351 1222 422 mastnsrtca

192 546 219 598 p·
229 533 282 588 stc
292 523 418 606 plurimi
434 545 511 587 vero
525 524 702 608 principum
715 531 854 608 ipsorum
861 525 1008 588 Romania
1022 524 1159 586 adiuncti
1172 529 1253 585 aunt
1270 519 1379 584 muli'c-

292 631 362 670 rum
376 618 471 691 atqua
483 629 655 690 puerorum
677 618 795 671 tantam
816 609 1047 671 multitudinem
1061 605 1193 670 Romani
1213 625 1327 687 cepere
1343 614 1380 664 ut

291 693 356 754 ovis
378 689 482 774 pretio
512 713 634 754 servum
655 695 847 754 lllaurusium
877 713 981 754 emere
1008 691 1186 754 volentibus
1216 687 1378 751 venunda-

292 783 372 836 rcnt.
414 783 446 836 et
466 781 542 836 tunc
561 775 602 838 eis
623 784 709 837 vetus
731 776 891 859 eloquium
913 774 1072 836 cuiusdam
1101 773 1224 836 divinae
1243 775 1269 849 *l
1290 771 1380 834 femi.

292 879 349 918 nae
368 857 510 940 contigit,
534 859 606 942 quia
627 857 846 921 maledictione
868 858 1037 920 multitudo
1052 879 1162 921 eorum
1183 877 1202 917 a
1221 854 1293 916 viro
1313 855 1379 917 aine

289 941 388 1002 barba
406 939 516 1023 periit:
533 942 680 1004 Salomon
701 941 820 1025 quippe
832 964 851 1003 a
872 963 974 1025 puero
997 940 1156 1004 eunuchus
1177 948 1304 1022 praeter
1320 961 1381 1000 vo·

290 1023 442 1086 luntatem
462 1025 588 1088 effectus
608 1033 663 1106 est,
682 1046 760 1108 prae
775 1025 917 1108 passione
935 1025 1081 1109 genitales
1096 1030 1201 1106 partes
1222 1021 1378 1084 amittens.

289 1127 389 1188 porro
417 1115 485 1170 tota
510 1109 607 1194 Libya
638 1119 787 1190 percepta
822 1107 1039 1191 Carthaginem
1061 1108 1164 1169 rediit.
1214 1115 1379 1187 practerea

290 1211 363 1252 vere
382 1189 549 1273 incipiente
571 1191 674 1254 missus
704 1201 747 1254 est
770 1190 931 1254 belisarius
952 1191 1091 1254 Siciliam
1110 1189 1256 1252 Romanis
1277 1190 1380 1250 iacere

291 1274 499 1334 tributariam.
543 1275 596 1336 adsi
616 1295 654 1336 co
679 1275 835 1336 hiemante
856 1275 990 1337 Romani
1017 1274 1134 1357 Libyae
1152 1280 1266 1334 contra
1286 1270 1380 1341 Salo-

290 1376 413 1418 monem
436 1357 603 1419 simultates
625 1359 775 1431 lecerunt,
798 1358 975 1420 bocmodo.
1017 1357 1151 1439 acceptis
1174 1357 1257 1418 enim
1276 1355 1379 1418 inter·-

188 1443 468 1520 p.sitemptorum
503 1441 650 1503 uxoribus
677 1440 893 1503 Vandalorum
922 1441 1080 1502 habebant
1100 1459 1191 1522 agros
1212 1460 1321 1500 earum
1342 1450 1379 1501 nt

288 1545 374 1599 snus,
407 1531 439 1584 et
471 1523 591 1587 solvere
617 1523 800 1607 imperatori
829 1545 889 1606 pro
921 1525 964 1586 eis
987 1525 1106 1584 tributa
1137 1522 1293 1584 nolebant.
1345 1533 1378 1586 at

288 1627 364 1668 vero
387 1606 534 1668 Salomon
565 1609 786 1669 commonebat
813 1629 867 1668 cos
897 1629 936 1669 ne
965 1607 1220 1668 contradicerent
1240 1604 1379 1687 impera·

288 1690 363 1770 tori,
396 1688 451 1760 sed
480 1689 554 1751 huic
583 1712 664 1774 quac
691 1689 862 1752 deliberata
894 1691 1021 1752 luissent
1047 1691 1170 1772 penitus
1199 1687 1377 1752 redderent.

288 1771 472 1834 ceciderunt
494 1782 597 1834 autem
620 1774 749 1858 quidam
771 1794 899 1850 eorum,
920 1774 1114 1856 maximeque
1132 1771 1322 1848 Gothorum,
1345 1772 1376 1832 in

289 1856 355 1916 trit
375 1864 511 1928 sectam
541 1877 620 1939 quos
649 1856 827 1919 sacerdotes
855 1856 1000 1919 ecclesiae
1025 1855 1235 1939 segregabant,
1265 1863 1298 1917 et
1319 1873 1378 1916 nce

288 1935 404 1999 liberos
426 1959 537 1999 corum
569 1941 727 2022 baptisare
756 1942 912 2002 volebant.
955 1939 1089 2002 undeet
1110 1941 1143 2001 in
1163 1937 1213 2000 die
1233 1939 1312 2002 sesto
1332 1938 1378 2000 si·

287 2023 401 2082 multas
434 2021 542 2083 allecta
566 2032 620 2085 est.
672 2022 827 2086 consiliati
856 2044 934 2084 veru
953 2032 1025 2084 sunt
1045 2022 1156 2084 milites
1177 2021 1377 2084 Salomonem

288 2101 318 2162 in
345 2105 463 2185 templo
484 2105 655 2186 perimere;
677 2107 733 2191 qui
757 2107 817 2168 boc
838 2106 947 2169 audito
975 2107 1105 2168 suadere
1125 2105 1167 2166 eis
1188 2104 1338 2170 recedere
1358 2129 1377 2166 a

166 2184 438 2262 ptlttdacditiune
460 2189 608 2266 tentabat,
630 2190 716 2273 quod
738 2209 800 2250 non
820 2197 893 2272 post
914 2211 1013 2272 pauca
1032 2189 1179 2250 obtinuit.
1214 2187 1376 2250 Belisarius

288 2277 391 2331 autem
412 2271 549 2332 Siciliam
572 2281 603 2333 ct
622 2274 753 2334 Romam
776 2273 815 2334 ab
835 2273 918 2355 Ugia
939 2273 1095 2335 detentam
1117 2281 1149 2334 et
1175 2271 1375 2354 circumqua-

245 2413 250 2425 ,
288 2374 349 2436 que
370 2354 509 2417 civitates
530 2356 693 2438 accipiens,
716 2356 830 2439 Ugium
850 2358 1032 2440 Byzantium
1054 2354 1141 2418 duxit
1163 2355 1203 2418 ad
1231 2354 1376 2417 iustinia-

289 2458 363 2497 uum
388 2459 459 2498 cum
486 2459 582 2502 uxore
606 2441 697 2523 ipsius
720 2451 752 2501 et
786 2439 899 2503 liberis·
941 2451 973 2503 ct
994 2439 1075 2501 misit
1096 2439 1269 2521 imperator
1290 2440 1370 2499 ilar.

286 2540 349 2581 aem
371 2521 597 2585 cubicularium
620 2524 749 2587 Romam
772 2545 845 2585 cum
868 2523 960 2587 classe
989 2523 1114 2585 tenendi
1140 2544 1177 2584 ea
1209 2543 1288 2606 quae
1309 2522 1373 2583 illic

158 2604 496 2675 pseaetnbehnaur.
539 2607 687 2668 Salomon
712 2616 815 2669 numm
848 2607 944 2667 muris
973 2607 1089 2690 Libyae
1112 2606 1249 2669 civitates
1270 2606 1376 2667 murri-

289 2689 343 2751 vit
386 2697 418 2749 et
439 2690 586 2770 quoniam
608 2690 758 2753 Maurusii
779 2690 981 2751 discesserunt
1001 2712 1018 2749 a
1040 2688 1182 2749 Numidia
1200 2689 1293 2761 victi,
1314 2691 1376 2749 Za-

288 2770 348 2831 ben
382 2772 541 2851 regionem
573 2780 667 2854 atque
698 2771 916 2832 Mauritaniam
948 2780 980 2833 et
1006 2770 1142 2854 Sitipbin
1172 2774 1376 2853 metropolim

289 2853 347 2913 snb
368 2854 489 2915 tributo
510 2855 655 2917 Romanis
678 2856 797 2917 effecit:
819 2854 945 2917 ulterius
965 2854 1046 2916 enim
1068 2855 1275 2917 Mauritaniae
1297 2856 1376 2917 Cae·

157 2936 245 3005 pddfi
263 2936 377 2997 dsurea
399 2934 501 3017 prima
527 2937 709 3019 metropolis
730 2947 787 3001 est.
830 2938 948 3001 interea
970 2940 1095 3001 Iberum
1115 2961 1181 3017 rex,
1204 2940 1376 3001 Zamassar-

289 3018 345 3079 dus
366 3019 501 3097 nomine,
525 3020 827 3103 Constantinopolim
851 3020 988 3083 ascendit
1014 3019 1054 3083 ad
1076 3022 1300 3105 imperatorem
1321 3024 1376 3084 lu-

286 3102 452 3163 stinianum
474 3124 545 3163 cuin
568 3102 747 3183 muliere*‘)
768 3127 805 3166 ac
820 3106 1012 3167 senatoribus
1031 3105 1102 3185 auis,
1124 3126 1236 3188 rugans
1249 3127 1321 3167 eum
1339 3112 1376 3167 ut

288 3196 366 3247 esset
388 3186 602 3249 Romanorum
622 3198 825 3251 concertator
843 3199 876 3249 et
895 3208 1057 3271 germanus
1078 3191 1203 3251 amicus.
1246 3196 1292 3251 ast
1313 3190 1374 3251 im-

290 3278 420 3351 perator
440 3268 616 3333 buiusmodi
636 3272 800 3353 proposito
820 3272 885 3332 eius
913 3284 1041 3357 accepto
1059 3273 1162 3334 multis
1181 3294 1252 3333 cum
1274 3280 1307 3333 et
1324 3293 1375 3333 ae-

290 3359 415 3413 natores
447 3354 511 3415 eius
540 3354 757 3417 munificentiis
785 3354 963 3417 bonoravit.
1014 3355 1157 3419 similiter
1184 3366 1216 3418 et
1239 3358 1374 3437 Augusta

291 3456 372 3497 uxor
393 3434 457 3497 eius
480 3436 598 3497 variata
628 3438 753 3519 genimis
784 3447 969 3501 ornamenta
1003 3439 1147 3517 donavit,
1177 3449 1209 3503 et
1231 3438 1375 3503 dimisere

290 3540 343 3581 eos
364 3519 494 3601 pacifice
517 3520 555 3581 ad
578 3522 745 3603 proprium
765 3543 905 3605 regnum

323 3705 349 3778 ⁴¹)
367 3702 485 3775 divinae]
505 3702 632 3755 Glossac:
651 3704 772 3757 diuinum
790 3704 902 3777 peno.
915 3706 1068 3760 Petronius:
1085 3705 1202 3759 bainam
1222 3692 1272 3774 ogd
1292 3714 1374 3776 puta·

360 3774 430 3827 bam.
468 3776 566 3827 Auctor
586 3774 700 3843 Queruli
726 3778 753 3827 iu
772 3778 872 3846 praebe
898 3794 1003 3847 magum
1029 3778 1298 3847 mathematicumque
1315 3793 1375 3829 sere

360 3843 469 3966 fingenp:
488 3852 516 3896 et
532 3862 605 3898 mox:
625 3846 737 3917 Queroli
756 3854 857 3899 secreta
872 3854 899 3898 et
914 3848 1058 3901 familiaria
1075 3850 1152 3920 quasi
1163 3846 1270 3901 divinus
1280 3848 1375 3919 loqui-

359 3924 411 3967 tur.
468 3932 526 3970 aar.

308 4010 346 4082 aa)
367 4010 490 4130 upiliepe]
504 4011 606 4127 purilier
619 4028 673 4133 pro
693 4029 785 4097 uxore,
803 4013 876 4134 utsin
886 4013 1020 4135 Caplitullis
1038 4012 1126 4135 (Jarclli
1138 4012 1221 4097 Calpi,
1241 4010 1315 4131 qnot'l
1335 4010 1375 4132 {pp

285 4138 288 4145 ¹
305 4140 320 4154 '⁴
359 4090 491 4219 desladl
505 4092 1100 4225 bimuliuirilibus’llispdbicdiribiiadgedtdlbiat,
1123 4094 1247 4206 ltilildiidt
1257 4100 1375 4225 'ineptia

361 4224 524 4275 Pruaiuriuln
542 4226 663 4287 mouille,
683 4242 732 4294 pro
757 4242 847 4279 uxore.
884 4226 963 4279 Fara.
