3050 4900
276 293 351 364 57⁰
625 297 682 364 ΔΙ)
711 299 992 367 inmensam

277 489 358 552 qnae
378 469 726 552 sequnntanoceardo
747 469 981 547 inonstantia,
1001 491 1061 552 ego
1081 471 1126 532 sic
1136 468 1274 532 reddam.
1294 473 1370 556 pri.

275 573 359 612 mnus
380 573 495 636 rapere,
517 565 549 614 ut
567 554 744 638 munsteri
763 555 849 634 solet,
871 558 1021 616 occasione
1033 552 1214 629 insilientem
1235 569 1299 616 erm
1317 556 1372 616 in·

275 635 376 696 maiia
390 657 585 720 perrumpere
605 639 724 698 homa.
768 637 812 700 sic
841 647 929 700 certe
948 645 1173 720 comparatum,
1198 647 1234 698 ut
1255 639 1372 719 paula-

275 717 334 782 tim
352 739 389 780 ex
419 720 499 781 ieme
522 727 554 782 et
579 729 714 802 egestate
733 721 821 784 irone
841 730 981 804 ereren,
1017 719 1104 806 quod
1126 719 1370 804 itaTheophan.

275 801 376 864 voluit
400 802 586 885 exprimere.

356 922 409 1002 43,
433 923 482 988 13.
523 917 679 1010 ἡττηθείς,
699 918 769 1004 ἅμα
788 929 854 998 τοῖς
870 925 986 1000 circha
1005 921 1157 1010 ἀνῃρέθη]
1179 932 1285 1006 vienn,
1305 947 1368 988 nna

273 1029 340 1069 αοιι
361 1011 530 1072 messian
561 1023 682 1074 necatio
710 1023 761 1074 est.
811 1011 855 1073 sic
888 1021 920 1074 et
939 1010 1092 1074 Baccard.
1112 1011 1248 1096 itemque
1269 1011 1365 1073 Baris.

274 1091 366 1178 Peyr.
389 1101 449 1155 etc.
470 1091 565 1156 codd.

357 1194 411 1279 44,
435 1198 467 1262 4.
509 1196 526 1263 ὅ
549 1189 736 1284 diuersae]
759 1201 852 1264 Beris.
872 1202 966 1286 Peyr.
989 1210 1050 1266 etc.

358 1319 411 1405 45,
432 1322 463 1394 9.
511 1321 643 1408 αἱρέθη]
675 1327 749 1389 Vat.
773 1331 800 1394 1.
830 1322 1013 1426 ὃτορεόθη..
1030 1335 1102 1426 post
1127 1323 1252 1410 περιῄει
1279 1323 1367 1389 haud

275 1407 445 1471 omittenda
464 1427 525 1471 vox
546 1405 734 1492 ἱερουργοῖν·
777 1409 862 1495 quod
884 1411 966 1473 enim
989 1433 1034 1473 ιιο
1051 1409 1275 1474 circumeundo
1298 1433 1366 1474 rem

273 1513 394 1553 sacram
415 1494 553 1575 iaceret,
574 1503 606 1556 et
633 1493 774 1556 cohiberi
809 1494 849 1555 ab
872 1493 1038 1556 Athanasio
1061 1495 1187 1578 potuit,
1209 1502 1241 1556 et
1257 1515 1365 1556 sacro.

274 1596 346 1638 ram
366 1597 530 1656 vasorum,
565 1587 660 1662 atque
691 1578 846 1639 librorum
867 1578 1044 1640 violationis
1065 1577 1219 1640 caiumnia
1241 1577 1272 1638 in
1294 1599 1367 1640 enm

273 1658 431 1742 componi.

358 1762 410 1844 46,
433 1761 484 1833 14.
526 1754 668 1838 ἅπαντας
689 1761 892 1866 oracionem]
923 1766 976 1852 qai
994 1785 1028 1826 os
1046 1767 1179 1828 omnihus
1206 1767 1366 1832 obstruxit.

274 1849 448 1913 Bacchard.
470 1851 645 1934 suspicatur
665 1849 786 1934 legend.
807 1852 1003 1934 orionem,
1024 1851 1259 1936 quiimposturie
1277 1853 1365 1914 sedu-

277 1947 346 1998 cat:
370 1941 403 1995 at
424 1931 501 1994 nihil
522 1954 655 1995 necesse.

356 2055 440 2119 ibid.
464 2052 512 2118 16.
553 2055 610 2117 τοῦ
628 2049 708 2118 sord
727 2053 891 2136 Ἀροένιον
917 2049 1101 2134 πλάσματος
1120 2055 1367 2135 διιλιγχθέντος,

272 2131 329 2200 tat
355 2135 412 2220 τὴν
444 2133 525 2202 sarci
550 2129 701 2218 ’ἰσχύσαι
738 2141 953 2222 συκοφαντίαν
984 2134 1013 2202 oi
1042 2137 1158 2218 ἐχθροὶ
1181 2141 1365 2220 ἐτρέποντο]

265 2221 345 2305 ficto
367 2225 548 2305 amputatae
577 2223 705 2285 Arsenii
731 2222 876 2285 &aeterne
901 2224 1028 2286 crimine
1046 2224 1223 2300 οοιιΐιιιοιο,
1245 2224 1368 2287 inimici

274 2305 323 2368 ad
340 2307 488 2385 ischyrae
507 2306 692 2366 columniam
712 2307 874 2370 redierant.
929 2305 1005 2366 nihil
1028 2305 1152 2377 clarius,
1174 2305 1365 2369 cohaerens.

275 2409 337 2472 que
361 2390 475 2451 omnia.
517 2410 581 2451 non
601 2389 685 2453 enirn
697 2390 857 2453 Athanasii
876 2389 1115 2453 satisfactionem
1134 2390 1283 2474 probasse
1303 2391 1366 2453 ini·

276 2474 391 2552 minos,
412 2482 449 2533 nt
476 2494 540 2534 non
559 2474 655 2555 magis
676 2484 835 2557 urgerent,
865 2496 945 2558 quae
965 2474 1066 2535 minus
1085 2482 1194 2556 operta
1215 2473 1365 2537 videren-

275 2565 331 2619 tur
360 2555 572 2618 satisfactionis
601 2558 723 2639 capita,
745 2555 880 2619 ostendit
909 2558 973 2641 ipsa
1004 2556 1159 2619 Athanasii
1183 2556 1264 2638 iuga.
1306 2559 1366 2621 etsi

273 2639 588 2801 tetstttt'attt
602 2640 1365 2808 ..ttttttttt..itttttttetttttffttt

275 2826 331 2867 cra
351 2826 422 2866 rasa
442 2806 625 2887 confracta,
656 2807 754 2869 libros
789 2809 967 2871 combustos
987 2806 1177 2889 pertinacius
1198 2808 1369 2871 contende·

273 2888 362 2949 hant.
405 2888 583 2950 Boccardus
612 2892 696 2951 inani
717 2912 749 2954 se
779 2892 888 2955 labore
909 2890 960 2953 hic
983 2900 1130 2975 torquet:
1147 2892 1186 2952 P.
1205 2895 1291 2954 Goar
1310 2912 1369 2953 sna

155 2994 161 3006 ·
274 2971 344 3046 atie,
366 2970 459 3055 longe
484 2972 536 3034 iiia
557 2996 575 3035 a
596 2975 710 3037 nostris
736 2974 936 3057 Theophanis
966 2974 1091 3059 ingerit.
1113 2975 1286 3037 Anastasius
1307 2974 1367 3039 ista

274 3052 387 3118 omisit.

354 3155 406 3245 47,
429 3159 477 3225 18.
516 3158 738 3245 προεβάλοντο.

354 3262 407 3347 48,
428 3268 477 3331 12.
519 3262 639 3347 ὀμόσας
652 3262 736 3332 οὕτω
751 3265 910 3333 necessisse
930 3268 1035 3335 πείθει
1056 3271 1216 3348 asisinat]
1238 3275 1285 3336 ita
1303 3294 1369 3336 cre·

271 3352 343 3415 dere
361 3354 552 3415 inreiwwsdo
574 3352 752 3435 affirmans,
776 3354 882 3417 suadet
903 3355 1002 3418 netem
1022 3358 1119 3441 recipi
1136 3366 1198 3419 etc.

354 3458 407 3541 49,
427 3458 459 3523 6.
500 3460 719 3543 δεκαττηρίιῖο.
1046 3470 1049 3477 ’

354 3582 407 3661 61,
428 3581 458 3645 6.
500 3582 689 3666 καταλαβών
716 3580 753 3649 ἐν
783 3586 838 3667 τῆς
857 3576 939 3660 isiae
969 3582 1005 3651 τὸ
1028 3586 1088 3649 τοῦ
1119 3580 1240 3671 πατρὸς
1258 3584 1368 3669 σῶμα]

271 3666 316 3729 sic
336 3676 516 3731 constanter
538 3670 630 3730 codd.
650 3678 758 3754 estque
774 3670 835 3730 ianr
852 3674 979 3733 editum.
1029 3671 1082 3731 ubi
1099 3692 1141 3732 ex
1155 3670 1275 3731 Oriente
1294 3692 1367 3732 cor-

267 3771 326 3835 pus
344 3754 444 3836 patn's
463 3755 600 3834 accepit5
622 3752 801 3816 Nicomedia
822 3755 938 3819 scilicet
954 3756 1015 3816 CP.
1029 3752 1190 3816 delatum:
1215 3774 1277 3815 non
1301 3754 1367 3837 ipse

272 3856 415 3898 reversus
437 3856 473 3897 er
493 3834 636 3897 Oriente.

354 3942 405 4024 52,
427 3942 460 4006 9.
503 3938 561 4004 τδν
583 3939 638 4005 καί
657 3938 696 4006 τὰ
718 3936 893 4023 ου’μμιττα]
915 3942 1006 4007 Barh.
1028 3944 1124 4029 Peyr.
1143 3953 1202 4005 etc.

357 4050 409 4127 53,
432 4052 480 4113 12.
522 4040 661 4133 ὕστερον
684 4052 848 4129 μετέθετο]
881 4052 974 4121 Cedr.
996 4050 1090 4115 Berh.
1121 4052 1214 4137 Peyr.
1235 4058 1293 4114 etc.
1311 4071 1369 4114 nec

277 4152 313 4196 re
334 4132 377 4195 sic
391 4136 475 4198 ciera
499 4134 704 4200 haerendum.
