3050 4900
241 302 315 374 tat
612 309 654 368 ru
683 274 958 367 urnorauuusi

239 503 297 565 pro
308 479 414 540 Cerere
433 479 625 560 designasset,
645 474 746 536 viridi
754 477 836 534 cultu
850 473 1007 534 citabatur:
1019 485 1047 530 et
1059 473 1137 530 alter
1149 471 1335 549 antagonista

242 565 382 624 caeruleo
393 562 546 622 selremate
557 560 707 630 utebatur,
723 556 808 642 quocl
820 579 912 642 aqims
925 569 953 616 et
963 556 1134 637 Neptunum
1148 554 1333 615 imitabatur.

243 650 336 708 victus
359 649 451 706 morti
467 644 709 726 oieu'majiebat.
738 642 782 700 ad
801 641 881 722 quod
909 641 1023 719 regium
1047 651 1076 696 et
1092 638 1335 698 anniversarium

243 744 395 790 certamen
416 727 536 806 infinita
552 727 703 786 lrorninum
720 726 812 806 copia
822 723 1005 782 exomnilnrs
1017 723 1077 780 oris
1088 735 1116 780 et
1131 719 1255 780 urbibus
1266 741 1335 778 con-

232 813 368 894 fluebat.
389 798 600 872 ae'maetant
616 809 737 890 quidem
753 821 783 865 et
803 805 945 882 insulani,
964 807 1070 888 quique
1090 806 1173 864 vicos
1193 802 1335 862 littorales

246 907 359 956 nautae
371 895 552 971 incolebant,
565 890 714 951 vovebant
730 891 779 948 illi
798 889 968 968 victoriam,
990 887 1042 970 qui
1056 887 1197 969 Neptuni,
1210 888 1265 944 lroc
1284 899 1337 959 est,

247 979 411 1038 caeruleum
420 977 544 1054 serebat
555 976 701 1044 colorem.-
717 973 800 1055 quocl
817 973 1040 1049 existimarent,
1055 991 1208 1050 magnam,
1228 971 1254 1026 si
1268 970 1337 1028 vin-

247 1073 373 1137 ceretur,
384 1061 527 1136 sunnam
554 1059 682 1142 piscium
702 1058 883 1134 caritatem,
905 1051 1086 1134 naufragia,
1094 1054 1267 1136 flaminum
1287 1053 1337 1110 in-

214 1131 346 1224 ⁰gentes
360 1143 526 1226 procellas.
570 1154 684 1213 corsua,
716 1141 769 1220 qui
788 1139 982 1198 continentem
1003 1136 1221 1206 inhabitabant,
1243 1135 1337 1192 medi·

249 1227 379 1286 terranei
394 1227 486 1298 eines,
507 1236 537 1285 et
558 1223 725 1304 agricolae,
748 1236 778 1281 et
794 1235 857 1282 tota
877 1222 1039 1300 agrestium
1063 1219 1164 1294 turlra,
1185 1219 1272 1277 illum
1288 1219 1338 1276 ni..

250 1329 322 1368 nere
341 1309 509 1391 optabant,
529 1308 581 1386 qui
608 1321 710 1367 terrae
729 1306 858 1366 colorem
878 1304 1055 1364 herbaceum
1078 1323 1115 1360 no
1135 1301 1267 1360 or'riclem
1287 1321 1338 1379 ge.

248 1406 350 1468 staret,
373 1393 438 1450 rati
457 1412 598 1471 magnam
619 1410 743 1449 annona
766 1389 928 1448 caritatem
960 1389 1137 1464 aestimem,
1157 1385 1289 1466 uinique,
1312 1397 1340 1442 et

249 1476 319 1548 olei,
336 1477 517 1554 sruprmque
537 1473 672 1534 omnium
693 1471 828 1553 inopiam
847 1482 1019 1530 secuturam.
1060 1481 1150 1548 atque
1175 1466 1340 1526 Oenomaus

250 1557 372 1644 quidem
401 1562 509 1616 multos
539 1577 582 1617 ex
610 1555 805 1615 adversariis
837 1554 898 1612 suis
927 1555 1027 1612 nttrltis
1052 1554 1141 1611 annis
1162 1551 1244 1626 vicit,
1261 1550 1344 1632 quod

252 1643 421 1722 Apsyrtum
444 1641 645 1720 arar'gatiortis
661 1638 877 1720 peritissimum
905 1636 1023 1696 liaberet
1051 1635 1240 1714 magistrum.
1274 1631 1342 1714 suit

176 1766 179 1770 ι
251 1721 378 1783 tundens
398 1716 495 1782 uictus
518 1721 700 1798 Oenomaus,
719 1734 747 1779 et
768 1719 937 1792 iruerfectus
961 1740 983 1778 a
1002 1719 1115 1799 Pelope
1139 1714 1233 1793 Lydo.
1272 1717 1340 1798 pri-

252 1827 319 1865 mus
347 1806 523 1888 equestrium
552 1805 748 1865 certamimrm
781 1817 887 1864 auctor
895 1803 1004 1878 fertur
1033 1801 1184 1877 Enrnlius
1213 1797 1342 1884 quidam

254 1887 388 1972 Neptrmi
407 1888 515 1965 filius,
537 1887 590 1968 qui
612 1885 711 1963 Libya
732 1886 785 1945 Ius
811 1898 840 1945 et
871 1885 954 1945 Ionis
980 1883 1050 1945 Pici
1069 1883 1143 1962 filia
1163 1883 1197 1942 in
1217 1903 1343 1942 cruorem

253 1971 351 2045 ducta,
371 1991 441 2030 oras
463 1971 507 2027 ad
526 1969 680 2029 meridiem
705 1971 889 2049 pertinentes
918 1967 998 2028 bello
1020 1953 1165 2028 sulractas
1184 1966 1224 2025 alr
1245 1983 1344 2025 uxore
1397 1995 1405 2004 ·

255 2053 385 2129 Libyam
405 2049 597 2134 rumcnpavit.
640 2052 724 2111 ludos
743 2051 898 2110 Circenses
919 2063 1035 2124 autem,
1058 2072 1107 2108 sen
1125 2051 1344 2129 aurigationem

255 2137 413 2194 multonem
437 2155 576 2194 currerem
598 2135 752 2211 Enyalius
773 2136 970 2214 excogitavit,
994 2133 1246 2217 quemadmodum
1268 2131 1343 2191 Cal.

254 2219 403 2280 limaeltus
422 2219 553 2298 scriptor
570 2220 803 2296 sapientissimus
821 2219 854 2276 in
874 2217 972 2277 Aetiis
985 2217 1044 2276 suis
1064 2217 1192 2275 notavit.
1235 2215 1343 2292 Enye-

256 2300 330 2360 lium
348 2315 462 2360 secutus
483 2315 527 2360 est
550 2301 752 2372 Ericthonius,
774 2320 813 2360 ae
839 2301 979 2382 deinceps
999 2301 1058 2360 alii
1077 2301 1109 2359 in
1130 2300 1228 2360 variis
1250 2313 1345 2357 terrae

251 2385 395 2467 partibus
423 2384 539 2444 eosdem
560 2384 648 2443 ludos
674 2385 870 2443 celebranmt.
925 2383 1098 2442 Oenomaus
1128 2403 1201 2443 nero
1228 2382 1346 2465 prinnrs

256 2470 314 2527 ltoe
333 2481 465 2553 equestre
493 2482 648 2529 certamen
676 2468 854 2550 quadrigis,
885 2469 940 2529 lroo
960 2480 1023 2541 est,
1045 2466 1244 2548 quadriiugis
1262 2466 1347 2549 equis

256 2572 377 2613 currum
399 2552 566 2611 vellentibus
593 2550 738 2611 instituit:
768 2550 846 2609 unde
874 2562 1029 2631 tantopere
1057 2549 1222 2611 celebratus
1245 2562 1298 2623 est,
1318 2560 1351 2607 ut

259 2635 479 2711 sapientissimi
509 2634 655 2693 Characis
681 2635 825 2693 historiae
846 2646 1025 2706 memorant,
1058 2634 1112 2714 qui
1141 2646 1171 2692 et
1200 2636 1348 2696 rationem

259 2716 402 2775 ludorum
425 2718 603 2795 equestrium
623 2717 806 2797 explicavit,
826 2738 892 2775 curu
920 2714 1049 2777 ostendit
1066 2716 1135 2775 illos
1155 2715 1199 2776 ad
1219 2717 1353 2776 uniuersi

260 2810 401 2859 naturam
422 2798 640 2859 declarandam
664 2814 820 2879 repertos,
842 2800 897 2859 lroc
916 2814 974 2874 est,
997 2800 1086 2869 caeli,
1113 2813 1219 2874 terrae,
1242 2799 1349 2858 maris:

260 2882 365 2940 etenim
384 2878 527 2940 duodena
557 2882 700 2965 aedificia
722 2884 886 2943 retulercmt
921 2882 965 2943 ad
984 2884 1129 2963 signfferi,
1149 2902 1200 2941 seu
1215 2880 1354 2942 Zocliaci

260 2962 401 3023 duodena
432 2966 538 3044 signa,
562 2985 628 3024 cuns
653 2965 812 3024 Zocliacus
842 2979 869 3025 et
891 2980 1014 3039 terram,
1035 2978 1064 3025 et
1085 2986 1177 3040 enare,
1197 2968 1350 3045 vitamque

262 3048 437 3105 mortalium
460 3067 647 3107 corunumem
664 3050 824 3128 dispenset.
862 3070 920 3131 per
940 3047 1270 3129 areaneHippodromi
1292 3060 1350 3105 ter·-

261 3150 329 3188 ram
350 3131 520 3197 ren-rebant
540 3144 645 3191 totam.
666 3131 825 3213 Eurippus
842 3152 924 3191 mare
941 3133 983 3191 alr
1003 3145 1085 3190 terra
1105 3144 1230 3191 extante
1254 3128 1352 3189 medio

260 3214 328 3271 sinu
349 3227 514 3273 contentum
536 3214 735 3293 designabat:
752 3211 861 3295 flentcs
877 3215 1053 3296 primusad
1069 3216 1155 3287 ostra,
1180 3215 1352 3285 Orientern;

262 3295 348 3370 alter,
369 3299 432 3355 sive
452 3310 530 3356 nteta
549 3312 702 3370 extrema,
732 3297 890 3357 Occasum.
917 3312 1025 3379 septem
1049 3296 1220 3375 intervalla,
1243 3296 1354 3373 spatia,

220 3450 224 3461 Ι
263 3390 291 3437 et
313 3393 409 3437 metae
430 3381 476 3440 ael
496 3380 701 3463 Hippodromi
721 3380 850 3441 medium
871 3395 982 3443 motum
1003 3382 1136 3441 siclorum
1168 3396 1279 3464 septem
1302 3398 1352 3437 er-

263 3465 416 3542 rantium,
435 3475 465 3522 et
489 3483 579 3523 ursae
602 3465 738 3525 maioris.
761 3466 907 3527 Romulus
931 3486 1024 3546 porro
1046 3477 1076 3523 et
1096 3468 1160 3545 ipse
1181 3464 1225 3523 ad
1243 3462 1353 3523 cultum

263 3546 355 3625 Solis,
373 3558 402 3605 et
421 3545 558 3605 subiectis
577 3546 640 3606 illis
653 3560 791 3628 quattuor·
804 3548 967 3625 elementis,
987 3562 1138 3607 certamen
1151 3550 1185 3607 in
1196 3548 1266 3609 urbe
1283 3546 1353 3625 pri-

264 3648 326 3687 mus
346 3640 453 3688 arator
468 3629 646 3705 celebravit,
673 3632 706 3689 in
728 3651 768 3691 ea
790 3630 969 3707 Occidentis,
990 3635 1052 3691 sive
1075 3630 1190 3691 Italiae
1216 3631 1353 3708 regione,

264 3710 449 3790 quadriiugo
469 3732 576 3790 amru,
605 3714 659 3773 lroc
679 3726 737 3788 est,
755 3727 869 3790 terrac,
893 3718 991 3787 mari,
1012 3715 1096 3795 igni,
1125 3716 1198 3773 aeri.
1240 3710 1356 3772 incliclit
1390 3746 1393 3751 -

170 3815 174 3826 ·
263 3816 380 3875 quoque
399 3796 539 3855 Romulus
571 3809 709 3878 qrrattuor
735 3798 887 3857 elementis
914 3800 989 3861 leues
1023 3800 1171 3867 nonn'na„
1211 3816 1233 3856 a
1269 3810 1354 3854 terr-a

266 3876 428 3939 l’rasiunrrs
461 3880 612 3940 actionem
625 3880 804 3958 nominavit,
828 3882 957 3941 virr'clcm
977 3902 1081 3961 nempe
1101 3882 1250 3941 colorent:
1275 3880 1355 3936 mari

268 3958 434 4041 Venetam,
455 3962 495 4022 alt
526 3963 615 4047 aqrn's
632 3982 739 4045 nempe
765 3966 958 4025 caeruleam:
978 3966 1057 4045 ignis
1077 3964 1251 4035 limatam,
1275 3962 1358 4045 qnosl

261 4062 404 4121 purpura
434 4048 533 4122 ignem
562 4046 660 4105 colore
685 4049 861 4127 exprimat:
890 4050 987 4119 acris,
1024 4046 1180 4109 Albatarn.
1230 4059 1258 4105 ct
1285 4046 1357 4104 inrlo

265 4138 402 4206 qunturor
423 4130 455 4188 in
475 4131 549 4189 :erbe
558 4124 907 4208 jae-rtones‘earneruur.
936 4134 1061 4193 uacauit
1078 4144 1178 4191 aruern
1193 4126 1356 4191 Prusiuanr
