3050 4900
319 366 332 490 f
439 394 492 458 rx
521 393 758 463 armraoao
801 399 863 464 cr.
948 395 953 404 ·

66 655 126 724 ..ro
294 611 1001 740 QuorQuoraaauoveauar

128 818 258 879 indecem
276 821 404 882 tribubus
436 821 551 902 Israel,
581 825 622 886 ab
650 827 738 888 aunis
769 825 901 888 Roboam
915 829 990 913 filii
1007 828 1197 910 Salomonis,

127 927 189 1006 regis
204 911 333 990 Iuda'iu
355 929 508 1010 Samaria,
529 954 619 1016 usque
638 935 683 994 ad
704 937 992 1017 trammigratrouem
1018 939 1117 1000 deoem
1139 945 1197 1002 tri-

126 1031 196 1094 buum
211 1037 242 1096 iu
261 1035 411 1117 Assyrios,
431 1040 484 1100 rub
503 1039 636 1102 Eaeebia
655 1063 723 1122 rege
740 1041 831 1104 luda.

125 1189 293 1256 Hieroboam
314 1216 422 1262 aereus
439 1195 626 1272 Salomonis,
675 1197 860 1278 Zacharias,
888 1201 945 1264 sub
976 1224 1040 1348 ‹³qu
1070 1205 1199 1288 impieta

156 1275 202 1356 qui
232 1289 341 1339 unctus
370 1289 416 1340 est
455 1281 494 1342 ab
527 1281 626 1344 Ach'ia

155 1359 298 1440 propheta
321 1383 359 1424 eo
383 1363 469 1445 quod
490 1363 626 1427 declina.

155 1443 225 1501 verit
246 1445 389 1506 dominus
402 1447 465 1509 eius
486 1445 525 1508 ad
548 1449 623 1510 atie-

154 1525 264 1666 Eigenas
275 1529 408 1672 geminas
427 1541 459 1592 et
479 1533 625 1676 eguerit

173 1627 251 1670 arum
300 1634 332 1674 us
366 1636 463 1676 annos
526 1659 533 1675 .

122 1687 299 1754 tumultus
321 1659 405 1773 eius,
428 1719 523 1761 annos
548 1699 576 1762 9

121 1769 203 1836 baasa.
232 1777 282 1840 bie
307 1777 465 1861 dissipavit
494 1781 621 1846 domum

152 1858 341 1938 Hieroboam,
366 1886 462 1925 annos
488 1865 518 1926 9.

717 1291 764 1344 eat
790 1284 960 1366 prophetia
1019 1286 1102 1350 elisei
1132 1297 1198 1364 (re-

716 1367 952 1446 promisitenim
963 1390 1022 1450 per
1043 1392 1114 1433 eurn
1125 1375 1197 1450 flio,

715 1469 777 1528 pro
799 1471 837 1510 eo
867 1451 955 1534 quod
984 1465 1132 1535 operatus
1157 1459 1198 1521 sit

714 1533 746 1592 in
769 1531 864 1616 domo
880 1533 984 1596 Achab
997 1537 1198 1618 occisionem,

714 1635 811 1697 usque
834 1615 872 1678 ad
898 1628 1043 1700 quartam
1064 1643 1198 1702 genera.

712 1702 832 1760 tionem
848 1722 883 1762 ex
895 1700 963 1782 ipso
979 1701 1122 1765 futuram
1141 1709 1197 1790 qai

713 1781 885 1864 imperaret
906 1786 1019 1862 Israel),
1040 1807 1156 1852 menaea
1165 1788 1196 1853 6.

670 1861 764 1925 Serus
786 1867 888 1927 occiso
908 1868 1059 1932 Zacharia
1080 1893 1202 1957 regna..

120 1937 180 2000 Heia
197 1944 270 2004 filius
293 1948 368 2024 eius,
391 1949 448 2010 sub
471 1969 535 2030 quo
558 1948 619 2012 Hiu
710 1949 756 2009 vit
780 1971 884 2011 mense
908 1949 937 2012 1.

150 2028 317 2108 propbeta,
340 2051 436 2092 annos
457 2031 486 2092 9.

605 2055 608 2062 ’
668 2023 830 2110 Mana'sseo,
854 2034 908 2116 qui
929 2033 1046 2097 oceidit
1067 2035 1192 2112 Seram,

116 2103 192 2168 Zabri
213 2111 291 2176 fitius
314 2115 394 2188 eius,
426 2116 481 2198 qui
503 2115 619 2180 occidit
711 2117 852 2258 τεὶηεινίῐ
874 2118 960 2177 annis
984 2118 1035 2180 12·

147 2212 220 2268 eum,
243 2218 361 2258 menses
388 2195 418 2259 7.

115 2273 205 2336 imbri
226 2299 324 2340 annos
350 2279 397 2340 19.

112 2373 203 2436 trirab
237 2379 319 2440 fitius
350 2380 435 2460 eius,
465 2381 522 2444 sab
551 2403 616 2469 quo

144 2458 236 2521 Heliae
250 2460 408 2544 propheta
422 2464 532 2528 elausit
544 2490 618 2529 eae-

667 2195 747 2258 Faco
772 2199 815 2259 ias
835 2199 916 2260 fitius
937 2202 1001 2262 eiua
1023 2223 1121 2263 annos
1144 2202 1194 2266 10.

666 2281 766 2344 Facee
777 2283 856 2343 tilius
864 2285 1032 2363 Rometiae‚
1052 2286 1110 2347 suh
1126 2307 1192 2368 quo

707 2365 809 2426 Esaiae
830 2375 863 2428 et
890 2368 957 2428 Nau
975 2369 1192 2453 prophetavit,

709 2471 806 2509 annos
829 2449 878 2516 98.

146 2540 202 2603 iam
221 2554 253 2605 et
274 2548 455 2610 sacerdotes
469 2548 543 2611 Baal
565 2552 617 2613 in.
667 2530 740 2590 ⁰³3³
762 2533 842 2593 filim
862 2532 976 2610 Heliae’
999 2534 1055 2620 ‘1¹²i
1077 2534 1193 2600 ⁰⁰⁰5&

144 2627 274 2707 teriecit,
298 2652 394 2693 annos
418 2632 468 2694 99.

111 2720 244 2789 ochozias
264 2728 345 2793 fitius
365 2730 428 2793 eius
449 2752 543 2793 annos

112 2820 187 2885 toron
206 2828 308 2892 freter
322 2830 397 2909 eius,
418 2852 510 2914 quem
531 2834 616 2895 occi·

143 2906 184 2969 dit
203 2912 264 2973 Hiu
286 2912 457 2975 seeundum
482 2916 614 2980 verbum

44 2979 105 3043 1759
141 2992 269 3076 domini,
303 2996 450 3080 subque
477 2996 613 3065 Heliseus

141 3076 347 3160 prophetavit,
368 3102 465 3141 annos
479 3081 526 3143 19.

105 3166 172 3249 Ηίιι,
197 3177 250 3259 qui
280 3186 391 3240 unctus
413 3186 457 3241 est
478 3203 495 3240 a
518 3178 613 3242 ‹lisci-

138 3256 206 3334 pulo
227 3260 342 3324 Helisei
371 3262 402 3323 in
438 3262 613 3347 dissipatio.

136 3360 202 3403 nem
230 3344 343 3407 domus
364 3344 469 3408 Achab
500 3370 611 3411 secun-

135 3526 186 3568 nos
247 3560 256 3579 .

101 3584 237 3670 flioehaz,
258 3616 353 3679 quem
370 3598 469 3659 Azara
489 3598 613 3682 rexSy·

134 3672 197 3738 riae
218 3679 313 3760 cepit,
341 3704 437 3743 annos
462 3680 508 3742 17.

99 3752 174 3834 loas,
200 3762 257 3822 sub
282 3784 345 3859 quo
374 3765 509 3827 Heliseus
531 3786 613 3847 pro-

133 3838 224 3921 pheta
269 3848 434 3909 victoriam
468 3849 612 3911 adversas

131 3927 270 4009 Assyrios
306 3932 542 4013 praenunciavit
580 3942 612 3995 et

133 4010 325 4154 operabatur
351 4014 520 4097 miracula,
552 4038 611 4079 aa·

131 4110 184 4152 noe
249 4137 260 4155 .
313 4115 316 4121 ’

98 4166 291 4257 Hieroboam,
299 4178 357 4241 aab
369 4202 435 4262 qao
445 4184 521 4245 tona
533 4206 610 4269 pro·

132 4254 234 4337 pheta,
261 4283 357 4325 annos
378 4258 429 4327 41.

208 4375 385 4474 Theophanes
402 4380 452 4443 11.'

136 3420 416 3571 dumgophetiam
425 3430 540 3510 Heliae,
554 3456 619 3505 an-,

707 2615 818 2692 Facee,
841 2637 938 2676 aneos
960 2614 989 2678 9.

567 2732 598 2794 9·
665 2696 731 2759 Sub
754 2698 815 2759 hoe
833 2699 1029 2762 Satmanasar
1048 2701 1192 2786 Assyrio.

707 2803 780 2842 rum
810 2804 863 2843 rer
892 2783 1060 2864 captivavit
1090 2795 1191 2849 totam

706 2865 878 2927 Samariam
909 2877 940 2928 et
969 2889 1074 2949 regem
1095 2869 1189 2951 ipsius

706 2956 738 3009 et
759 2957 858 3009 totam
878 2958 997 3012 terram
1008 2953 1101 3013 tereti
1116 2955 1189 3016 aba·

705 3053 768 3113 que
784 3033 976 3095 Hierusalem
1010 3055 1047 3094 ee
1068 3036 1187 3100 duabus

705 3116 867 3193 tribubus,
900 3116 975 3178 luda
1008 3116 1126 3180 seilicet
1155 3130 1189 3183 et

696 3197 877 3273 *Beniamim
901 3220 1007 3262 omnes
1023 3204 1115 3263 larabi
1134 3202 1189 3263 de.

703 3280 817 3343 ducens
844 3284 983 3365 eaptivos
1007 3282 1041 3344 in
1069 3293 1188 3348 terram

708 3367 925 3447 Assyriorum,
964 3377 1115 3451 regnante
1152 3370 1186 3431 ia
1273 3433 1277 3440 ,

704 3446 922 3511 Hierusalem.
949 3493 957 3509 .
978 3495 985 3511 .
1010 3473 1086 3512 .eos
1107 3472 1185 3513 vero

705 3532 757 3613 qui
768 3530 953 3594 dicebantur
961 3532 1115 3617 Chyndsei
1128 3534 1186 3595 du-

704 3634 775 3675 cens
798 3618 936 3713 Assyrius
965 3618 1109 3680 deterre
1130 3638 1186 3680 sua

705 3696 873 3760 collocavit
894 3701 926 3760 iu
954 3709 1040 3761 terra
1071 3702 1185 3780 Israiit,

703 3780 734 3840 in
756 3781 896 3844 Samaria
915 3782 1061 3845 videlieet
1081 3793 1111 3846 et
1133 3806 1186 3845 re-

702 3862 793 3947 liquis
823 3867 953 3928 urbibus
990 3889 1070 3951 quae
1104 3890 1122 3928 a
1152 3890 1185 3931 se

703 3947 829 4010 fuerant
838 3950 1002 4030 desolatae,
1012 3972 1074 4032 pro
1085 3955 1183 4012 tarab-

702 4028 774 4108 litis,
796 4055 874 4116 quoa
894 4044 1021 4113 ceperat
1033 4044 1066 4095 et
1078 4046 1182 4097 trans.
1191 4056 1218 4108 p.
1229 4036 1281 4091 too

703 4116 822 4178 tolerat
841 4118 1006 4179 interram
1026 4140 1123 4179 seram.
1135 4120 1179 4179 itti

669 4266 674 4275 Ι
701 4205 805 4261 autem
834 4205 953 4261 terram
975 4205 1064 4264 amu
1089 4204 1179 4262 ineo.

701 4278 798 4345 lenter
828 4286 1182 4347 serviebantnihitomi-

1043 4396 1061 4447 9
