3050 4900
328 391 399 463 516
699 398 740 460 ΙΝ
768 396 1045 461 tumeamus

326 576 386 636 viri
410 594 472 635 non
496 574 551 636 nisi
562 572 787 636 existimatione
806 574 910 635 dcillo
924 570 1129 655 concipienda
1146 572 1285 656 probet;
1305 572 1411 637 Theo·

325 658 458 741 phanem
477 668 508 719 et
530 656 740 739 Nicephorum
761 659 898 719 falsitatis
923 658 1082 719 convictos
1103 658 1153 739 agi
1177 676 1240 717 aon
1261 660 1412 739 patietur,

326 744 380 825 qui
404 742 443 804 de
465 742 612 805 Germani
639 750 672 803 et
693 742 835 803 Andreae
867 741 957 823 lapsu
977 741 1104 803 Beronii
1124 743 1256 821 luctum,
1277 749 1309 803 et
1330 761 1411 825 que-

325 826 403 887 relas
423 825 533 907 legerit
547 847 573 885 a.
596 824 625 885 d.
648 822 709 886 712
725 847 810 885 num.
830 824 850 885 5
872 822 893 885 6
914 834 947 887 et
967 822 998 885 7.

406 952 480 1028 586,
507 953 553 1017 10.
596 950 749 1017 Nausicaa
769 976 803 1017 τε
824 951 877 1017 τὸν
896 950 958 1015 cinci
979 949 1245 1032 κσοκοδισκόοωο]
1266 953 1416 1029 scembs,

325 1039 407 1101 iuxta
428 1037 566 1111 suidam,
587 1050 632 1101 est
667 1032 684 1098 ὅ
710 1036 798 1116 παρὰ
827 1044 893 1109 τοῖς
915 1044 1029 1119 σοφοῖς
1047 1036 1155 1111 κάλυξ.
1197 1058 1296 1121 quare
1315 1040 1408 1101 Nico-

323 1124 388 1185 laus
413 1125 468 1183 iste
488 1123 645 1205 quondum
675 1118 927 1195 κποκοδιοὶκονος,
952 1144 973 1182 a
1003 1122 1154 1183 calicibus
1181 1122 1333 1201 mins'ster,
1358 1124 1408 1184 rel

324 1199 570 1287 φαρμακοποιὸς.
592 1216 623 1267 et
638 1206 807 1265 salubrium
828 1206 994 1287 potionum
1013 1204 1134 1281 artifex,
1157 1225 1216 1267 ceo
1227 1206 1284 1287 τῆς
1301 1202 1408 1282 lorpe-

322 1287 378 1369 κῆς
396 1282 576 1368 ἐπιστήμων
604 1288 679 1349 mibi
700 1289 772 1351 erit.
826 1298 938 1351 auctor
964 1288 1116 1351 miscellae
1136 1290 1330 1351 Anastasium
1355 1310 1408 1350 se·

323 1382 447 1455 quotus,
470 1372 599 1433 rescissis
632 1393 712 1455 quae
746 1372 785 1434 de
803 1375 960 1433 Germano
982 1382 1015 1433 et
1036 1371 1158 1433 hadrec
1179 1372 1318 1435 Cretensi
1337 1379 1408 1431 tm.

322 1464 408 1517 etant
430 1455 540 1533 verbis,
560 1456 783 1537 Theophanem
805 1456 836 1517 in
856 1454 939 1515 bunc
959 1454 1089 1516 modum
1110 1454 1223 1517 reddit.
1265 1454 1409 1537 “reperit

321 1548 424 1601 autem
443 1540 490 1599 sui
510 1560 612 1601 sensus
631 1540 791 1617 loannem,
813 1560 906 1622 quem
929 1542 1109 1620 episcopum
1119 1538 1179 1599 (ΣΡ.
1198 1538 1282 1613 fecit,
1302 1537 1405 1621 depo-

319 1620 379 1684 sito
402 1622 486 1706 Cyro
516 1622 675 1703 praesule,
705 1644 798 1704 quem
821 1630 854 1682 et
874 1622 963 1683 exilio
991 1621 1141 1702 relegarit
1161 1622 1194 1682 in
1214 1621 1404 1684 monasterio

321 1704 446 1783 Charas,
466 1706 690 1789 Nicolaumque
711 1706 878 1767 diaconum
898 1692 1028 1766 oblicum
1039 1705 1152 1784 effecit,
1168 1706 1224 1788 qui
1245 1727 1317 1767 cnm
1337 1726 1406 1765 me·

320 1788 446 1850 dicinali
470 1787 629 1930 disciplina
652 1798 729 1849 esset
747 1788 896 1870 sophista,
915 1799 992 1851 tunc
1013 1796 1158 1870 quaestor
1173 1792 1271 1850 erat.”
1309 1787 1408 1849 Peta-

319 1872 362 1932 vii
381 1874 518 1933 sincerae
561 1892 578 1932 c
602 1872 749 1931 Germani
779 1881 811 1933 et
830 1871 972 1933 Andreae
1001 1871 1064 1933 lide
1084 1883 1118 1933 et
1138 1871 1311 1933 constantia
1332 1873 1407 1952 opi-

319 1954 404 2017 nioni
427 1956 519 2017 lectio
543 1954 713 2015 istiusmodi
736 1956 865 2030 faveret,
891 1964 922 2015 ct
945 1955 1069 2015 rescissa
1088 1956 1185 2017 verba
1205 1977 1224 2015 a
1243 1954 1334 2037 prasi
1355 1954 1404 2014 af.

318 2038 415 2099 fectus
437 2058 500 2097 non
525 2038 645 2097 nemine
674 2038 704 2097 in
722 2037 919 2119 Theophanis
951 2045 1068 2098 textum
1090 2038 1210 2100 intrusa
1231 2037 1405 2100 contende-

319 2130 388 2181 ret:
411 2128 444 2179 at
464 2140 534 2181 curn
559 2120 589 2179 in
614 2118 775 2181 adversum
795 2140 879 2179 anno
889 2120 1063 2182 Constantis
1086 2122 1196 2183 ultimo
1212 2125 1406 2183 Germanum

317 2202 514 2265 etbndream
536 2202 755 2265 ecclesiasticae
778 2204 928 2264 libertatis
951 2204 1134 2285 desertores,
1149 2204 1404 2287 cuiNicephorus

316 2286 462 2348 contestis
482 2286 610 2366 accedit,
625 2286 756 2347 edixerit
778 2294 810 2347 et
828 2286 913 2346 aliud
933 2285 973 2346 sit
992 2287 1118 2347 omnino
1129 2288 1289 2349 Nicolaum
1310 2288 1404 2349 istum

316 2366 377 2429 sind
399 2362 664 2446 κοοκοδιακὸοοοο,
700 2370 974 2445 casccodiaconnm,
1003 2372 1047 2431 ita
1068 2372 1181 2449 dicam,
1203 2373 1350 2447 extitisse,
1371 2380 1407 2431 et

316 2451 590 2528 caucodisconum,
612 2455 675 2514 sive
695 2454 825 2514 calicum
850 2453 1016 2514 diaconum
1038 2464 1180 2516 recenter
1201 2455 1342 2517 institui:
1363 2454 1406 2516 ab

315 2537 474 2598 Anastasio
505 2537 600 2596 verba
633 2548 805 2598 memorata
833 2537 910 2597 mihi
939 2537 1043 2620 potius
1073 2539 1252 2611 iudicantur
1279 2538 1406 2615 omissa,

316 2643 412 2703 quam
433 2643 449 2680 a
471 2629 659 2700 corruptore
674 2621 703 2682 in
719 2621 862 2703 Theoph.
883 2629 1001 2682 textum
1021 2619 1153 2703 maligne
1174 2622 1316 2690 immissa.
1338 2621 1407 2681 dia-

316 2724 431 2764 conum
453 2703 582 2764 calicum
604 2702 687 2763 dicet
715 2704 790 2764 alius
821 2703 982 2764 Nicolaum
1015 2705 1047 2764 in
1069 2705 1196 2768 ecclesia
1218 2707 1407 2783 institutum,

316 2807 387 2847 oum
412 2786 440 2847 ei
464 2785 665 2866 dispertiendi
688 2785 771 2848 inter
791 2787 914 2870 plebem
938 2785 1143 2849 Christianam
1164 2787 1312 2849 dominici
1334 2809 1408 2848 san-

316 2869 416 2950 guinis
438 2889 512 2929 cura
535 2869 693 2928 commissu
716 2881 769 2931 est.
799 2891 966 2932 assererem
983 2872 1102 2954 utique,
1125 2872 1181 2931 nisi
1203 2879 1301 2931 textus
1320 2869 1407 2931 baud

318 2949 467 3029 vitiandi,
488 2962 518 3012 et
539 2951 687 3014 sincerius
710 2951 885 3036 exponendi
899 2951 1035 3015 studium
1056 2955 1094 3015 ab
1118 2953 1204 3015 tricis
1226 2953 1407 3016 huiusmodi

316 3034 450 3098 alienum
473 3057 522 3095 me
544 3035 671 3098 laceret.

397 3149 480 3212 Ibid.
507 3147 554 3210 13.
603 3145 847 3233 χαρτόφολσκα]
882 3152 1026 3214 ecclesiae
1055 3153 1131 3216 iuris
1159 3151 1287 3215 dicundi
1308 3174 1407 3236 prae-

315 3234 440 3308 fectum,
464 3242 496 3295 et
526 3233 702 3294 tabularum
733 3236 797 3296 eius
828 3237 1010 3315 custodem,
1033 3238 1063 3298 in
1087 3237 1188 3299 dubiis
1207 3237 1407 3382 precationi.

316 3319 372 3378 bos
393 3317 544 3378 solvendis
572 3318 707 3400 primum
742 3319 941 3399 patriarchae
961 3341 1151 3395 assessorem,
1172 3322 1204 3381 iu
1229 3321 1307 3382 icem
1326 3343 1406 3382 vero

315 3401 347 3460 in
378 3400 586 3462 ecclesiasticis
620 3401 763 3462 omnihus
797 3401 966 3463 secundum
995 3403 1270 3486 chartophylacem
1299 3404 1405 3466 existi.

314 3507 380 3546 mas
404 3495 435 3544 et
460 3485 550 3565 plura
572 3483 611 3546 de
626 3483 734 3546 eodem
754 3484 838 3567 apud
857 3484 1059 3570 euchologica
1081 3496 1113 3548 et
1127 3487 1282 3548 Codicum
1304 3487 1386 3569 lego.

402 3607 484 3667 Ilu'd.
508 3607 557 3669 15.
599 3603 651 3668 dici
675 3608 733 3668 τοῦ
746 3609 847 3671 Gallo
867 3608 914 3681 εἷς
933 3605 967 3672 τὸ
990 3609 1111 3690 στενόν]
1132 3610 1269 3672 Phileam
1290 3609 1406 3671 ostium

314 3689 440 3751 Thracii
465 3691 634 3772 Bosphori,
665 3691 719 3774 qui
749 3689 877 3770 στενόν,
907 3693 1054 3755 coniicio.
1106 3696 1181 3756 Nice
1205 3695 1317 3768 boras,
1341 3695 1407 3754 scis

313 3767 507 3853 Bovtydpusv
528 3766 657 3852 ὅπλίτης
682 3767 791 3850 ὅμιλος
812 3770 938 3856 ἀθρόως
959 3771 1032 3849 τούς
1053 3777 1087 3839 ἐν
1107 3777 1151 3864 τῷ
1202 3777 1320 3864 ppxtxpi
1339 3777 1407 3839 Bo-

312 3853 421 3941 σπόρῳ
442 3852 600 3926 οἰκοῦντας
621 3857 823 3921 ἐπεισπίπτει.

396 3971 479 4036 ibid.
502 3967 548 4032 17.
570 3969 847 4050 περαμαοίζοοτας]
866 3983 993 4055 portum
1015 3974 1075 4036 GP.
1095 3973 1170 4035 binc
1190 3974 1261 4036 inde
1281 3973 1408 4038 traiici-

317 4065 411 4118 entes.
453 4053 562 4135 πέραν,
585 4069 667 4114 trans
689 4053 753 4116 ΟΡ.
778 4056 877 4118 locum
899 4058 1071 4119 vocabant:
1094 4052 1274 4134 nepaipuso,
1299 4055 1406 4120 lintres

316 4137 492 4198 traiectnris
517 4138 784 4219 accommodatos,
813 4149 845 4204 et
863 4139 1107 4224 περαμοτιζειο,
1135 4141 1277 4204 lintribus
1295 4139 1405 4204 boios-

315 4219 400 4284 modi
420 4218 587 4283 transvehi.
