3050 4900
558 412 562 426 ’
594 415 745 520 noran
1130 409 1203 486 oss

121 583 378 663 Alexandrinum,
408 595 555 649 enarrato
583 587 850 650 Samaritanorum
877 587 1026 666 tumultu,
1047 587 1130 652 hand
1153 613 1209 654 rea

120 677 208 730 mota
226 669 333 745 abiis,
355 693 437 754 quae
455 670 508 732 hie
529 670 732 752 Theophanes
763 679 910 748 recenset,
933 693 1040 732 eornm
1063 672 1207 738 videlicet

120 751 272 834 quosdam
301 754 360 814 sihi
391 762 562 816 metuentes
592 764 725 836 urgente
747 755 925 816 necessitate
944 754 981 814 ad
1003 754 1207 820 Christianam

120 836 304 917 religionem
330 858 362 897 se
396 837 579 914 contulisse,
612 859 648 898 ac
668 848 804 920 propter
836 839 1031 898 severitatem
1053 839 1153 922 legum
1176 853 1209 904 et

122 920 359 1000 magistratuum
381 916 525 989 ὑπούλως
544 916 599 980 καὶ
618 917 798 999 κακούργως
814 919 1001 982 Christianos
1020 941 1059 983 se·
1072 925 1207 1002 mentiri,

120 1022 196 1064 sere
217 1011 320 1062 tameo
343 1005 374 1064 in
387 1003 469 1063 hunc
488 1010 520 1062 et
539 1003 621 1064 illam
640 1011 762 1084 partem
784 1003 1057 1084 ἑπαμφοτεριζειν,
1081 1006 1208 1086 inflecti,

124 1084 189 1146 imo
209 1085 363 1166 praesides
393 1087 473 1166 ipsos
494 1107 532 1144 ac
561 1086 796 1166 provinciarum
823 1093 958 1147 rectores
982 1090 1209 1172 σαμαριτίζειν,

123 1175 159 1228 nt
178 1188 245 1229 suas
261 1178 364 1249 partes
382 1169 506 1244 inirent,
527 1168 717 1250 persuasisse,
729 1179 903 1230 memorat:
927 1179 1012 1240 ceute
1033 1191 1103 1230 cum
1125 1195 1209 1236 ariao

122 1251 330 1330 praeoedeute
350 1252 619 1312 Samaritanorum
640 1252 858 1330 rebellionem,
888 1262 919 1314 et
943 1273 1076 1333 poenam
1097 1265 1212 1318 auctor·

127 1335 280 1410 retulerit,
301 1357 353 1396 eos
373 1335 529 1417 aequitate
549 1335 651 1414 legum
681 1335 835 1397 coercitos
859 1335 1070 1398 demonstrare
1091 1337 1210 1418 debuit,

125 1437 196 1478 cnm
215 1418 346 1480 maxime
369 1439 434 1477 non
455 1418 486 1477 in
505 1418 643 1500 gentiles,
665 1418 717 1478 sed
740 1419 770 1478 in
785 1419 992 1480 Samaritanae
1014 1421 1212 1503 promulgata

123 1499 318 1563 lastinianaei
340 1501 455 1561 coelicis
472 1511 642 1561 occurrent
662 1501 799 1576 decreta,
818 1502 1068 1584 quibusourialia
1089 1525 1209 1586 cogno.

125 1591 180 1644 tur
201 1585 306 1645 subire
327 1605 433 1660 onere,
455 1584 607 1665 simulque
628 1585 824 1645 esurialihus
848 1584 1014 1666 privilegiis
1034 1590 1132 1669 (quod
1154 1609 1210 1647 no.

125 1663 309 1728 hastarsae
331 1667 458 1729 inferius
481 1669 608 1748 exponit
627 1667 847 1748 Theophanes)
873 1677 1086 1746 removentur,
1111 1674 1209 1732 novel.

125 1748 177 1813 45.
218 1747 452 1828 τῶνἙλλήνων
472 1771 550 1811 voce
578 1751 653 1811 alios
684 1771 778 1832 qoam
799 1752 1025 1826 Samaritanus,
1054 1761 1108 1813 aut
1140 1774 1212 1814 cnm

125 1832 289 1912 gentilibus
309 1853 361 1895 eos
377 1833 600 1914 Theophanem
617 1833 755 1897 indicare
774 1833 917 1913 soluisse,
940 1833 1015 1893 mihi
1032 1835 1121 1897 facile
1134 1857 1212 1918 per.

126 1937 282 1977 suaserim.

209 2015 280 2094 276,
294 2014 325 2078 9.
371 2012 433 2075 uini
462 2009 729 2098 p‘epeperiaos'osr]
749 2015 986 2100 responsionibus
1008 2017 1213 2098 imperatoriis

121 2113 270 2182 praeerat
298 2101 440 2162 continuo
463 2099 561 2159 eidem
580 2099 813 2181 supplicantium
830 2121 936 2183 preces
956 2103 1110 2176 romeiam,
1133 2105 1213 2172 rese.

123 2183 301 2243 nacionum
323 2183 431 2242 Latini
450 2185 505 2242 hoc
525 2202 627 2242 mames
647 2183 814 2266 appellant.
863 2182 1036 2265 Procopius
1060 2185 1112 2245 lib.
1133 2185 1152 2246 2
1175 2187 1213 2248 de
1248 2207 1258 2214 ·

127 2265 212 2326 hello
233 2266 368 2328 Persico.

213 2363 291 2426 Ilii.
318 2363 367 2426 13.
421 2361 604 2442 artacaeon]
625 2359 664 2423 de
684 2361 766 2422 hello
788 2361 911 2425 Persico
935 2364 987 2425 lih.
1011 2363 1039 2428 l.
1082 2365 1214 2507 impera·

125 2451 199 2511 toris
222 2447 384 2527 Puretms,
403 2470 490 2535 quem
513 2447 720 2526 magistratum
746 2445 881 2506 Romani
886 2462 1089 2529 ,quaestorem
1137 2449 1218 2534 atini

124 2533 362 2593 iurisconsultnm
384 2543 500 2592 vocant.
550 2529 632 2587 idem
655 2526 693 2588 (le
721 2528 804 2589 hello
829 2528 999 2591 Vandalico
1022 2530 1079 2591 lib.
1104 2531 1133 2591 1.
1154 2554 1214 2591 ex.

124 2618 229 2677 erciam
248 2629 405 2699 quaestor,
434 2626 563 2695 sumptus
583 2610 777 2694 dispensator
796 2624 935 2672 uocatur.

207 2715 289 2776 thia
308 2710 355 2773 17.
399 2712 443 2795 τῷ
464 2704 650 2795 δὲΜαρτίῳ
668 2706 763 2790 μηνί]
784 2712 997 2772 Romanorum
1018 2709 1214 2794 legationem,
1300 2704 1304 2721 ¹

124 2818 280 2879 pugnam,
302 2796 481 2870 victoriam,
502 2794 732 2875 Persarumque
752 2794 870 2875 fugam,
905 2814 940 2853 ac
960 2815 1068 2875 pacem
1088 2795 1213 2858 tandem

128 2881 236 2941 initam
256 2880 397 2961 pluribus
419 2886 545 2939 enarrat
564 2876 747 2957 Procopius,
778 2878 831 2959 qui
854 2876 1043 2939 hlirrhanem
1063 2882 1211 2961 appellat,

126 2961 253 3043 Μηράμ
275 2963 325 3023 hic
344 2962 504 3043 scriptum.
546 2960 740 3041 magistratus
760 2980 813 3021 seu
836 2958 992 3041 dignitatis
1013 2962 1210 3025 vocabulum:

125 3047 186 3107 riri
209 3066 342 3128 namque
363 3065 472 3105 nomeu
492 3044 627 3105 Peroaus
650 3041 718 3101 fuit.

206 3151 276 3229 277,
289 3151 319 3213 4.
361 3152 417 3212 sai
435 3144 673 3230 ἄπληκευὸντων
695 3145 757 3228 apsi
777 3147 893 3227 μικροῦ
916 3148 970 3227 τῆς
994 3145 1124 3225 πόλεως]
1149 3174 1210 3212 non

149 3236 236 3297 rocul
255 3258 272 3296 a
292 3235 423 3297 civitatis
442 3238 540 3296 Daras
561 3242 655 3315 porta
676 3232 844 3293 exercitum
853 3233 945 3292 *fossa
968 3234 1128 3293 munivisse
1152 3237 1211 3295 Be.

123 3258 265 3379 linarium
295 3320 399 3399 refert,
412 3317 609 3401 Procopius,
628 3312 715 3397 qood
746 3334 825 3375 voce
855 3311 1041 3395 asinariam
1066 3320 1212 3397 exprimit

123 3402 340 3484 Theophanes.

208 3494 359 3564 ltidsll.
402 3495 530 3574 aaron]
552 3496 726 3579 Procopius
747 3496 786 3557 de
808 3495 890 3558 bello
914 3495 1083 3557 vandalico
1106 3498 1156 3560 lib.
1178 3500 1207 3560 9.

125 3585 257 3666 signum,
276 3585 362 3666 quod
379 3585 511 3644 Romani
533 3582 668 3643 bandum
690 3592 814 3640 uocant.
835 3578 916 3640 idem
937 3600 1052 3640 rursus.
1075 3588 1209 3643 omnium

123 3670 359 3729 animosissimus
379 3669 457 3727 inter
467 3667 588 3727 ordines
600 3665 684 3725 ducr's
691 3665 784 3742 sen-e
802 3664 921 3741 signum
940 3668 1101 3740 consuevit,
1120 3686 1209 3746 quem

125 3750 356 3833 bondophoram
376 3748 507 3811 Romani
525 3760 646 3809 uocarat.
673 3744 764 3828 plura
785 3745 946 3824 Meursius,
967 3754 998 3806 et
1019 3748 1155 3809 Lacersla
1177 3750 1208 3809 in

128 3834 248 3895 adven.

208 3930 279 4011 278,
287 3930 317 3994 8.
360 3927 581 4013 δημοκρατίαι]
602 3950 797 3990 communem
815 3948 907 3987 unam
922 3926 1055 3989 civitatis
1075 3926 1208 4006 plebem,

124 4033 247 4075 necnon
278 4018 371 4076 etiam
399 4014 533 4077 civitatis
566 4011 700 4076 eiusdem
728 4012 839 4092 populi
866 4020 968 4091 partes
1001 4020 1032 4069 et
1061 4010 1208 4071 lectiones

122 4097 259 4158 diversas
282 4096 382 4177 δῆμος
411 4098 571 4181 significat.
613 4095 685 4155 hinc
705 4095 868 4173 Bers'aaor,
894 4104 926 4155 et
955 4089 1128 4169 Πρασίων
1150 4092 1208 4173 δῆ-

122 4199 194 4261 μος,
214 4188 247 4242 et
267 4179 373 4261 δῆμοι,
397 4201 459 4241 non
483 4180 514 4240 io
537 4182 623 4243 circo
643 4178 758 4255 modo,
777 4178 830 4239 sed
852 4187 884 4237 et
906 4176 936 4237 in
958 4174 1083 4235 civitate
1105 4185 1208 4257 partes

122 4264 300 4345 oppositae,
320 4264 358 4325 de
378 4265 488 4346 quibus
510 4264 669 4326 Balsamou
697 4282 790 4344 supra
813 4260 844 4321 in
864 4280 932 4343 pag.
956 4252 1025 4319 tle.
1068 4256 1129 4319 sair
1151 4255 1207 4337 ‹li-

231 4386 409 4459 stropharum
424 4386 461 4441 Π.
972 4378 1008 4435 28
