3050 4900
605 388 755 451 noras.
1150 374 1223 451 stt

130 568 163 623 at
184 556 381 638 vicesimum,
411 556 465 641 qui
501 558 609 617 mundi
633 556 716 619 6953
739 560 781 620 ab
812 568 943 619 anctore
962 566 1154 633 numeratur,
1177 560 1224 617 in.

130 643 301 704 dictionum
332 640 454 703 adiecto
486 641 626 714 circulo,
658 641 766 703 mundi
797 639 882 703 6268
915 642 1037 703 obtinet
1060 639 1224 702 indictioni

128 738 306 810 postremae
328 732 360 787 et
388 746 470 784 anno
491 726 603 786 Leonis
624 726 728 807 primo
759 726 979 787 coniunctum:
1001 725 1041 787 ab
1062 746 1144 785 anno
1167 724 1224 806 igi.

127 821 183 871 tur
205 808 317 871 Leonis
344 806 481 869 secundo
512 808 646 869 circulus
678 808 757 870 alter
790 809 961 890 incipiens,
984 810 1110 893 quinto,
1131 830 1224 890 quem

128 914 213 955 nune
236 900 416 969 tractamus,
450 889 651 953 indictionem
673 902 820 975 quartam
839 893 949 953 afferat
972 901 1168 967 necessest,
1193 898 1225 953 et

128 978 272 1059 quintam
296 975 492 1037 Constantini
508 975 690 1036 successoris
712 978 827 1057 primo.
870 997 908 1037 en
929 984 1031 1037 tamen
1057 985 1094 1036 nt
1115 974 1224 1035 mundi

127 1058 210 1122 6273
231 1069 376 1144 quartam
408 1066 565 1134 accenset,
596 1058 798 1141 praecedenti
828 1060 972 1131 tertiam
993 1068 1089 1142 atque
1110 1060 1225 1120 iterum

127 1141 235 1205 mnndi
257 1140 340 1203 6268
361 1141 512 1203 decimam
532 1150 687 1225 quartam,
708 1142 838 1225 praevio
861 1141 1013 1205 decimam
1026 1142 1162 1219 tertiam,
1185 1163 1224 1202 ae

126 1225 253 1288 tandem
274 1225 381 1286 mundi
413 1222 495 1287 6265
518 1225 734 1287 duodecimam
765 1224 869 1309 affigit.
922 1248 961 1287 au
993 1226 1103 1287 mnndi
1137 1225 1224 1286 annis

127 1310 330 1373 indictionem
360 1330 452 1370 unam
474 1308 596 1389 deesse,
625 1312 675 1372 vel
711 1308 935 1371 indictionibus
961 1331 1077 1371 annum
1112 1308 1224 1369 mundi

127 1416 225 1455 uuum
241 1392 421 1455 redundare
443 1388 658 1454 asserendum?
706 1394 715 1453 i
740 1393 766 1454 si
789 1393 926 1454 auctoris
948 1393 1058 1455 calculi
1079 1412 1224 1453 errorem

128 1478 291 1559 produnt,
313 1485 345 1539 et
378 1476 433 1538 nbi
453 1476 633 1539 admiserint
663 1414 765 1538 faciies
788 1484 948 1538 testantur.
998 1478 1066 1558 ipso
1086 1476 1223 1558 inquam,

127 1560 322 1622 Constantini
346 1560 541 1644 Copronymi
571 1581 652 1622 anno
684 1570 863 1642 postremo,
897 1580 991 1643 quem
1020 1560 1165 1643 quintum
1189 1580 1227 1619 ac

127 1644 319 1707 tricesimum
340 1652 493 1719 numerat,
508 1664 604 1703 annos
626 1653 780 1727 quattuor
795 1656 826 1705 et
841 1642 980 1725 triginta,
995 1663 1112 1703 menses
1133 1641 1222 1728 dues,

127 1725 190 1790 dies
210 1748 261 1789 sex
294 1736 326 1789 et
352 1726 461 1809 viginti
487 1728 652 1808 imperasse
679 1726 850 1809 praedicet.
899 1746 996 1787 annus
1024 1726 1145 1807 integer
1165 1726 1226 1786 tri.

128 1811 235 1873 mestri
259 1812 309 1873 vix
330 1811 488 1893 complete
512 1819 597 1871 totus
618 1812 722 1873 fuerat
736 1810 952 1893 assignandus?
976 1807 1016 1869 ad
1041 1810 1129 1869 huius
1152 1808 1224 1869 anni

125 1894 277 1957 historiae
299 1896 414 1956 calcem
436 1914 533 1955 annes
557 1892 706 1978 quinque,
726 1896 880 1957 mensibus
899 1915 949 1955 sex
971 1893 1102 1974 demptis
1126 1893 1225 1953 filium

127 1980 265 2041 Leonem
286 1978 421 2061 imperio
446 1980 585 2061 potitum
604 1986 735 2039 enarras:
766 1977 887 2040 adeone
908 1976 997 2039 facile
1017 1984 1146 2058 praeter
1168 1976 1224 2037 de-

126 2062 229 2125 bitum
249 2082 368 2125 meuses
396 2082 448 2125 sex
476 2063 687 2124 occurrebant
708 2060 880 2144 erogandi?
933 2059 1140 2122 indictionum
1163 2058 1225 2120 ite-

128 2166 190 2228 qne
211 2145 324 2207 ordine
343 2153 479 2223 servato,
502 2146 588 2207 aunis
603 2144 717 2225 ¹mundi
742 2166 859 2206 menses
874 2145 1053 2227 quindecim
1070 2142 1227 2205 indebitos

129 2228 255 2291 intrusit
274 2227 500 2312 Theophanes:
521 2250 632 2291 novem
647 2228 853 2304 Constantini,
870 2229 924 2288 titii
947 2228 1059 2289 Leonis
1078 2248 1128 2288 sex
1150 2225 1227 2287 alios

129 2319 237 2374 aetate.
282 2334 344 2373 uno
367 2312 464 2373 verbo
483 2312 676 2394 Copronymi
700 2312 786 2371 annis
810 2312 955 2393 quintum
977 2332 1012 2372 ac
1034 2310 1225 2371 tricesimum

132 2394 251 2458 addixit
280 2394 494 2478 superfluum,
520 2404 551 2456 et
581 2394 750 2458 indictione
775 2404 944 2471 carentem,
968 2394 1055 2454 cuins
1075 2401 1228 2476 quattuor

131 2488 162 2540 et
183 2480 310 2562 triginta
334 2479 484 2542 duntaxat
505 2499 541 2540 ex
561 2479 703 2561 propriis
735 2479 860 2540 caicutis
883 2499 1045 2540 recensere
1066 2477 1227 2538 debuerat.

131 2562 337 2644 profectionis
364 2563 472 2646 itaque
496 2563 691 2645 Copronymi
714 2563 745 2622 in
767 2563 917 2643 Bntgaros
946 2559 1077 2622 historia
1107 2560 1137 2619 in
1168 2581 1227 2620 aa.

132 2667 206 2708 uum
230 2657 263 2707 et
282 2647 488 2708 indictionem
515 2645 669 2728 reposita,
693 2665 776 2706 mors
805 2644 837 2704 in
856 2654 1038 2726 sequentem
1058 2662 1175 2704 aunum
1195 2649 1228 2702 et

132 2729 355 2806 indictionem,
384 2730 497 2813 quibus
532 2729 610 2790 titius
642 2729 811 2810 imperium
841 2727 1000 2808 obtinuit,
1021 2724 1226 2789 accensendas

130 2813 204 2873 anni
225 2835 302 2876 vero
325 2821 392 2873 turn
417 2836 434 2874 a
457 2813 566 2876 muudi
587 2812 728 2890 conditu,
751 2821 817 2874 tum
837 2811 983 2873 aCbristi
1002 2809 1098 2872 natali
1117 2809 1150 2870 iu
1170 2831 1227 2872 er.

132 2896 238 2960 dinem
258 2897 420 2960 meliorem
443 2897 625 2960 revocandi.
670 2894 672 2901 ’

213 3027 286 3108 701,
305 3021 338 3090 4.
381 3027 437 3110 τῆς
457 3025 654 3112 tepeqeiyen]
677 3028 918 3112 septuagesimae
934 3025 1130 3090 hebdomade
1151 3046 1226 3088 car.

129 3111 313 3196 nisprivium
339 3112 434 3173 habet
453 3113 580 3175 ecclesia
605 3117 744 3175 Graeca:
775 3121 807 3175 et
837 3113 1043 3194 sexagesimae
1066 3110 1224 3171 dominico

129 3196 189 3272 die,
211 3195 266 3276 τῆς
291 3189 535 3278 sinistramque
558 3199 704 3260 carnibus
736 3195 838 3258 adhue
860 3196 1036 3266 veseiiicet,
1059 3191 1224 3253 clauditur.

128 3288 279 3363 sequente
302 3277 506 3356 hebdomade,
539 3301 619 3362 quae
644 3281 760 3340 Latinis
784 3279 993 3362 sexagesimae,
1017 3279 1082 3338 ovis
1104 3275 1225 3336 tactiei.

128 3364 197 3440 uiis,
217 3373 313 3446 etque
333 3363 411 3424 adeo
433 3383 520 3424 caseo
544 3371 698 3442 utuntur,
720 3385 819 3446 eaque
839 3359 1021 3425 comedendi
1044 3363 1137 3421 etiam
1159 3360 1224 3440 ipsa

128 3446 401 3529 quinquagesimae
437 3445 595 3508 deminico
634 3449 685 3508 die
718 3448 847 3509 facultas
875 3453 1076 3529 perseverat,
1110 3465 1126 3502 a
1158 3462 1222 3524 quo

126 3523 309 3610 τυροφάγος
347 3529 533 3610 appellatur.
593 3531 670 3592 feria
704 3539 853 3612 sequente
895 3530 925 3590 Q.
952 3523 1222 3612 quadragesimalis

129 3612 239 3673 ieiunii
261 3611 418 3674 habentur
446 3614 611 3689 encaenia,
641 3624 673 3675 et
702 3611 810 3693 πρώτη
831 3603 971 3691 ἑβδομὰς
993 3611 1055 3673 τῶν
1077 3609 1225 3690 νηστειῶν

128 3703 323 3756 numeratur.
373 3697 655 3778 scriptasuperius
679 3695 717 3757 de
740 3699 939 3758 Graecorum
963 3692 1083 3755 ieiuniis
1104 3695 1136 3751 in
1158 3713 1224 3751 me·

126 3779 263 3840 moriam
285 3779 475 3842 revocanda.
497 3780 559 3840 reis
579 3780 728 3860 νηστειῶν
743 3789 847 3840 tamen
861 3773 971 3858 πρώτη
991 3770 1127 3855 septaes}
1148 3773 1227 3834 heb-

129 3861 297 3926 domadem
327 3863 444 3926 eserie
473 3863 493 3924 2
518 3861 716 3942 inchoatam,
746 3872 783 3924 ut
803 3870 836 3924 et
853 3859 986 3924 secunda
1008 3858 1225 3920 succedentem

128 3945 258 4008 claudit.
312 3967 380 4008 eam
417 3947 458 4008 eb
492 3967 558 4008 rem
588 3947 731 4008 Casearia
763 3946 921 4007 dominica
951 3941 1119 4006 Februarii
1142 3939 1225 4002 diem

125 4039 246 4091 sextum
269 4029 442 4106 obtinente,
466 4029 656 4092 ieiuniorum
669 4027 803 4092 secunda
826 4029 971 4090 vicesimo
986 4025 1152 4110 propriam
1165 4022 1225 4087 sibi

126 4113 232 4176 sedem
258 4113 334 4195 figat
355 4134 476 4176 neeesse
497 4120 552 4176 est.

211 4233 284 4313 rea,
307 4236 356 4299 sa.
397 4231 482 4318 παρὰ
505 4235 538 4314 ἓξ
559 4236 660 4320 atvar
682 4231 851 4320 transm]
873 4232 924 4299 aa
943 4232 1135 4319 Septembris
1157 4188 1224 4296 ai.
