<?xml version="1.0" encoding="UTF-8"?>
<!DOCTYPE html PUBLIC "-//W3C//DTD XHTML 1.0 Transitional//EN"
    "http://www.w3.org/TR/xhtml1/DTD/xhtml1-transitional.dtd">
<html xmlns="http://www.w3.org/1999/xhtml" xml:lang="en" lang="en">
 <head>
  <title>
</title>
<meta http-equiv="Content-Type" content="text/html;charset=utf-8" />
  <meta name='ocr-system' content='tesseract 3.04.00' />
  <meta name='ocr-capabilities' content='ocr_page ocr_carea ocr_par ocr_line ocrx_word'/>
</head>
<body>
  <div class='ocr_page' id='page_1' title='image "./corpusscriptoru34theogoog_0267.png"; bbox 0 0 3050 4900; ppageno 0'>
   <div class='ocr_carea' id='block_1_1' title="bbox 222 332 1207 417">
    <p class='ocr_par' dir='ltr' id='par_1_1' title="bbox 222 332 1207 417">
     <span class='ocr_line' id='line_1_1' title="bbox 222 332 1207 417; baseline -0.013 0"><span class='ocrx_word' id='word_1_1' title='bbox 222 334 224 344; x_wconf 87' lang='lat'>&#39;</span> <span class='ocrx_word' id='word_1_2' title='bbox 274 344 350 417; x_wconf 78' lang='lat'><strong>258</strong></span> <span class='ocrx_word' id='word_1_3' title='bbox 443 346 654 415; x_wconf 80' lang='lat' dir='ltr'><strong>asasrasu</strong></span> <span class='ocrx_word' id='word_1_4' title='bbox 683 340 879 411; x_wconf 77' lang='lat' dir='ltr'><strong>nassonia</strong></span> <span class='ocrx_word' id='word_1_5' title='bbox 897 332 1207 407; x_wconf 76' lang='lat' dir='ltr'><strong>snmasrssncs</strong></span> 
     </span>
    </p>
   </div>
   <div class='ocr_carea' id='block_1_2' title="bbox 175 508 1372 1752">
    <p class='ocr_par' dir='ltr' id='par_1_2' title="bbox 175 508 1372 1752">
     <span class='ocr_line' id='line_1_2' title="bbox 275 508 1366 603; baseline -0.01 -20"><span class='ocrx_word' id='word_1_6' title='bbox 275 520 362 603; x_wconf 79' lang='lat' dir='ltr'><strong>regio</strong></span> <span class='ocrx_word' id='word_1_7' title='bbox 385 528 550 601; x_wconf 83' lang='lat' dir='ltr'><strong>apparatu.</strong></span> <span class='ocrx_word' id='word_1_8' title='bbox 592 540 664 580; x_wconf 90' lang='lat' dir='ltr'><strong>cum</strong></span> <span class='ocrx_word' id='word_1_9' title='bbox 686 524 790 577; x_wconf 89' lang='lat' dir='ltr'><strong>autem</strong></span> <span class='ocrx_word' id='word_1_10' title='bbox 803 511 930 577; x_wconf 84' lang='lat' dir='ltr'><strong>ordines</strong></span> <span class='ocrx_word' id='word_1_11' title='bbox 952 510 1077 575; x_wconf 75' lang='lat' dir='ltr'><strong>collecti</strong></span> <span class='ocrx_word' id='word_1_12' title='bbox 1097 518 1200 575; x_wconf 71' lang='lat' dir='ltr'><strong>meat</strong></span> <span class='ocrx_word' id='word_1_13' title='bbox 1221 509 1255 573; x_wconf 91' lang='lat' dir='ltr'><strong>in</strong></span> <span class='ocrx_word' id='word_1_14' title='bbox 1278 508 1366 592; x_wconf 82' lang='lat' dir='ltr'><strong>urbs,</strong></span> 
     </span>
     <span class='ocr_line' id='line_1_3' title="bbox 274 596 1368 681; baseline -0.016 -14"><span class='ocrx_word' id='word_1_15' title='bbox 274 604 428 667; x_wconf 77' lang='lat' dir='ltr'><strong>cosrsiiiati</strong></span> <span class='ocrx_word' id='word_1_16' title='bbox 447 611 519 666; x_wconf 79' lang='lat' dir='ltr'><strong>stant</strong></span> <span class='ocrx_word' id='word_1_17' title='bbox 541 600 673 665; x_wconf 79' lang='lat' dir='ltr'>educere</span> <span class='ocrx_word' id='word_1_18' title='bbox 694 598 907 681; x_wconf 77' lang='lat' dir='ltr'><strong>Nicephorum</strong></span> <span class='ocrx_word' id='word_1_19' title='bbox 926 618 963 659; x_wconf 83' lang='lat' dir='ltr'><strong>er</strong></span> <span class='ocrx_word' id='word_1_20' title='bbox 984 598 1116 659; x_wconf 85' lang='lat' dir='ltr'><strong>Caesare</strong></span> <span class='ocrx_word' id='word_1_21' title='bbox 1137 604 1170 656; x_wconf 90' lang='lat' dir='ltr'><strong>et</strong></span> <span class='ocrx_word' id='word_1_22' title='bbox 1191 596 1368 679; x_wconf 88' lang='lat' dir='ltr'><strong>imperato.</strong></span> 
     </span>
     <span class='ocr_line' id='line_1_4' title="bbox 275 677 1369 769; baseline -0.011 -19"><span class='ocrx_word' id='word_1_23' title='bbox 275 711 341 750; x_wconf 85' lang='lat' dir='ltr'><strong>rem</strong></span> <span class='ocrx_word' id='word_1_24' title='bbox 365 697 513 750; x_wconf 78' lang='lat' dir='ltr'><strong>statuere.</strong></span> <span class='ocrx_word' id='word_1_25' title='bbox 555 709 618 769; x_wconf 88' lang='lat' dir='ltr'><strong>quo</strong></span> <span class='ocrx_word' id='word_1_26' title='bbox 637 692 805 767; x_wconf 87' lang='lat' dir='ltr'><strong>comperto</strong></span> <span class='ocrx_word' id='word_1_27' title='bbox 836 683 1055 745; x_wconf 73' lang='lat' dir='ltr'><strong>Constantinus</strong></span> <span class='ocrx_word' id='word_1_28' title='bbox 1088 680 1188 759; x_wconf 83' lang='lat' dir='ltr'><strong>misit,</strong></span> <span class='ocrx_word' id='word_1_29' title='bbox 1209 688 1244 741; x_wconf 83' lang='lat' dir='ltr'><strong>ct</strong></span> <span class='ocrx_word' id='word_1_30' title='bbox 1262 677 1369 741; x_wconf 80' lang='lat' dir='ltr'><strong>eduxit</strong></span> 
     </span>
     <span class='ocr_line' id='line_1_5' title="bbox 274 760 1368 855; baseline -0.007 -22"><span class='ocrx_word' id='word_1_31' title='bbox 274 782 428 855; x_wconf 85' lang='lat' dir='ltr'><strong>utrosque</strong></span> <span class='ocrx_word' id='word_1_32' title='bbox 449 770 528 831; x_wconf 88' lang='lat' dir='ltr'><strong>iiiios</strong></span> <span class='ocrx_word' id='word_1_33' title='bbox 553 767 749 831; x_wconf 79' lang='lat' dir='ltr'><strong>Constantini</strong></span> <span class='ocrx_word' id='word_1_34' title='bbox 780 766 830 827; x_wconf 87' lang='lat' dir='ltr'><strong>avi</strong></span> <span class='ocrx_word' id='word_1_35' title='bbox 858 764 907 826; x_wconf 92' lang='lat' dir='ltr'><strong>sui</strong></span> <span class='ocrx_word' id='word_1_36' title='bbox 933 763 974 827; x_wconf 90' lang='lat' dir='ltr'><strong>ad</strong></span> <span class='ocrx_word' id='word_1_37' title='bbox 1002 764 1034 829; x_wconf 87' lang='lat' dir='ltr'><strong>S.</strong></span> <span class='ocrx_word' id='word_1_38' title='bbox 1055 766 1199 839; x_wconf 84' lang='lat' dir='ltr'><strong>hiumam,</strong></span> <span class='ocrx_word' id='word_1_39' title='bbox 1221 770 1256 825; x_wconf 85' lang='lat' dir='ltr'><strong>ct</strong></span> <span class='ocrx_word' id='word_1_40' title='bbox 1274 760 1368 825; x_wconf 78' lang='lat' dir='ltr'><strong>Nice·</strong></span> 
     </span>
     <span class='ocr_line' id='line_1_6' title="bbox 274 846 1369 937; baseline -0.012 -22"><span class='ocrx_word' id='word_1_41' title='bbox 274 854 413 937; x_wconf 89' lang='lat' dir='ltr'><strong>phorum</strong></span> <span class='ocrx_word' id='word_1_42' title='bbox 444 852 569 937; x_wconf 90' lang='lat' dir='ltr'><strong>quidem</strong></span> <span class='ocrx_word' id='word_1_43' title='bbox 603 852 719 927; x_wconf 88' lang='lat' dir='ltr'><strong>oculis,</strong></span> <span class='ocrx_word' id='word_1_44' title='bbox 739 848 1004 930; x_wconf 74' lang='lat' dir='ltr'><strong>christophorum</strong></span> <span class='ocrx_word' id='word_1_45' title='bbox 1023 854 1120 931; x_wconf 86' lang='lat' dir='ltr'><strong>atque</strong></span> <span class='ocrx_word' id='word_1_46' title='bbox 1142 846 1282 909; x_wconf 74' lang='lat' dir='ltr'><strong>nicetam</strong></span> <span class='ocrx_word' id='word_1_47' title='bbox 1302 848 1369 907; x_wconf 84' lang='lat' dir='ltr'><strong>Aa.</strong></span> 
     </span>
     <span class='ocr_line' id='line_1_7' title="bbox 274 930 1371 1021; baseline -0.005 -24"><span class='ocrx_word' id='word_1_48' title='bbox 274 936 470 1021; x_wconf 88' lang='lat' dir='ltr'><strong>ihimumque</strong></span> <span class='ocrx_word' id='word_1_49' title='bbox 492 947 586 1019; x_wconf 85' lang='lat' dir='ltr'><strong>atque</strong></span> <span class='ocrx_word' id='word_1_50' title='bbox 608 934 784 997; x_wconf 85' lang='lat' dir='ltr'><strong>Eudocium</strong></span> <span class='ocrx_word' id='word_1_51' title='bbox 807 934 916 1015; x_wconf 77' lang='lat' dir='ltr'><strong>linguis</strong></span> <span class='ocrx_word' id='word_1_52' title='bbox 934 930 1094 1015; x_wconf 77' lang='lat' dir='ltr'><strong>privavit3</strong></span> <span class='ocrx_word' id='word_1_53' title='bbox 1114 952 1187 991; x_wconf 89' lang='lat' dir='ltr'><strong>carn</strong></span> <span class='ocrx_word' id='word_1_54' title='bbox 1211 930 1324 1013; x_wconf 87' lang='lat' dir='ltr'><strong>quibus</strong></span> <span class='ocrx_word' id='word_1_55' title='bbox 1337 935 1371 991; x_wconf 82' lang='lat' dir='ltr'><strong>et</strong></span> 
     </span>
     <span class='ocr_line' id='line_1_8' title="bbox 275 1011 1370 1103; baseline -0.005 -22"><span class='ocrx_word' id='word_1_56' title='bbox 275 1018 472 1103; x_wconf 88' lang='lat' dir='ltr'><strong>praedictam</strong></span> <span class='ocrx_word' id='word_1_57' title='bbox 496 1019 633 1103; x_wconf 70' lang='lat' dir='ltr'><strong>hierium</strong></span> <span class='ocrx_word' id='word_1_58' title='bbox 655 1016 823 1101; x_wconf 90' lang='lat' dir='ltr'><strong>patricium</strong></span> <span class='ocrx_word' id='word_1_59' title='bbox 846 1015 1013 1077; x_wconf 77' lang='lat' dir='ltr'><strong>inminibus</strong></span> <span class='ocrx_word' id='word_1_60' title='bbox 1030 1014 1201 1091; x_wconf 80' lang='lat' dir='ltr'><strong>exorbavit,</strong></span> <span class='ocrx_word' id='word_1_61' title='bbox 1222 1011 1370 1076; x_wconf 81' lang='lat' dir='ltr'><strong>obediens</strong></span> 
     </span>
     <span class='ocr_line' id='line_1_9' title="bbox 275 1096 1370 1185; baseline -0.007 -20"><span class='ocrx_word' id='word_1_62' title='bbox 275 1106 422 1166; x_wconf 87' lang='lat' dir='ltr'><strong>maternis</strong></span> <span class='ocrx_word' id='word_1_63' title='bbox 444 1114 475 1165; x_wconf 83' lang='lat' dir='ltr'><strong>et</strong></span> <span class='ocrx_word' id='word_1_64' title='bbox 496 1104 629 1185; x_wconf 85' lang='lat' dir='ltr'><strong>praelati</strong></span> <span class='ocrx_word' id='word_1_65' title='bbox 653 1099 808 1163; x_wconf 90' lang='lat' dir='ltr'><strong>Stauracii</strong></span> <span class='ocrx_word' id='word_1_66' title='bbox 828 1099 956 1181; x_wconf 90' lang='lat' dir='ltr'><strong>patricii</strong></span> <span class='ocrx_word' id='word_1_67' title='bbox 973 1096 1114 1170; x_wconf 81' lang='lat' dir='ltr'><strong>suadelis,</strong></span> <span class='ocrx_word' id='word_1_68' title='bbox 1140 1098 1169 1159; x_wconf 87' lang='lat' dir='ltr'><strong>ei</strong></span> <span class='ocrx_word' id='word_1_69' title='bbox 1190 1117 1370 1159; x_wconf 86' lang='lat' dir='ltr'><strong>asseveran-</strong></span> 
     </span>
     <span class='ocr_line' id='line_1_10' title="bbox 275 1182 1370 1271; baseline -0.005 -24"><span class='ocrx_word' id='word_1_70' title='bbox 275 1186 353 1249; x_wconf 92' lang='lat' dir='ltr'><strong>tium</strong></span> <span class='ocrx_word' id='word_1_71' title='bbox 373 1188 459 1271; x_wconf 90' lang='lat' dir='ltr'><strong>quod</strong></span> <span class='ocrx_word' id='word_1_72' title='bbox 482 1186 539 1248; x_wconf 88' lang='lat' dir='ltr'><strong>nisi</strong></span> <span class='ocrx_word' id='word_1_73' title='bbox 561 1186 644 1247; x_wconf 90' lang='lat' dir='ltr'><strong>hunc</strong></span> <span class='ocrx_word' id='word_1_74' title='bbox 661 1206 793 1247; x_wconf 73' lang='lat' dir='ltr'><strong>,caecum</strong></span> <span class='ocrx_word' id='word_1_75' title='bbox 813 1182 969 1262; x_wconf 88' lang='lat' dir='ltr'><strong>redderet,</strong></span> <span class='ocrx_word' id='word_1_76' title='bbox 996 1182 1029 1243; x_wconf 89' lang='lat' dir='ltr'><strong>in</strong></span> <span class='ocrx_word' id='word_1_77' title='bbox 1052 1182 1277 1264; x_wconf 90' lang='lat' dir='ltr'><strong>imperatorem</strong></span> <span class='ocrx_word' id='word_1_78' title='bbox 1298 1202 1370 1243; x_wconf 87' lang='lat' dir='ltr'><strong>eum</strong></span> 
     </span>
     <span class='ocr_line' id='line_1_11' title="bbox 276 1267 1372 1348; baseline -0.005 -17"><span class='ocrx_word' id='word_1_79' title='bbox 276 1272 381 1332; x_wconf 87' lang='lat' dir='ltr'><strong>iurent</strong></span> <span class='ocrx_word' id='word_1_80' title='bbox 401 1272 542 1334; x_wconf 89' lang='lat' dir='ltr'><strong>eiecturi.</strong></span> <span class='ocrx_word' id='word_1_81' title='bbox 586 1271 666 1331; x_wconf 87' lang='lat' dir='ltr'><strong>lacta</strong></span> <span class='ocrx_word' id='word_1_82' title='bbox 687 1277 732 1331; x_wconf 88' lang='lat' dir='ltr'><strong>cst</strong></span> <span class='ocrx_word' id='word_1_83' title='bbox 755 1276 861 1331; x_wconf 88' lang='lat' dir='ltr'><strong>antem</strong></span> <span class='ocrx_word' id='word_1_84' title='bbox 880 1267 997 1329; x_wconf 88' lang='lat' dir='ltr'><strong>borum</strong></span> <span class='ocrx_word' id='word_1_85' title='bbox 1017 1286 1119 1348; x_wconf 89' lang='lat' dir='ltr'><strong>poena</strong></span> <span class='ocrx_word' id='word_1_86' title='bbox 1138 1285 1242 1326; x_wconf 89' lang='lat' dir='ltr'><strong>meuse</strong></span> <span class='ocrx_word' id='word_1_87' title='bbox 1263 1267 1372 1347; x_wconf 80' lang='lat' dir='ltr'><strong>Angu-</strong></span> 
     </span>
     <span class='ocr_line' id='line_1_12' title="bbox 175 1348 1370 1445; baseline -0.006 -27"><span class='ocrx_word' id='word_1_88' title='bbox 175 1364 333 1445; x_wconf 63' lang='lat' dir='ltr'><strong>paufism,</strong></span> <span class='ocrx_word' id='word_1_89' title='bbox 356 1354 407 1415; x_wconf 88' lang='lat' dir='ltr'><strong>die</strong></span> <span class='ocrx_word' id='word_1_90' title='bbox 424 1351 556 1433; x_wconf 69' lang='lat' dir='ltr'><strong>sabbati,¹</strong></span> <span class='ocrx_word' id='word_1_91' title='bbox 578 1350 755 1415; x_wconf 81' lang='lat' dir='ltr'><strong>indictionis</strong></span> <span class='ocrx_word' id='word_1_92' title='bbox 779 1351 918 1414; x_wconf 84' lang='lat' dir='ltr'><strong>decimae</strong></span> <span class='ocrx_word' id='word_1_93' title='bbox 932 1350 1070 1435; x_wconf 87' lang='lat' dir='ltr'><strong>quintae,</strong></span> <span class='ocrx_word' id='word_1_94' title='bbox 1093 1348 1174 1411; x_wconf 88' lang='lat' dir='ltr'><strong>hora</strong></span> <span class='ocrx_word' id='word_1_95' title='bbox 1197 1368 1290 1409; x_wconf 88' lang='lat' dir='ltr'><strong>nous.</strong></span> <span class='ocrx_word' id='word_1_96' title='bbox 1313 1369 1370 1411; x_wconf 84' lang='lat' dir='ltr'><strong>ve-</strong></span> 
     </span>
     <span class='ocr_line' id='line_1_13' title="bbox 276 1431 1371 1523; baseline -0.006 -24"><span class='ocrx_word' id='word_1_97' title='bbox 276 1446 451 1501; x_wconf 91' lang='lat' dir='ltr'><strong>rumtamen</strong></span> <span class='ocrx_word' id='word_1_98' title='bbox 477 1460 539 1501; x_wconf 91' lang='lat' dir='ltr'><strong>nou</strong></span> <span class='ocrx_word' id='word_1_99' title='bbox 564 1437 594 1499; x_wconf 91' lang='lat' dir='ltr'><strong>in</strong></span> <span class='ocrx_word' id='word_1_100' title='bbox 613 1436 740 1523; x_wconf 76' lang='lat' dir='ltr'><strong>longum</strong></span> <span class='ocrx_word' id='word_1_101' title='bbox 761 1433 811 1498; x_wconf 90' lang='lat' dir='ltr'><strong>dci</strong></span> <span class='ocrx_word' id='word_1_102' title='bbox 841 1433 957 1496; x_wconf 88' lang='lat' dir='ltr'><strong>iustitia</strong></span> <span class='ocrx_word' id='word_1_103' title='bbox 975 1434 1057 1497; x_wconf 81' lang='lat' dir='ltr'><strong>iaaac</strong></span> <span class='ocrx_word' id='word_1_104' title='bbox 1076 1432 1232 1495; x_wconf 88' lang='lat' dir='ltr'><strong>actionem</strong></span> <span class='ocrx_word' id='word_1_105' title='bbox 1255 1431 1371 1495; x_wconf 87' lang='lat' dir='ltr'><strong>dimisit</strong></span> 
     </span>
     <span class='ocr_line' id='line_1_14' title="bbox 274 1515 1371 1620; baseline -0.005 -37"><span class='ocrx_word' id='word_1_106' title='bbox 274 1520 423 1583; x_wconf 79' lang='lat' dir='ltr'><strong>inuitam:</strong></span> <span class='ocrx_word' id='word_1_107' title='bbox 445 1530 516 1620; x_wconf 89' lang='lat' dir='ltr'><strong>post</strong></span> <span class='ocrx_word' id='word_1_108' title='bbox 558 1520 785 1606; x_wconf 89' lang='lat' dir='ltr'><strong>uinquenniurn</strong></span> <span class='ocrx_word' id='word_1_109' title='bbox 805 1539 940 1601; x_wconf 86' lang='lat' dir='ltr'><strong>namque</strong></span> <span class='ocrx_word' id='word_1_110' title='bbox 957 1518 1069 1581; x_wconf 88' lang='lat' dir='ltr'><strong>eodem</strong></span> <span class='ocrx_word' id='word_1_111' title='bbox 1089 1538 1194 1579; x_wconf 89' lang='lat' dir='ltr'><strong>meuse</strong></span> <span class='ocrx_word' id='word_1_112' title='bbox 1209 1524 1240 1577; x_wconf 90' lang='lat' dir='ltr'><strong>et</strong></span> <span class='ocrx_word' id='word_1_113' title='bbox 1262 1515 1371 1579; x_wconf 88' lang='lat' dir='ltr'><strong>eadem</strong></span> 
     </span>
     <span class='ocr_line' id='line_1_15' title="bbox 273 1544 1370 1752; baseline -0.005 -83"><span class='ocrx_word' id='word_1_114' title='bbox 273 1606 393 1752; x_wconf 52' lang='lat' dir='ltr'><strong>sabbati</strong></span> <span class='ocrx_word' id='word_1_115' title='bbox 421 1607 474 1671; x_wconf 82' lang='lat' dir='ltr'><strong>dic</strong></span> <span class='ocrx_word' id='word_1_116' title='bbox 504 1544 638 1669; x_wconf 71' lang='lat' dir='ltr'><strong>orbatur</strong></span> <span class='ocrx_word' id='word_1_117' title='bbox 668 1602 768 1667; x_wconf 89' lang='lat' dir='ltr'><strong>oculis</strong></span> <span class='ocrx_word' id='word_1_118' title='bbox 809 1624 828 1665; x_wconf 89' lang='lat' dir='ltr'><strong>a</strong></span> <span class='ocrx_word' id='word_1_119' title='bbox 855 1602 988 1687; x_wconf 88' lang='lat' dir='ltr'><strong>propria</strong></span> <span class='ocrx_word' id='word_1_120' title='bbox 1017 1608 1120 1664; x_wconf 88' lang='lat' dir='ltr'><strong>matre</strong></span> <span class='ocrx_word' id='word_1_121' title='bbox 1150 1600 1370 1664; x_wconf 79' lang='lat' dir='ltr'><strong>Constantinus</strong></span> 
     </span>
     <span class='ocr_line' id='line_1_16' title="bbox 274 1712 673 1752; baseline -0.005 -1"><span class='ocrx_word' id='word_1_122' title='bbox 274 1712 369 1752; x_wconf 87' lang='lat' dir='ltr'><strong>rem.</strong></span> <span class='ocrx_word' id='word_1_123' title='bbox 667 1712 673 1721; x_wconf 89' lang='lat'>·</span> 
     </span>
    </p>
   </div>
   <div class='ocr_carea' id='block_1_3' title="bbox 177 1790 1376 2884">
    <p class='ocr_par' dir='ltr' id='par_1_3' title="bbox 271 1790 1376 2550">
     <span class='ocr_line' id='line_1_17' title="bbox 358 1790 1372 1877; baseline -0.002 -18"><span class='ocrx_word' id='word_1_124' title='bbox 358 1798 447 1859; x_wconf 87' lang='lat' dir='ltr'><strong>Auno</strong></span> <span class='ocrx_word' id='word_1_125' title='bbox 470 1793 596 1877; x_wconf 87' lang='lat' dir='ltr'><strong>imperii</strong></span> <span class='ocrx_word' id='word_1_126' title='bbox 616 1792 813 1857; x_wconf 85' lang='lat' dir='ltr'><strong>Constantini</strong></span> <span class='ocrx_word' id='word_1_127' title='bbox 833 1792 931 1863; x_wconf 84' lang='lat' dir='ltr'><strong>tertio</strong></span> <span class='ocrx_word' id='word_1_128' title='bbox 954 1790 1115 1857; x_wconf 74' lang='lat' dir='ltr'><strong>audientes</strong></span> <span class='ocrx_word' id='word_1_129' title='bbox 1136 1793 1311 1857; x_wconf 71' lang='lat' dir='ltr'><strong>Armeniaci</strong></span> <span class='ocrx_word' id='word_1_130' title='bbox 1331 1792 1372 1857; x_wconf 87' lang='lat' dir='ltr'><strong>da</strong></span> 
     </span>
     <span class='ocr_line' id='line_1_18' title="bbox 273 1876 1372 1963; baseline -0.004 -20"><span class='ocrx_word' id='word_1_131' title='bbox 273 1881 378 1943; x_wconf 85' lang='lat' dir='ltr'><strong>Alexio</strong></span> <span class='ocrx_word' id='word_1_132' title='bbox 398 1879 534 1963; x_wconf 88' lang='lat' dir='ltr'><strong>patricio</strong></span> <span class='ocrx_word' id='word_1_133' title='bbox 567 1878 654 1961; x_wconf 90' lang='lat' dir='ltr'><strong>qnod</strong></span> <span class='ocrx_word' id='word_1_134' title='bbox 675 1899 784 1941; x_wconf 90' lang='lat' dir='ltr'><strong>caecas</strong></span> <span class='ocrx_word' id='word_1_135' title='bbox 815 1877 919 1939; x_wconf 85' lang='lat' dir='ltr'><strong>suerat</strong></span> <span class='ocrx_word' id='word_1_136' title='bbox 937 1876 1047 1955; x_wconf 83' lang='lat' dir='ltr'><strong>iactus,</strong></span> <span class='ocrx_word' id='word_1_137' title='bbox 1070 1876 1232 1941; x_wconf 87' lang='lat' dir='ltr'><strong>custodiae</strong></span> <span class='ocrx_word' id='word_1_138' title='bbox 1250 1876 1372 1941; x_wconf 88' lang='lat' dir='ltr'><strong>manci-</strong></span> 
     </span>
     <span class='ocr_line' id='line_1_19' title="bbox 272 1960 1372 2047; baseline 0 -24"><span class='ocrx_word' id='word_1_139' title='bbox 272 1985 389 2047; x_wconf 82' lang='lat' dir='ltr'><strong>pavere</strong></span> <span class='ocrx_word' id='word_1_140' title='bbox 411 1972 590 2046; x_wconf 77' lang='lat' dir='ltr'><strong>praetorem</strong></span> <span class='ocrx_word' id='word_1_141' title='bbox 612 1983 718 2039; x_wconf 90' lang='lat' dir='ltr'><strong>sunm,</strong></span> <span class='ocrx_word' id='word_1_142' title='bbox 751 1960 960 2023; x_wconf 84' lang='lat' dir='ltr'><strong>Theodorum</strong></span> <span class='ocrx_word' id='word_1_143' title='bbox 987 1960 1133 2025; x_wconf 81' lang='lat' dir='ltr'><strong>videlicet</strong></span> <span class='ocrx_word' id='word_1_144' title='bbox 1155 1961 1372 2025; x_wconf 81' lang='lat' dir='ltr'><strong>camulianum</strong></span> 
     </span>
     <span class='ocr_line' id='line_1_20' title="bbox 271 2044 1372 2131; baseline -0.001 -24"><span class='ocrx_word' id='word_1_145' title='bbox 271 2048 452 2131; x_wconf 89' lang='lat' dir='ltr'><strong>patricium.</strong></span> <span class='ocrx_word' id='word_1_146' title='bbox 496 2068 559 2129; x_wconf 84' lang='lat' dir='ltr'><strong>quo</strong></span> <span class='ocrx_word' id='word_1_147' title='bbox 593 2052 757 2129; x_wconf 89' lang='lat' dir='ltr'><strong>comperto</strong></span> <span class='ocrx_word' id='word_1_148' title='bbox 790 2044 965 2127; x_wconf 86' lang='lat' dir='ltr'><strong>imperator</strong></span> <span class='ocrx_word' id='word_1_149' title='bbox 985 2045 1068 2107; x_wconf 84' lang='lat' dir='ltr'><strong>misit</strong></span> <span class='ocrx_word' id='word_1_150' title='bbox 1086 2044 1213 2129; x_wconf 85' lang='lat' dir='ltr'><strong>quidem</strong></span> <span class='ocrx_word' id='word_1_151' title='bbox 1234 2046 1372 2129; x_wconf 85' lang='lat' dir='ltr'><strong>primum</strong></span> 
     </span>
     <span class='ocr_line' id='line_1_21' title="bbox 272 2126 1373 2212; baseline 0 -21"><span class='ocrx_word' id='word_1_152' title='bbox 272 2130 313 2193; x_wconf 88' lang='lat' dir='ltr'><strong>ad</strong></span> <span class='ocrx_word' id='word_1_153' title='bbox 334 2152 386 2191; x_wconf 91' lang='lat' dir='ltr'><strong>eos</strong></span> <span class='ocrx_word' id='word_1_154' title='bbox 401 2130 577 2204; x_wconf 89' lang='lat' dir='ltr'><strong>nonnullos,</strong></span> <span class='ocrx_word' id='word_1_155' title='bbox 603 2138 675 2211; x_wconf 86' lang='lat' dir='ltr'><strong>post</strong></span> <span class='ocrx_word' id='word_1_156' title='bbox 696 2138 837 2189; x_wconf 88' lang='lat' dir='ltr'><strong>sanctam</strong></span> <span class='ocrx_word' id='word_1_157' title='bbox 855 2148 932 2190; x_wconf 85' lang='lat' dir='ltr'><strong>vero</strong></span> <span class='ocrx_word' id='word_1_158' title='bbox 946 2126 1058 2211; x_wconf 91' lang='lat' dir='ltr'><strong>pascha</strong></span> <span class='ocrx_word' id='word_1_159' title='bbox 1071 2130 1136 2212; x_wconf 92' lang='lat' dir='ltr'><strong>ipsc</strong></span> <span class='ocrx_word' id='word_1_160' title='bbox 1151 2150 1253 2212; x_wconf 85' lang='lat' dir='ltr'><strong>perse</strong></span> <span class='ocrx_word' id='word_1_161' title='bbox 1272 2130 1373 2192; x_wconf 84' lang='lat' dir='ltr'><strong>movit</strong></span> 
     </span>
     <span class='ocr_line' id='line_1_22' title="bbox 273 2211 1372 2312; baseline -0.002 -35"><span class='ocrx_word' id='word_1_162' title='bbox 273 2214 443 2277; x_wconf 81' lang='lat' dir='ltr'><strong>exercitum</strong></span> <span class='ocrx_word' id='word_1_163' title='bbox 466 2220 576 2275; x_wconf 87' lang='lat' dir='ltr'><strong>contra</strong></span> <span class='ocrx_word' id='word_1_164' title='bbox 592 2212 716 2273; x_wconf 85' lang='lat' dir='ltr'><strong>eosdem</strong></span> <span class='ocrx_word' id='word_1_165' title='bbox 729 2211 928 2274; x_wconf 75' lang='lat' dir='ltr'><strong>Armeniacae</strong></span> <span class='ocrx_word' id='word_1_166' title='bbox 948 2234 1007 2276; x_wconf 90' lang='lat' dir='ltr'><strong>una</strong></span> <span class='ocrx_word' id='word_1_167' title='bbox 1022 2234 1094 2275; x_wconf 85' lang='lat' dir='ltr'><strong>curn</strong></span> <span class='ocrx_word' id='word_1_168' title='bbox 1113 2213 1240 2312; x_wconf 79' lang='lat' dir='ltr'><strong>reliquis</strong></span> <span class='ocrx_word' id='word_1_169' title='bbox 1252 2213 1372 2275; x_wconf 87' lang='lat' dir='ltr'><strong>cunctis</strong></span> 
     </span>
     <span class='ocr_line' id='line_1_23' title="bbox 276 2293 1374 2380; baseline 0 -21"><span class='ocrx_word' id='word_1_170' title='bbox 276 2296 473 2361; x_wconf 79' lang='lat' dir='ltr'><strong>thematibus.</strong></span> <span class='ocrx_word' id='word_1_171' title='bbox 524 2306 556 2358; x_wconf 84' lang='lat' dir='ltr'><strong>et</strong></span> <span class='ocrx_word' id='word_1_172' title='bbox 576 2295 709 2376; x_wconf 89' lang='lat' dir='ltr'><strong>septimo</strong></span> <span class='ocrx_word' id='word_1_173' title='bbox 739 2293 884 2357; x_wconf 84' lang='lat' dir='ltr'><strong>kalendas</strong></span> <span class='ocrx_word' id='word_1_174' title='bbox 913 2296 1014 2359; x_wconf 86' lang='lat' dir='ltr'><strong>lunias</strong></span> <span class='ocrx_word' id='word_1_175' title='bbox 1040 2297 1162 2380; x_wconf 79' lang='lat' dir='ltr'><strong>primae</strong></span> <span class='ocrx_word' id='word_1_176' title='bbox 1182 2296 1374 2377; x_wconf 79' lang='lat' dir='ltr'><strong>indictionis,</strong></span> 
     </span>
     <span class='ocr_line' id='line_1_24' title="bbox 275 2380 1371 2463; baseline 0 -21"><span class='ocrx_word' id='word_1_177' title='bbox 275 2380 326 2444; x_wconf 88' lang='lat' dir='ltr'><strong>dis</strong></span> <span class='ocrx_word' id='word_1_178' title='bbox 341 2388 464 2443; x_wconf 90' lang='lat' dir='ltr'><strong>sauctae</strong></span> <span class='ocrx_word' id='word_1_179' title='bbox 478 2389 680 2461; x_wconf 87' lang='lat' dir='ltr'><strong>pentecostes,</strong></span> <span class='ocrx_word' id='word_1_180' title='bbox 697 2400 769 2439; x_wconf 90' lang='lat' dir='ltr'><strong>cum</strong></span> <span class='ocrx_word' id='word_1_181' title='bbox 784 2380 929 2463; x_wconf 87' lang='lat' dir='ltr'><strong>proditos</strong></span> <span class='ocrx_word' id='word_1_182' title='bbox 940 2400 993 2441; x_wconf 90' lang='lat' dir='ltr'><strong>eos</strong></span> <span class='ocrx_word' id='word_1_183' title='bbox 1006 2382 1230 2444; x_wconf 81' lang='lat' dir='ltr'><strong>Armeniorum</strong></span> <span class='ocrx_word' id='word_1_184' title='bbox 1247 2380 1371 2456; x_wconf 84' lang='lat' dir='ltr'><strong>fraude,</strong></span> 
     </span>
     <span class='ocr_line' id='line_1_25' title="bbox 276 2463 1376 2550; baseline -0.001 -22"><span class='ocrx_word' id='word_1_185' title='bbox 276 2466 421 2550; x_wconf 86' lang='lat' dir='ltr'><strong>quicum</strong></span> <span class='ocrx_word' id='word_1_186' title='bbox 443 2463 513 2546; x_wconf 87' lang='lat' dir='ltr'><strong>ipsis</strong></span> <span class='ocrx_word' id='word_1_187' title='bbox 536 2471 636 2540; x_wconf 90' lang='lat' dir='ltr'><strong>erant,</strong></span> <span class='ocrx_word' id='word_1_188' title='bbox 657 2463 839 2526; x_wconf 83' lang='lat' dir='ltr'><strong>debellasset</strong></span> <span class='ocrx_word' id='word_1_189' title='bbox 869 2475 965 2548; x_wconf 89' lang='lat' dir='ltr'><strong>atque</strong></span> <span class='ocrx_word' id='word_1_190' title='bbox 984 2465 1113 2544; x_wconf 78' lang='lat' dir='ltr'><strong>vicisset,</strong></span> <span class='ocrx_word' id='word_1_191' title='bbox 1136 2463 1376 2550; x_wconf 86' lang='lat' dir='ltr'><strong>comprehendit</strong></span> 
     </span>
    </p>

    <p class='ocr_par' dir='ltr' id='par_1_4' title="bbox 177 2547 1375 2884">
     <span class='ocr_line' id='line_1_26' title="bbox 177 2547 1375 2630; baseline 0.004 -25"><span class='ocrx_word' id='word_1_192' title='bbox 177 2551 364 2627; x_wconf 74' lang='lat' dir='ltr'><strong>plttiiios,</strong></span> <span class='ocrx_word' id='word_1_193' title='bbox 391 2559 423 2614; x_wconf 85' lang='lat' dir='ltr'><strong>et</strong></span> <span class='ocrx_word' id='word_1_194' title='bbox 453 2547 610 2609; x_wconf 88' lang='lat' dir='ltr'><strong>interfecit</strong></span> <span class='ocrx_word' id='word_1_195' title='bbox 644 2547 859 2610; x_wconf 76' lang='lat' dir='ltr'><strong>Andronicum</strong></span> <span class='ocrx_word' id='word_1_196' title='bbox 880 2549 1073 2630; x_wconf 84' lang='lat' dir='ltr'><strong>spatharium</strong></span> <span class='ocrx_word' id='word_1_197' title='bbox 1105 2558 1137 2610; x_wconf 92' lang='lat' dir='ltr'><strong>et</strong></span> <span class='ocrx_word' id='word_1_198' title='bbox 1160 2547 1375 2612; x_wconf 88' lang='lat' dir='ltr'><strong>turmarcham</strong></span> 
     </span>
     <span class='ocr_line' id='line_1_27' title="bbox 275 2629 1375 2717; baseline -0.003 -21"><span class='ocrx_word' id='word_1_199' title='bbox 275 2655 406 2710; x_wconf 88' lang='lat' dir='ltr'><strong>eorum,</strong></span> <span class='ocrx_word' id='word_1_200' title='bbox 427 2639 460 2694; x_wconf 92' lang='lat' dir='ltr'><strong>et</strong></span> <span class='ocrx_word' id='word_1_201' title='bbox 490 2629 702 2714; x_wconf 87' lang='lat' dir='ltr'><strong>Theophilum</strong></span> <span class='ocrx_word' id='word_1_202' title='bbox 734 2632 948 2694; x_wconf 83' lang='lat' dir='ltr'><strong>turmarcham</strong></span> <span class='ocrx_word' id='word_1_203' title='bbox 971 2641 1066 2716; x_wconf 89' lang='lat' dir='ltr'><strong>atque</strong></span> <span class='ocrx_word' id='word_1_204' title='bbox 1090 2635 1282 2717; x_wconf 85' lang='lat' dir='ltr'><strong>Gregorium</strong></span> <span class='ocrx_word' id='word_1_205' title='bbox 1304 2631 1375 2714; x_wconf 89' lang='lat' dir='ltr'><strong>epi-</strong></span> 
     </span>
     <span class='ocr_line' id='line_1_28' title="bbox 274 2714 1375 2802; baseline -0.005 -22"><span class='ocrx_word' id='word_1_206' title='bbox 274 2737 405 2799; x_wconf 88' lang='lat' dir='ltr'><strong>scopum</strong></span> <span class='ocrx_word' id='word_1_207' title='bbox 436 2715 587 2798; x_wconf 64' lang='lat' dir='ltr'><strong>Sinopam</strong></span> <span class='ocrx_word' id='word_1_208' title='bbox 618 2716 755 2800; x_wconf 88' lang='lat' dir='ltr'><strong>reliquos</strong></span> <span class='ocrx_word' id='word_1_209' title='bbox 784 2735 861 2776; x_wconf 84' lang='lat' dir='ltr'><strong>vero</strong></span> <span class='ocrx_word' id='word_1_210' title='bbox 895 2737 1003 2775; x_wconf 89' lang='lat' dir='ltr'><strong>rerum</strong></span> <span class='ocrx_word' id='word_1_211' title='bbox 1026 2716 1153 2778; x_wconf 90' lang='lat' dir='ltr'><strong>iacturis</strong></span> <span class='ocrx_word' id='word_1_212' title='bbox 1174 2727 1208 2781; x_wconf 89' lang='lat' dir='ltr'><strong>et</strong></span> <span class='ocrx_word' id='word_1_213' title='bbox 1230 2714 1375 2802; x_wconf 77' lang='lat' dir='ltr'><strong>proscri-</strong></span> 
     </span>
     <span class='ocr_line' id='line_1_29' title="bbox 275 2797 1374 2884; baseline -0.001 -22"><span class='ocrx_word' id='word_1_214' title='bbox 275 2800 436 2883; x_wconf 90' lang='lat' dir='ltr'><strong>ptionibus</strong></span> <span class='ocrx_word' id='word_1_215' title='bbox 462 2797 609 2861; x_wconf 79' lang='lat' dir='ltr'><strong>subdidit</strong></span> <span class='ocrx_word' id='word_1_216' title='bbox 663 2819 765 2880; x_wconf 91' lang='lat' dir='ltr'><strong>porro</strong></span> <span class='ocrx_word' id='word_1_217' title='bbox 793 2797 878 2858; x_wconf 90' lang='lat' dir='ltr'><strong>mille</strong></span> <span class='ocrx_word' id='word_1_218' title='bbox 905 2799 1026 2860; x_wconf 89' lang='lat' dir='ltr'><strong>vinctos</strong></span> <span class='ocrx_word' id='word_1_219' title='bbox 1048 2803 1200 2864; x_wconf 76' lang='lat' dir='ltr'><strong>exercitus</strong></span> <span class='ocrx_word' id='word_1_220' title='bbox 1233 2803 1374 2884; x_wconf 87' lang='lat' dir='ltr'><strong>ipsoram</strong></span> 
     </span>
    </p>
   </div>
   <div class='ocr_carea' id='block_1_4' title="bbox 276 2881 1375 3364">
    <p class='ocr_par' dir='ltr' id='par_1_5' title="bbox 276 2881 1375 3364">
     <span class='ocr_line' id='line_1_30' title="bbox 276 2881 1375 2966; baseline -0.001 -20"><span class='ocrx_word' id='word_1_221' title='bbox 276 2881 451 2946; x_wconf 85' lang='lat' dir='ltr'><strong>introduxit</strong></span> <span class='ocrx_word' id='word_1_222' title='bbox 471 2903 529 2964; x_wconf 91' lang='lat' dir='ltr'><strong>per</strong></span> <span class='ocrx_word' id='word_1_223' title='bbox 551 2881 795 2943; x_wconf 80' lang='lat' dir='ltr'><strong>blachernarum</strong></span> <span class='ocrx_word' id='word_1_224' title='bbox 839 2890 943 2943; x_wconf 90' lang='lat' dir='ltr'><strong>ortam</strong></span> <span class='ocrx_word' id='word_1_225' title='bbox 964 2881 995 2942; x_wconf 91' lang='lat' dir='ltr'><strong>in</strong></span> <span class='ocrx_word' id='word_1_226' title='bbox 1021 2885 1142 2964; x_wconf 87' lang='lat' dir='ltr'><strong>urbem,</strong></span> <span class='ocrx_word' id='word_1_227' title='bbox 1165 2906 1304 2966; x_wconf 88' lang='lat' dir='ltr'><strong>quornm</strong></span> <span class='ocrx_word' id='word_1_228' title='bbox 1325 2885 1375 2945; x_wconf 69' lang='lat' dir='ltr'><strong>sa-</strong></span> 
     </span>
     <span class='ocr_line' id='line_1_31' title="bbox 276 2903 1374 3050; baseline 0 -21"><span class='ocrx_word' id='word_1_229' title='bbox 276 2965 381 3029; x_wconf 89' lang='lat' dir='ltr'><strong>ciebus</strong></span> <span class='ocrx_word' id='word_1_230' title='bbox 407 2975 581 3027; x_wconf 88' lang='lat' dir='ltr'><strong>atramento</strong></span> <span class='ocrx_word' id='word_1_231' title='bbox 605 2973 636 3026; x_wconf 90' lang='lat' dir='ltr'><strong>et</strong></span> <span class='ocrx_word' id='word_1_232' title='bbox 655 2903 881 3050; x_wconf 73' lang='lat' dir='ltr'><strong>punctionibus</strong></span> <span class='ocrx_word' id='word_1_233' title='bbox 912 2966 1132 3050; x_wconf 86' lang='lat' dir='ltr'><strong>suprascripsit</strong></span> <span class='ocrx_word' id='word_1_234' title='bbox 1152 2969 1374 3032; x_wconf 78' lang='lat' dir='ltr'><strong>“Armeniacus</strong></span> 
     </span>
     <span class='ocr_line' id='line_1_32' title="bbox 277 3049 1373 3136; baseline 0 -24"><span class='ocrx_word' id='word_1_235' title='bbox 277 3049 473 3112; x_wconf 84' lang='lat' dir='ltr'><strong>insidiator.’&#39;</strong></span> <span class='ocrx_word' id='word_1_236' title='bbox 527 3049 672 3130; x_wconf 86' lang='lat' dir='ltr'><strong>dispersit</strong></span> <span class='ocrx_word' id='word_1_237' title='bbox 700 3069 753 3112; x_wconf 88' lang='lat' dir='ltr'><strong>eos</strong></span> <span class='ocrx_word' id='word_1_238' title='bbox 776 3057 838 3110; x_wconf 86' lang='lat' dir='ltr'><strong>tam</strong></span> <span class='ocrx_word' id='word_1_239' title='bbox 867 3049 899 3110; x_wconf 93' lang='lat' dir='ltr'><strong>in</strong></span> <span class='ocrx_word' id='word_1_240' title='bbox 928 3050 1063 3112; x_wconf 89' lang='lat' dir='ltr'><strong>Siciliam</strong></span> <span class='ocrx_word' id='word_1_241' title='bbox 1086 3075 1180 3136; x_wconf 89' lang='lat' dir='ltr'><strong>quam</strong></span> <span class='ocrx_word' id='word_1_242' title='bbox 1201 3051 1233 3114; x_wconf 92' lang='lat' dir='ltr'><strong>in</strong></span> <span class='ocrx_word' id='word_1_243' title='bbox 1254 3061 1373 3114; x_wconf 83' lang='lat' dir='ltr'><strong>ceteras</strong></span> 
     </span>
     <span class='ocr_line' id='line_1_33' title="bbox 278 3131 1374 3219; baseline 0.002 -25"><span class='ocrx_word' id='word_1_244' title='bbox 278 3133 399 3194; x_wconf 85' lang='lat' dir='ltr'><strong>insulas.</strong></span> <span class='ocrx_word' id='word_1_245' title='bbox 442 3133 580 3194; x_wconf 83' lang='lat' dir='ltr'><strong>Armenii</strong></span> <span class='ocrx_word' id='word_1_246' title='bbox 602 3155 683 3206; x_wconf 81' lang='lat' dir='ltr'><strong>rane,</strong></span> <span class='ocrx_word' id='word_1_247' title='bbox 705 3131 884 3214; x_wconf 77' lang='lat' dir='ltr'><strong>proditores</strong></span> <span class='ocrx_word' id='word_1_248' title='bbox 906 3155 1032 3211; x_wconf 86' lang='lat' dir='ltr'><strong>eorum,</strong></span> <span class='ocrx_word' id='word_1_249' title='bbox 1055 3135 1097 3195; x_wconf 88' lang='lat' dir='ltr'><strong>nii</strong></span> <span class='ocrx_word' id='word_1_250' title='bbox 1120 3137 1158 3196; x_wconf 91' lang='lat' dir='ltr'><strong>ah</strong></span> <span class='ocrx_word' id='word_1_251' title='bbox 1181 3135 1374 3219; x_wconf 84' lang='lat' dir='ltr'><strong>imperatore</strong></span> 
     </span>
     <span class='ocr_line' id='line_1_34' title="bbox 278 3215 1374 3283; baseline 0.001 -4"><span class='ocrx_word' id='word_1_252' title='bbox 278 3218 406 3279; x_wconf 88' lang='lat' dir='ltr'><strong>honoris</strong></span> <span class='ocrx_word' id='word_1_253' title='bbox 427 3239 479 3280; x_wconf 87' lang='lat' dir='ltr'><strong>seu</strong></span> <span class='ocrx_word' id='word_1_254' title='bbox 502 3215 696 3282; x_wconf 87' lang='lat' dir='ltr'><strong>liberalitatis</strong></span> <span class='ocrx_word' id='word_1_255' title='bbox 718 3217 849 3279; x_wconf 86' lang='lat' dir='ltr'><strong>assecuti</strong></span> <span class='ocrx_word' id='word_1_256' title='bbox 871 3227 1008 3279; x_wconf 84' lang='lat' dir='ltr'><strong>castrum</strong></span> <span class='ocrx_word' id='word_1_257' title='bbox 1020 3217 1193 3282; x_wconf 83' lang='lat' dir='ltr'><strong>Camaciian</strong></span> <span class='ocrx_word' id='word_1_258' title='bbox 1219 3219 1374 3283; x_wconf 86' lang='lat' dir='ltr'><strong>Arabibns</strong></span> 
     </span>
     <span class='ocr_line' id='line_1_35' title="bbox 279 3301 489 3364; baseline -0.005 -2"><span class='ocrx_word' id='word_1_259' title='bbox 279 3301 489 3364; x_wconf 80' lang='lat' dir='ltr'><strong>tradiderunt</strong></span> 
     </span>
    </p>
   </div>
   <div class='ocr_carea' id='block_1_5' title="bbox 279 3380 1375 3668">
    <p class='ocr_par' dir='ltr' id='par_1_6' title="bbox 279 3380 1375 3668">
     <span class='ocr_line' id='line_1_36' title="bbox 364 3380 1375 3502; baseline -0.002 -20"><span class='ocrx_word' id='word_1_260' title='bbox 364 3423 453 3482; x_wconf 85' lang='lat' dir='ltr'><strong>Anao</strong></span> <span class='ocrx_word' id='word_1_261' title='bbox 476 3415 602 3501; x_wconf 88' lang='lat' dir='ltr'><strong>imperii</strong></span> <span class='ocrx_word' id='word_1_262' title='bbox 625 3415 821 3479; x_wconf 88' lang='lat' dir='ltr'><strong>Constantini</strong></span> <span class='ocrx_word' id='word_1_263' title='bbox 843 3380 959 3501; x_wconf 66' lang='lat' dir='ltr'><strong>duarto</strong></span> <span class='ocrx_word' id='word_1_264' title='bbox 980 3427 1134 3502; x_wconf 87' lang='lat' dir='ltr'><strong>ceperant</strong></span> <span class='ocrx_word' id='word_1_265' title='bbox 1156 3419 1271 3483; x_wconf 86' lang='lat' dir='ltr'><strong>Arabes</strong></span> <span class='ocrx_word' id='word_1_266' title='bbox 1289 3417 1375 3481; x_wconf 79' lang='lat' dir='ltr'><strong>Tbe-</strong></span> 
     </span>
     <span class='ocr_line' id='line_1_37' title="bbox 279 3499 1374 3588; baseline -0.001 -24"><span class='ocrx_word' id='word_1_267' title='bbox 279 3501 372 3564; x_wconf 84' lang='lat' dir='ltr'><strong>besan</strong></span> <span class='ocrx_word' id='word_1_268' title='bbox 394 3511 529 3564; x_wconf 87' lang='lat' dir='ltr'><strong>castrum</strong></span> <span class='ocrx_word' id='word_1_269' title='bbox 550 3501 606 3562; x_wconf 89' lang='lat' dir='ltr'><strong>suh</strong></span> <span class='ocrx_word' id='word_1_270' title='bbox 628 3501 735 3578; x_wconf 87' lang='lat' dir='ltr'><strong>verbo,</strong></span> <span class='ocrx_word' id='word_1_271' title='bbox 757 3509 892 3584; x_wconf 88' lang='lat' dir='ltr'><strong>propter</strong></span> <span class='ocrx_word' id='word_1_272' title='bbox 912 3503 1000 3586; x_wconf 87' lang='lat' dir='ltr'><strong>qnod</strong></span> <span class='ocrx_word' id='word_1_273' title='bbox 1019 3512 1052 3566; x_wconf 86' lang='lat' dir='ltr'><strong>et</strong></span> <span class='ocrx_word' id='word_1_274' title='bbox 1070 3503 1305 3588; x_wconf 85' lang='lat' dir='ltr'><strong>principeacius</strong></span> <span class='ocrx_word' id='word_1_275' title='bbox 1325 3499 1374 3564; x_wconf 84' lang='lat' dir='ltr'><strong>di-</strong></span> 
     </span>
     <span class='ocr_line' id='line_1_38' title="bbox 279 3584 1266 3668; baseline -0.009 -21"><span class='ocrx_word' id='word_1_276' title='bbox 279 3588 432 3648; x_wconf 89' lang='lat' dir='ltr'><strong>miserunt</strong></span> <span class='ocrx_word' id='word_1_277' title='bbox 455 3585 494 3646; x_wconf 90' lang='lat' dir='ltr'><strong>ad</strong></span> <span class='ocrx_word' id='word_1_278' title='bbox 519 3585 662 3668; x_wconf 83' lang='lat' dir='ltr'><strong>propria.</strong></span> <span class='ocrx_word' id='word_1_279' title='bbox 1260 3584 1266 3609; x_wconf 61' lang='lat' dir='ltr'><strong>l</strong></span> 
     </span>
    </p>
   </div>
   <div class='ocr_carea' id='block_1_6' title="bbox 60 3691 1379 4283">
    <p class='ocr_par' dir='ltr' id='par_1_7' title="bbox 279 3691 1379 4186">
     <span class='ocr_line' id='line_1_39' title="bbox 363 3691 1376 3777; baseline -0.001 -22"><span class='ocrx_word' id='word_1_280' title='bbox 363 3696 453 3758; x_wconf 89' lang='lat' dir='ltr'><strong>Anno</strong></span> <span class='ocrx_word' id='word_1_281' title='bbox 476 3693 599 3776; x_wconf 88' lang='lat' dir='ltr'><strong>imperii</strong></span> <span class='ocrx_word' id='word_1_282' title='bbox 620 3691 667 3753; x_wconf 90' lang='lat' dir='ltr'><strong>sui</strong></span> <span class='ocrx_word' id='word_1_283' title='bbox 692 3693 803 3777; x_wconf 90' lang='lat' dir='ltr'><strong>quinto</strong></span> <span class='ocrx_word' id='word_1_284' title='bbox 828 3693 1058 3772; x_wconf 87' lang='lat' dir='ltr'><strong>Constantinus,</strong></span> <span class='ocrx_word' id='word_1_285' title='bbox 1081 3693 1157 3757; x_wconf 90' lang='lat' dir='ltr'><strong>odio</strong></span> <span class='ocrx_word' id='word_1_286' title='bbox 1178 3691 1294 3757; x_wconf 83' lang='lat' dir='ltr'><strong>habens</strong></span> <span class='ocrx_word' id='word_1_287' title='bbox 1303 3694 1376 3755; x_wconf 76' lang='lat' dir='ltr'><strong>Ma.</strong></span> 
     </span>
     <span class='ocr_line' id='line_1_40' title="bbox 280 3777 1376 3860; baseline -0.002 -20"><span class='ocrx_word' id='word_1_288' title='bbox 280 3777 360 3840; x_wconf 88' lang='lat' dir='ltr'><strong>riam</strong></span> <span class='ocrx_word' id='word_1_289' title='bbox 381 3797 509 3840; x_wconf 83' lang='lat' dir='ltr'><strong>uxorem</strong></span> <span class='ocrx_word' id='word_1_290' title='bbox 537 3799 641 3851; x_wconf 85' lang='lat' dir='ltr'><strong>suam,</strong></span> <span class='ocrx_word' id='word_1_291' title='bbox 672 3777 884 3840; x_wconf 87' lang='lat' dir='ltr'><strong>summissione</strong></span> <span class='ocrx_word' id='word_1_292' title='bbox 914 3777 1021 3840; x_wconf 85' lang='lat' dir='ltr'><strong>matris</strong></span> <span class='ocrx_word' id='word_1_293' title='bbox 1051 3799 1125 3839; x_wconf 89' lang='lat' dir='ltr'><strong>suae</strong></span> <span class='ocrx_word' id='word_1_294' title='bbox 1162 3777 1376 3860; x_wconf 86' lang='lat' dir='ltr'><strong>principatum</strong></span> 
     </span>
     <span class='ocr_line' id='line_1_41' title="bbox 281 3861 1378 3956; baseline -0.001 -33"><span class='ocrx_word' id='word_1_295' title='bbox 281 3861 454 3944; x_wconf 84' lang='lat' dir='ltr'><strong>appetentis</strong></span> <span class='ocrx_word' id='word_1_296' title='bbox 476 3869 508 3922; x_wconf 91' lang='lat' dir='ltr'><strong>et</strong></span> <span class='ocrx_word' id='word_1_297' title='bbox 528 3881 593 3956; x_wconf 80' lang='lat' dir='ltr'><strong>quo</strong></span> <span class='ocrx_word' id='word_1_298' title='bbox 614 3861 653 3922; x_wconf 81' lang='lat' dir='ltr'><strong>ib</strong></span> <span class='ocrx_word' id='word_1_299' title='bbox 673 3861 817 3922; x_wconf 88' lang='lat' dir='ltr'><strong>omnibus</strong></span> <span class='ocrx_word' id='word_1_300' title='bbox 840 3862 1091 3943; x_wconf 83' lang='lat' dir='ltr'><strong>reprehensibilis</strong></span> <span class='ocrx_word' id='word_1_301' title='bbox 1110 3863 1304 3925; x_wconf 83' lang='lat' dir='ltr'><strong>indicaretur</strong></span> <span class='ocrx_word' id='word_1_302' title='bbox 1325 3863 1378 3922; x_wconf 88' lang='lat' dir='ltr'><strong>al·-</strong></span> 
     </span>
     <span class='ocr_line' id='line_1_42' title="bbox 280 3943 1377 4028; baseline 0.003 -24"><span class='ocrx_word' id='word_1_303' title='bbox 280 3945 433 4018; x_wconf 84' lang='lat' dir='ltr'><strong>lectantis‚</strong></span> <span class='ocrx_word' id='word_1_304' title='bbox 459 3953 562 4028; x_wconf 76' lang='lat' dir='ltr'><strong>coegit</strong></span> <span class='ocrx_word' id='word_1_305' title='bbox 581 3965 650 4004; x_wconf 90' lang='lat' dir='ltr'><strong>eam</strong></span> <span class='ocrx_word' id='word_1_306' title='bbox 669 3953 706 4004; x_wconf 89' lang='lat' dir='ltr'><strong>ut</strong></span> <span class='ocrx_word' id='word_1_307' title='bbox 725 3945 816 4007; x_wconf 87' lang='lat' dir='ltr'><strong>tieret</strong></span> <span class='ocrx_word' id='word_1_308' title='bbox 835 3945 1005 4018; x_wconf 89' lang='lat' dir='ltr'><strong>monacha;</strong></span> <span class='ocrx_word' id='word_1_309' title='bbox 1029 3967 1122 4028; x_wconf 88' lang='lat' dir='ltr'><strong>quam</strong></span> <span class='ocrx_word' id='word_1_310' title='bbox 1146 3967 1218 4008; x_wconf 87' lang='lat' dir='ltr'><strong>cnm</strong></span> <span class='ocrx_word' id='word_1_311' title='bbox 1239 3943 1377 4007; x_wconf 86' lang='lat' dir='ltr'><strong>infleris-</strong></span> 
     </span>
     <span class='ocr_line' id='line_1_43' title="bbox 279 4027 1377 4111; baseline 0.001 -21"><span class='ocrx_word' id='word_1_312' title='bbox 279 4039 335 4104; x_wconf 85' lang='lat' dir='ltr'><strong>set,</strong></span> <span class='ocrx_word' id='word_1_313' title='bbox 356 4027 498 4090; x_wconf 85' lang='lat' dir='ltr'><strong>totondit</strong></span> <span class='ocrx_word' id='word_1_314' title='bbox 518 4049 621 4089; x_wconf 87' lang='lat' dir='ltr'><strong>mense</strong></span> <span class='ocrx_word' id='word_1_315' title='bbox 645 4029 800 4089; x_wconf 74' lang='lat' dir='ltr'><strong>ichriario.</strong></span> <span class='ocrx_word' id='word_1_316' title='bbox 852 4039 885 4090; x_wconf 87' lang='lat' dir='ltr'><strong>at</strong></span> <span class='ocrx_word' id='word_1_317' title='bbox 915 4030 1015 4111; x_wconf 90' lang='lat' dir='ltr'><strong>Aprili</strong></span> <span class='ocrx_word' id='word_1_318' title='bbox 1037 4051 1141 4092; x_wconf 85' lang='lat' dir='ltr'><strong>mense</strong></span> <span class='ocrx_word' id='word_1_319' title='bbox 1161 4029 1263 4091; x_wconf 79' lang='lat' dir='ltr'><strong>movit</strong></span> <span class='ocrx_word' id='word_1_320' title='bbox 1284 4049 1377 4110; x_wconf 71' lang='lat' dir='ltr'><strong>erer-</strong></span> 
     </span>
     <span class='ocr_line' id='line_1_44' title="bbox 283 4109 1379 4186; baseline 0.001 -14"><span class='ocrx_word' id='word_1_321' title='bbox 283 4112 380 4173; x_wconf 90' lang='lat' dir='ltr'><strong>citnm</strong></span> <span class='ocrx_word' id='word_1_322' title='bbox 403 4109 549 4172; x_wconf 85' lang='lat' dir='ltr'><strong>adversus</strong></span> <span class='ocrx_word' id='word_1_323' title='bbox 571 4111 696 4186; x_wconf 83' lang='lat' dir='ltr'><strong>Arabos,</strong></span> <span class='ocrx_word' id='word_1_324' title='bbox 717 4120 750 4174; x_wconf 86' lang='lat' dir='ltr'><strong>et</strong></span> <span class='ocrx_word' id='word_1_325' title='bbox 779 4133 884 4174; x_wconf 84' lang='lat' dir='ltr'><strong>mense</strong></span> <span class='ocrx_word' id='word_1_326' title='bbox 904 4113 987 4174; x_wconf 82' lang='lat' dir='ltr'><strong>binio</strong></span> <span class='ocrx_word' id='word_1_327' title='bbox 1011 4114 1127 4176; x_wconf 87' lang='lat' dir='ltr'><strong>beilum</strong></span> <span class='ocrx_word' id='word_1_328' title='bbox 1148 4115 1248 4176; x_wconf 86' lang='lat' dir='ltr'><strong>iniens</strong></span> <span class='ocrx_word' id='word_1_329' title='bbox 1267 4113 1299 4173; x_wconf 89' lang='lat' dir='ltr'><strong>in</strong></span> <span class='ocrx_word' id='word_1_330' title='bbox 1321 4133 1379 4174; x_wconf 90' lang='lat' dir='ltr'><strong>oc-</strong></span> 
     </span>
    </p>

    <p class='ocr_par' dir='ltr' id='par_1_8' title="bbox 60 4194 1378 4283">
     <span class='ocr_line' id='line_1_45' title="bbox 60 4194 1378 4283; baseline 0.002 -28"><span class='ocrx_word' id='word_1_331' title='bbox 60 4272 63 4280; x_wconf 32' lang='lat'>·</span> <span class='ocrx_word' id='word_1_332' title='bbox 178 4227 207 4283; x_wconf 51' lang='grc' dir='ltr'><strong>Ρ.</strong></span> <span class='ocrx_word' id='word_1_333' title='bbox 220 4207 379 4264; x_wconf 45' lang='lat' dir='ltr'><strong>tuscana»</strong></span> <span class='ocrx_word' id='word_1_334' title='bbox 395 4195 557 4280; x_wconf 82' lang='lat' dir='ltr'><strong>ipsoram,</strong></span> <span class='ocrx_word' id='word_1_335' title='bbox 579 4194 610 4257; x_wconf 89' lang='lat' dir='ltr'><strong>ia</strong></span> <span class='ocrx_word' id='word_1_336' title='bbox 631 4195 702 4258; x_wconf 86' lang='lat' dir='ltr'><strong>loco</strong></span> <span class='ocrx_word' id='word_1_337' title='bbox 723 4195 779 4282; x_wconf 84' lang='lat' dir='ltr'><strong>qui</strong></span> <span class='ocrx_word' id='word_1_338' title='bbox 800 4195 917 4261; x_wconf 85' lang='lat' dir='ltr'><strong>dicitur</strong></span> <span class='ocrx_word' id='word_1_339' title='bbox 937 4199 1092 4278; x_wconf 76' lang='lat' dir='ltr'><strong>Ammon,</strong></span> <span class='ocrx_word' id='word_1_340' title='bbox 1112 4197 1197 4278; x_wconf 81' lang='lat' dir='ltr'><strong>sicit,</strong></span> <span class='ocrx_word' id='word_1_341' title='bbox 1216 4198 1323 4276; x_wconf 78' lang='lat' dir='ltr'><strong>vertit,</strong></span> <span class='ocrx_word' id='word_1_342' title='bbox 1344 4206 1378 4260; x_wconf 86' lang='lat' dir='ltr'><strong>ct</strong></span> 
     </span>
    </p>
   </div>
   <div class='ocr_carea' id='block_1_7' title="bbox 0 0 1545 4900">
    <p class='ocr_par' dir='ltr' id='par_1_9' title="bbox 0 0 1545 4900">
     <span class='ocr_line' id='line_1_46' title="bbox 0 0 1545 4900; baseline 0 0"><span class='ocrx_word' id='word_1_343' title='bbox 0 0 1545 4900; x_wconf 95' lang='lat' dir='ltr'><strong> </strong></span> 
     </span>
    </p>
   </div>
  </div>
 </body>
</html>
