3050 4900
315 386 386 457 18⁰
470 388 682 456 anamael!
715 385 911 493 thmtttb
938 382 1246 451 EOEIAESMSTICA

309 542 484 629 Necropyta
503 542 535 605 iu
557 562 703 620 acroma,
724 538 811 627 quod
831 537 1075 603 diciturtarietis
1094 538 1200 601 tactae
1242 560 1262 597 a
1282 538 1404 619 pransi.

308 629 410 711 statutis¹
437 648 512 689 vero
546 624 710 709 paludibus
741 624 839 685 simile
861 623 983 687 tluanini
1000 644 1087 685 mare
1107 631 1171 699 est,
1193 631 1227 683 et
1246 622 1350 698 fertur
1370 624 1402 685 iu

307 710 420 780 Euxini
443 709 540 773 Ponti
567 730 654 771 mare
668 730 740 791 per
768 717 888 769 terram
916 706 1071 787 Bosphori
1092 704 1260 780 Ciumaerii,
1280 726 1316 767 ex
1337 726 1401 789 qno

307 795 434 860 flumine
452 794 576 873 eapitur
598 792 629 858 id
653 792 740 875 quod
763 790 880 851 dicitnr
893 790 1048 851 Mumulin
1071 800 1103 853 et
1127 788 1200 851 buic
1219 788 1346 866 similia,
1367 799 1401 852 et

307 877 503 959 inpartibus
527 874 653 959 quidem
683 874 891 945 adiacentium
911 871 1078 955 paludum,
1099 894 1181 956 quae
1200 880 1342 954 spectant
1361 872 1401 935 ad

307 961 470 1025 Orientem
509 980 607 1042 usque
631 956 671 1019 ad
701 958 892 1019 Phanoriom
917 977 972 1019 sen
999 956 1178 1034 Hebraeos,
1207 956 1263 1037 qui
1283 956 1400 1019 ibidem

305 1052 386 1121 aunt,
407 1042 562 1125 plurimae
577 1041 717 1105 uadoues
736 1041 919 1107 consistant.
960 1038 1000 1102 ab
1020 1038 1135 1103 eisdem
1148 1050 1253 1101 autem
1273 1039 1399 1122 paludi.

305 1126 362 1189 bus
385 1148 482 1211 usque
505 1126 536 1186 in
559 1146 678 1188 amnem
697 1125 752 1207 qui
772 1122 891 1185 dicitnr
912 1123 1047 1204 Caphis,
1070 1122 1125 1185 nbi
1147 1124 1238 1185 xistus
1260 1122 1400 1205 capitur,

305 1212 359 1293 qui
380 1220 427 1271 est
445 1209 609 1291 vulgarius
630 1207 720 1288 piscis
741 1212 780 1286 *),
799 1207 969 1289 antiquitus
991 1206 1141 1290 vulparia
1162 1215 1207 1268 eat
1229 1226 1349 1288 magna,
1367 1215 1400 1269 et

206 1292 336 1383 parabi
358 1294 413 1376 qni
437 1293 585 1356 dicuntur
616 1291 784 1375 Contingi,
808 1291 944 1356 eiusdem
970 1288 1057 1353 cuins
1076 1289 1187 1373 etipai
1209 1289 1311 1356 tribua
1333 1290 1399 1354 exi.

302 1387 400 1444 stunt.
441 1376 634 1458 temporibus
656 1383 760 1441 autent
783 1373 995 1449 Constantini,
1019 1373 1074 1456 qui
1097 1372 1130 1441 iu
1150 1373 1323 1437 Occidente
1344 1394 1399 1436 rc-

302 1462 416 1543 gmvit,
437 1482 509 1526 cum
531 1458 684 1531 Crobatus
706 1458 849 1521 dominus
870 1458 932 1519 iarn
950 1457 1053 1519 dictae
1063 1456 1230 1540 vulgariae
1240 1478 1296 1519 sen
1315 1458 1399 1519 Con.

301 1552 465 1626 tragorum
498 1544 593 1605 vitain
615 1548 841 1619 commutaret,
866 1561 903 1603 ac
931 1540 1010 1602 titios
1032 1541 1173 1624 quinque
1194 1540 1398 1625 relinqueret,

300 1632 429 1695 tasmtus
450 1635 496 1689 eat
516 1648 556 1689 ne
579 1624 642 1689 ulto
665 1624 761 1687 modo
785 1647 804 1686 a
824 1634 935 1688 mutua
956 1622 1189 1689 cohabitatione
1210 1644 1399 1706 separaren-

210 1751 216 1781 a
300 1719 376 1787 tur,
398 1718 532 1792 propter
561 1703 648 1791 quod
676 1705 872 1771 universitati
905 1706 1145 1771 dominarentur
1170 1708 1290 1791 ipsique
1319 1707 1397 1769 nulii

300 1792 391 1858 atteri
413 1793 533 1858 nationi
560 1790 729 1865 servirent..
774 1799 846 1872 post
875 1790 973 1853 breve
1004 1802 1111 1857 autern
1138 1800 1260 1873 tempus
1285 1790 1397 1858 mertia

299 1876 379 1938 iuius
400 1876 433 1949 in'
455 1875 639 1947 divisionem
661 1874 816 1945 venientes
837 1874 980 1958 quinque
999 1875 1055 1937 filii
1076 1876 1141 1939 eina
1161 1874 1396 1951 attonsorum

299 1958 485 2041 sequestrati
499 1967 572 2025 aunt
587 1980 656 2025 aaran¹
670 1978 742 2031 pum
755 1960 887 2039 popule,
906 1978 1000 2041 quem
1021 1960 1233 2041 unusquisqne
1253 1958 1396 2039 ipsorum

298 2064 371 2106 suae
392 2042 509 2119 dicioni
529 2039 664 2105 babebat
683 2041 855 2106 subactum·
875 2050 907 2103 et
927 2041 1047 2122 primus
1068 2042 1197 2125 quidem
1217 2041 1297 2104 filiun
1320 2040 1397 2117 eius,'

299 2126 354 2209 qui
378 2126 541 2189 dicebatur
568 2122 730 2201 bathaias,
751 2122 940 2190 mandatum.
955 2125 1080 2207 proprii
1099 2125 1273 2190 custodiens
1290 2123 1396 2207 ,patris

298 2208 593 2292 inprogenitorum
615 2229 744 2272 suorum
765 2209 1040 2289 terrapcrmansit
1069 2210 1216 2293 usquein
1239 2228 1396 2289 praesens.

297 2292 450 2365 secundus
464 2312 541 2353 vero
563 2291 653 2353 buius
669 2294 778 2367 frater,
800 2291 927 2352 nomine
938 2290 1270 2373 Contrague'l'uuabiu
1292 2300 1397 2353 trouu

227 2382 232 2397 ¹
299 2376 361 2439 iens
391 2396 514 2438 aruuem
542 2396 578 2437 ex
601 2374 731 2437 adverso
754 2376 859 2474 primo
881 2373 1034 2437 habitavit
1053 2376 1157 2437 fratri.
1199 2382 1315 2459 quarto
1337 2396 1398 2435 nu-

298 2469 362 2527 tem
384 2469 417 2525 et
437 2461 550 2544 quinto
571 2459 729 2536 Histrum,
753 2458 786 2530 nl
806 2469 852 2521 est
870 2460 1068 2534 Danubium,
1091 2459 1223 2522 ssuvinm
1242 2469 1398 2522 trauame·

298 2543 431 2624 antibus,
453 2543 533 2616 alter
566 2563 679 2604 eorum
700 2543 729 2604 in
750 2541 885 2604 Avarine
905 2543 1076 2618 Pannonia,
1097 2543 1235 2626 chagano
1257 2543 1398 2604 Avarum

298 2650 329 2688 se
350 2627 491 2703 subdens,
512 2627 622 2686 mansit
642 2626 705 2686 illic
726 2647 798 2687 cum
825 2634 992 2708 potentatu
1021 2646 1087 2701 sno,
1111 2629 1191 2691 atter
1213 2646 1289 2688 vero
1309 2623 1397 2695 baud

297 2708 412 2794 procul
434 2709 472 2770 ab
491 2709 576 2770 urhe
598 2709 744 2770 Ravenna
767 2709 797 2769 in
807 2708 902 2770 Penta
928 2708 1002 2770 otim
1020 2709 1150 2770 ,veniens
1164 2709 1220 2770 sub
1243 2708 1398 2770 Christia.

300 2815 413 2860 norum
437 2791 570 2872 imperio
592 2792 691 2853 factus
713 2799 770 2852 est.
822 2730 934 2853 dcinriie
954 2789 1071 2853 borum
1092 2794 1212 2868 tertius,
1234 2789 1397 2874 Asparucb

197 2877 419 2960 psardictus,
440 2873 600 2956 Danaprin
632 2881 663 2938 et
694 2875 861 2938 Dauastrin
891 2877 1041 2937 transiens
1069 2884 1100 2938 et
1127 2875 1254 2972 Onpion
1280 2872 1396 2952 adiens,

299 2959 414 3019 boreos
438 2957 601 3020 interiores
621 2957 768 3020 Danubio
783 2955 904 3035 fluvios,
926 2957 1008 3019 inter
1029 2957 1113 3020 bunc
1135 2968 1166 3019 ct
1180 2957 1247 3020 rtios
1269 2954 1396 3020 habita.

299 3042 364 3118 vit,
397 3049 499 3102 tutum
531 3049 563 3102 et
591 3039 745 3105 difficilem
769 3039 814 3117 ‚ad
836 3039 1074 3124 expugnandum
1101 3040 1298 3104 locum'hinc
1322 3041 1397 3104 inde

180 3133 183 3138 “
300 3125 505 3208 conspiciens:
529 3122 603 3185 dnm
615 3125 696 3186 enim
714 3134 791 3186 esset
805 3125 959 3207 palustris,
973 3135 1004 3186 et
1016 3125 1089 3186 hinc
1110 3134 1279 3186 coronatus
1290 3125 1397 3186 ittinc-

300 3214 361 3292 'que
382 3207 567 3283 fluminibus,
590 3207 749 3290 copiosam
775 3208 861 3290 genti
881 3217 1016 3292 propter
1035 3205 1171 3271 bostium
1190 3208 1398 3290 partitionem

301 3290 474 3354 bumilitate
497 3291 676 3373 praestabat
712 3293 860 3375 quietem.
910 3291 956 3352 bis
988 3301 1091 3354 autom
1121 3291 1165 3352 ita
1190 3293 1221 3352 in
1253 3292 1395 3376 quinque

300 3375 404 3436 divisis
431 3385 462 3437 et
493 3373 533 3436 ad
561 3375 750 3458 paucitatem
787 3374 1035 3456 devenientibus,
1070 3376 1164 3437 exivit
1188 3396 1298 3458 magna
1319 3395 1396 3458 gens

208 3465 211 3477 '
300 3457 514 3520 Channrorum
533 3479 569 3519 ex
598 3458 742 3520 interiori
765 3457 926 3542 profundo
954 3459 1102 3520 berziliae
1124 3459 1242 3542 primae
1264 3459 1395 3518 Sarma-

301 3543 372 3618 tiae,
394 3549 426 3602 et
455 3540 612 3603 dominata
632 3551 679 3604 est
710 3544 796 3604 omui
825 3541 952 3624 perviae
982 3551 1087 3603 terrae
1115 3562 1212 3626 usque
1245 3540 1283 3601 ad
1306 3561 1396 3602 mare

300 3626 484 3704 Ponticum,
517 3634 549 3686 ct
575 3627 712 3708 primurn
740 3625 870 3686 fratrem
898 3623 1060 3688 Batbniam
1086 3626 1207 3708 primae
1225 3624 1397 3710 vulgariae

300 3705 474 3792 principem
496 3709 664 3788 substituit,
685 3707 835 3772 ordinatis
855 3709 1064 3792 vectigalibus,
1085 3731 1166 3794 quac
1187 3710 1226 3773 ab
1246 3729 1284 3772 eo
1308 3709 1397 3771 defe-

334 3943 358 4016 ·)
369 3943 474 4066 pisctu}
501 3941 611 4014 apem
644 3957 693 4012 pro
716 3942 848 4014 ὀψάριον.
874 3943 959 3996 hodie
991 3944 1085 4014 odora
1110 3944 1220 4014 ψάριον
1239 3943 1287 3994 vel
1312 3939 1393 4012 ψάρη

389 4015 473 4068 icunt.
509 4017 610 4066 Auctor
629 4013 878 4067 Graeco-barbarus
891 4015 965 4073 εἶδες
980 4011 1123 4087 timente.
1159 4015 1231 4066 idem
1250 4015 1299 4066 aot
1315 4019 1395 4085 ptyra

368 4084 451 4140 aanor
469 4087 557 4154 ἔχετε,
574 4084 676 4154 χάσκει
694 4078 775 4140 dacia
792 4076 824 4139 ab
842 4084 930 4154 rpdpq.
949 4085 1065 4153 cyrinus
1083 4084 1236 4155 patriarcba
1251 4084 1304 4154 Cp.
1321 4100 1393 4137 con·

369 4162 411 4206 tra
429 4155 557 4208 Iudaam:
574 4147 784 4226 vai‘xropsu'esai
809 4154 944 4211 θάλασσα
960 4158 998 4229 μὲ
1018 4146 1053 4209 aci
1072 4155 1166 4226 ᾠάρια
1185 4155 1239 4222 τῆς.
1274 4155 1355 4209 Pana.

316 4249 354 4324 ‘')
371 4250 537 4325 altrinsecus}
553 4250 699 4306 Dositheua
716 4252 856 4323 magiam:
881 4253 1040 4308 unimanus
1060 4251 1097 4306 ad
1112 4252 1237 4308 invicem·
1272 4250 1354 4304 Fara.
