3050 4900
265 310 349 443 jaon
420 334 630 401 nnlsrnsn
660 334 857 401 aeroma
887 332 1194 399 eccumissnca

184 536 187 543 ·
271 510 403 589 praetor
424 512 529 567 autem
551 504 694 569 Nicaeam
721 502 933 570 turmarcham
956 525 1029 567 cum
1047 504 1232 603 octingentis
1253 504 1363 566 militi.

150 584 154 596 '
271 590 331 651 bus
352 588 383 649 iu
405 589 567 651 Amol-inm
589 587 784 667 introduxit,
810 589 923 652 embsis
941 610 976 651 er
997 610 1037 650 eo
1058 588 1161 668 multas
1179 584 1362 651 mulieribus

268 679 305 749 et
328 672 511 749 infantibus,
539 682 572 736 et
589 672 802 757 proficiscitur
824 674 890 755 ipse
914 672 946 733 in
968 669 1122 740 Pisidiam.
1164 692 1235 733 cum
1258 681 1362 735 antem

270 756 429 817 Masalmas
460 756 591 819 venisset
609 756 641 817 iu
664 755 914 839 Cappadociam,
935 754 1091 839 desperati
1111 774 1207 838 sapor
1225 774 1257 818 se
1277 758 1364 838 Cap·-

269 839 404 923 padooes
425 839 567 901 exierunt
585 840 624 901 nd
646 860 728 917 eum,
754 850 790 903 ut
808 860 841 903 se
855 841 1012 923 reciperet
1030 838 1211 925 flagitantem
1255 841 1363 903 audita

270 944 347 986 vero
370 922 525 985 Masalmas
546 922 706 985 inimicitia
728 944 822 1008 quam
845 924 981 985 babebat
998 922 1190 987 Theodosius
1212 925 1244 987 in
1266 945 1364 1007 prac-

269 1014 383 1082 torem,
404 1008 508 1069 volens
529 1006 614 1069 bunc
633 1005 781 1091 decipere
806 1018 839 1071 et
859 1008 974 1091 pacisci
986 1028 1058 1069 cum
1079 1030 1117 1071 eo
1134 1026 1172 1069 ac
1185 1028 1243 1089 per
1259 1010 1362 1089 ipsum

268 1090 453 1153 Romanium
474 1088 533 1153 sibi
554 1090 717 1167 subiicere,
739 1090 817 1155 dicit
836 1092 879 1155 eis
898 1093 1071 1154 “nonestis
1091 1092 1282 1175 PraetorisP’
1297 1092 1361 1175 qni

270 1170 417 1236 dixerant
436 1175 582 1237 “etiem''
623 1174 743 1238 “laoitis
764 1172 920 1260 quidquid
940 1172 1057 1238 faciti’'
1099 1183 1133 1236 at
1153 1174 1197 1236 illi
1217 1174 1362 1238 “etiam'’

174 1266 347 1340 naariam
369 1256 447 1319 dicit
469 1259 510 1321 eis
532 1260 596 1323 “ite
614 1255 653 1319 ad
674 1269 775 1325 castre
798 1269 918 1337 restra,
940 1267 972 1319 et
994 1276 1172 1343 quenquam
1201 1260 1299 1322 nolite
1317 1258 1361 1319 ti.

270 1345 383 1421 mere,”
405 1342 552 1425 iussitque
571 1341 691 1426 populo
709 1364 766 1404 sno
787 1339 1066 1426 nepraedarentur
1080 1342 1111 1403 io
1127 1344 1245 1403 cunctis
1266 1364 1361 1427 prae.

270 1426 350 1489 toris
372 1425 550 1508 provinciis.
603 1425 650 1489 bis
670 1436 803 1507 praetor
834 1426 1013 1507 compertis,
1032 1436 1064 1488 et
1085 1426 1256 1510 intelligens
1275 1425 1363 1509 qnod

270 1508 446 1572 Subeliman
469 1510 631 1573 nuntiaret
650 1510 815 1575 Maselmae
834 1510 923 1609 qnod
942 1529 975 1571 se
994 1509 1145 1573 dimiserit
1163 1518 1196 1573 et
1215 1509 1361 1572 discesse-

270 1595 323 1668 rit,
344 1592 428 1654 misit
448 1594 565 1657 litteras
582 1592 808 1673 adlllesalman,
828 1594 933 1657 dicens
952 1593 1013 1654 “ad
1034 1602 1066 1655 te
1081 1592 1222 1656 volebam
1243 1594 1361 1670 venire,

267 1674 322 1741 sed
342 1676 531 1757 Sabeliman,
552 1698 624 1739 cum
645 1677 732 1741 luem
754 1676 795 1741 ad
815 1698 899 1753 enm,
925 1685 1034 1739 tenere
1054 1698 1104 1739 me
1124 1676 1233 1755 voluit,
1256 1686 1289 1741 et
1310 1676 1361 1739 id.

268 1762 356 1823 circo
392 1769 499 1823 metuo
527 1762 634 1825 venire
653 1758 692 1821 ud
723 1766 783 1825 te.”
832 1760 910 1823 dicit
940 1780 1017 1843 ergo
1050 1762 1209 1823 Masulmas
1240 1760 1361 1822 bomini

266 1844 422 1931 praetoris
442 1845 537 1905 “novi
560 1842 647 1929 qnod
668 1842 779 1907 illudat
794 1844 870 1907 mibi
881 1856 1022 1927 praetor,
1043 1866 1082 1907 ne
1101 1845 1224 1927 penitus
1244 1845 1361 1927 deper-

265 1930 338 1992 dam
358 1927 533 2013 provincias
561 1928 658 1989 eius.”
700 1926 778 1993 dicit
798 1930 826 1991 ei
847 1928 944 1990 bomo
963 1929 1119 2010 praetoria
1138 1934 1284 1990 “nonest
1306 1930 1360 2005 ita,

266 2014 321 2077 sed
341 2013 374 2074 in
394 2012 526 2076 veritate
545 2012 656 2075 scribit
673 2012 759 2077 tibi.'’
812 2020 889 2073 tanc
913 2012 1089 2095 interrogat
1109 2010 1293 2095 “quomodo
1313 2022 1360 2075 est

266 2096 431 2161 Ameriam
460 2116 535 2179 erga
563 2095 686 2158 illumi''
741 2096 785 2159 ait
804 2096 918 2173 “bene,
940 2106 972 2157 et
993 2096 1025 2156 in
1047 2096 1241 2159 subiectione
1261 2096 1360 2159 eim.''

268 2184 366 2244 iratus
390 2190 495 2243 autem
515 2178 635 2243 iniuriis
656 2181 759 2244 effecit
780 2202 862 2258 eum,
886 2178 991 2241 dicens
1013 2183 1094 2241 “cnr
1115 2179 1296 2242 mentirisi’
1326 2188 1360 2240 at

270 2265 321 2329 ille
342 2265 405 2328 “ita
427 2272 473 2327 est
495 2273 531 2326 ut
550 2262 640 2325 disi.”
689 2274 721 2329 et
742 2272 861 2326 tanatos
883 2263 981 2325 mittit
1001 2282 1063 2325 ana
1084 2284 1157 2325 cum
1177 2263 1359 2325 tunnareba

269 2350 300 2411 in
323 2348 434 2433 ipsum,
459 2356 491 2411 et
511 2346 618 2411 eduxit
638 2346 884 2411 abundantiores
904 2346 1042 2407 familias.
1082 2347 1287 2410 tribulatione
1300 2347 1360 2408 ita·

269 2455 331 2518 qne
356 2431 473 2516 ingenti
504 2431 660 2494 Musalmas
690 2454 786 2516 anper
804 2430 867 2494 boc
886 2438 1025 2514 accepta,
1045 2430 1156 2493 furore
1173 2430 1282 2513 plenus
1303 2453 1360 2493 ex·

267 2517 351 2600 pulit
373 2537 454 2580 eam.
497 2515 659 2578 consilium
688 2518 808 2602 qnippe
838 2517 974 2580 habebat
994 2522 1109 2578 aestate
1132 2535 1247 2598 capere
1267 2514 1359 2592 illud,

268 2609 302 2664 et
333 2597 514 2684 expectandi
535 2601 679 2679 classem,
702 2610 735 2664 et
759 2601 805 2662 sic
835 2600 868 2661 in
900 2599 1003 2661 Asiam
1032 2597 1236 2661 descendendi
1264 2608 1360 2683 atque

174 2683 432 2764 nssohienmdi.
475 2684 591 2746 iterum
611 2703 688 2768 ergo
709 2685 850 2768 quaerito
863 2683 1019 2765 praetoris
1039 2683 1166 2744 bomine
1184 2683 1360 2745 sciscitatur

267 2769 307 2832 ab
328 2789 379 2832 eo.
422 2765 473 2830 illa
493 2787 570 2829 vero
592 2767 796 2830 iureiurando
812 2767 888 2829 dixit
908 2765 948 2827 ad
969 2787 1039 2829 eum
1060 2766 1186 2828 “omnia
1207 2787 1288 2850 qnae
1306 2767 1358 2827 aio

266 2853 336 2930 tibi,
359 2871 435 2914 reru
455 2859 537 2913 sunt.
587 2851 641 2914 sed
661 2859 693 2912 et
720 2849 805 2911 mille
835 2851 866 2910 in
889 2848 922 2912 id
952 2849 1047 2912 taxati
1080 2871 1151 2912 cum
1177 2849 1359 2913 turmarcha

267 2935 396 3018 ingressi
416 2941 499 3007 sunt,
521 2943 729 3016 cunctumque
747 2935 948 2996 substantiam
963 2933 1081 2996 ibidem
1100 2934 1307 2997 habitantium
1327 2941 1361 2995 et

267 3019 377 3100 inopes
396 3016 524 3078 familias
534 3017 640 3080 eduxit
660 3017 779 3080 illinc.''
799 3017 846 3078 bis
857 3017 969 3080 auditis
980 3017 1090 3080 scribit
1102 3019 1255 3100 praetori,
1267 3017 1359 3080 “veni

267 3101 306 3164 ad
319 3105 386 3166 mel'
409 3099 559 3184 inquiens,
584 3105 637 3164 “et
658 3112 760 3164 lecum
777 3103 924 3184 paciscar,
944 3113 977 3163 et
990 3103 1130 3163 universa
1145 3109 1182 3163 ut
1193 3100 1237 3162 ris
1248 3109 1359 3184 patra-

165 3229 168 3254 .
266 3188 341 3252 bo.’'
390 3185 616 3266 contemplatus
646 3185 741 3266 igitur
770 3195 902 3268 praetor
929 3184 1015 3269 qnod
1044 3186 1193 3248 Massnleo
1222 3185 1360 3266 propin.

268 3279 390 3353 quasset
403 3279 433 3332 et
455 3266 541 3354 quod
569 3269 599 3330 in
620 3269 686 3330 eliis
700 3269 840 3353 quinque
860 3268 967 3330 diebus
983 3268 1161 3349 provincias
1174 3291 1243 3330 snas
1255 3279 1359 3330 trans.

268 3355 369 3417 itanu
392 3361 490 3428 esset,
519 3352 612 3414 missis
644 3353 683 3414 ad
705 3373 777 3414 eum
805 3351 927 3414 duobus
962 3353 1137 3414 consulibus
1156 3352 1308 3434 significat
1330 3353 1359 3413 ei

268 3439 373 3500 diceus
390 3438 530 3499 “litteras
561 3445 628 3498 tuas
658 3437 764 3518 accepi
798 3445 830 3498 et
853 3437 1046 3498 voluntatem
1068 3445 1153 3498 tuum
1173 3436 1304 3516 suscepi,
1326 3445 1357 3496 et

268 3545 307 3586 en
326 3520 364 3583 ud
393 3529 425 3582 te
449 3521 550 3581 venio.
599 3521 652 3582 sed
675 3528 711 3581 nt
734 3520 823 3594 nosti,
845 3529 977 3602 praetor
1004 3541 1081 3597 sum,
1102 3529 1135 3582 et
1154 3519 1305 3602 pecuniae
1327 3528 1360 3580 et

268 3613 431 3690 argentum
456 3613 487 3665 ct
508 3603 641 3686 populus
661 3625 711 3665 me
732 3611 893 3665 secuturas
909 3612 965 3675 est,
987 3625 1024 3664 ao
1045 3623 1105 3686 per
1125 3603 1189 3666 hoc
1209 3624 1260 3664 me
1281 3623 1358 3685 per-

267 3691 356 3752 mitte
388 3687 464 3749 mihi
490 3709 586 3770 saper
613 3707 807 3770 unoquoque
837 3687 976 3769 ipsorum
999 3688 1142 3750 verbnm.
1186 3695 1217 3748 et
1237 3687 1262 3747 si
1285 3685 1359 3769 qni-

266 3773 339 3836 dem
361 3771 623 3856 quemadmodum
646 3771 775 3853 requiro
798 3791 832 3831 cr
852 3770 940 3831 vobis
960 3791 1049 3832 caasa
1061 3793 1129 3834 mea
1149 3769 1246 3832 suerit
1266 3769 1358 3844 facta,

265 3859 346 3920 bene
367 3865 399 3918 et
416 3857 554 3937 optime:
577 3855 622 3915 sin
653 3865 778 3927 autem,
802 3853 949 3916 indemnis
978 3854 1080 3916 saltim
1101 3865 1134 3918 et
1153 3853 1372 3916 tribulatione·

266 3941 449 4022 proficiscar
469 3943 624 4022 excepta.”
658 3939 834 4000 consulibus
855 3959 930 4022 ergo
951 3939 1201 4020 pervenientibus
1224 3936 1263 3998 nd
1284 3959 1359 3998 eum

266 4023 297 4086 in
319 4023 551 4100 Theodosiania,
573 4021 648 4084 dicit
669 4022 724 4084 illis
745 4024 903 4083 Masalmas
929 4023 1081 4086 “sciebam
1104 4022 1191 4108 quod
1214 4020 1358 4084 illuderet

266 4106 343 4170 mibi
365 4117 496 4188 praetor
524 4110 652 4170 vester.''
709 4116 740 4167 et
766 4107 810 4167 illi
831 4106 949 4168 “absit''
978 4107 1134 4192 inquiunt.
1176 4116 1250 4166 tnnc
1272 4107 1356 4164 facto

269 4189 354 4276 quod
377 4193 574 4276 quaesierant
603 4189 700 4255 verbo
723 4189 838 4267 dimisit
861 4213 922 4255 eos.
968 4189 1068 4255 donoc
1089 4191 1194 4278 itaque
1215 4191 1362 4252 consules
