3050 4900
143 1208 233 1280 nuo

244 284 318 357 268
396 290 606 357 auasrasu
639 292 832 357 ursroura
866 292 1173 401 ucutssrasuca

242 462 285 523 nii
312 459 590 525 demonstraturus.
611 472 644 525 et
666 464 768 523 multis
793 463 952 545 trophaeis
973 464 1060 524 factis
1083 464 1166 524 misit
1179 460 1219 523 ed
1229 464 1333 524 Aaron

240 546 475 628 metropolitam
485 546 682 631 Synadorum
694 548 864 609 etPetrum
876 546 1082 630 hegumenum
1092 548 1203 609 Gulaei
1214 549 1334 607 etGre·

241 630 366 711 gorium
380 650 589 693 oeconomum
600 634 767 707 Amastrae,
781 630 940 713 postulans
953 630 1023 691 lieri
1033 652 1151 712 pacem.
1163 631 1335 692 etmultum

241 713 469 793 disputantibus
494 714 555 791 eis,
578 714 784 799 firmaverunt
804 736 923 797 pacem,
947 724 983 775 ut
999 736 1060 797 per
1081 732 1336 796 unumquemque

240 817 356 857 aunum
378 797 534 859 tribueret
550 797 607 859 illis
630 806 771 859 trecenta
792 798 876 858 milia
899 797 1127 874 numismatum,
1148 808 1181 859 et
1195 797 1256 856 tria
1273 817 1335 856 nn.

239 880 382 942 mismata
411 881 442 940 in
471 880 628 942 tributum
650 882 759 963 capitis
788 882 1005 967 imperatoris,
1028 889 1062 942 et
1089 882 1151 944 trie
1173 879 1228 941 filii
1250 900 1334 951 erns3

242 962 354 1061 quibus
380 964 513 1045 acceptis
526 966 629 1025 Aaron
650 965 835 1027 iucundatus
856 974 910 1043 est,
932 976 964 1027 et
984 966 1132 1026 exultavit
1150 964 1219 1047 plus
1241 984 1336 1047 qnam

241 1066 266 1107 ει
290 1045 369 1109 dena
388 1047 473 1108 milia
493 1049 672 1131 suscepisset
692 1050 819 1135 talenta,
849 1058 999 1133 tanquam
1020 1050 1075 1131 qui
1094 1047 1259 1131 subegisset
1269 1048 1337 1107 uo.

241 1150 407 1192 manorum
426 1131 605 1214 imperium.
647 1154 747 1215 porro
776 1134 924 1195 convenit
944 1133 1027 1193 iuter
1045 1154 1097 1194 eos
1120 1142 1231 1210 castra,
1255 1150 1336 1214 qnae

240 1212 398 1277 destructa
419 1214 553 1292 tircrant,
576 1236 640 1277 uon
662 1216 900 1279 reaedificanda.
924 1236 1059 1301 cumque
1081 1216 1197 1277 Arabes
1218 1214 1336 1276 reversi

239 1298 379 1374 fuissent,
401 1298 577 1360 construxit
606 1300 713 1361 eadem
744 1302 897 1380 contium
925 1310 1036 1374 eastra,
1062 1307 1093 1361 et
1112 1298 1334 1381 praemunivit.

239 1402 305 1465 quo
327 1392 491 1525 comperto
507 1386 621 1469 staron¹
636 1384 718 1443 misit
732 1384 858 1461 iterum,
879 1392 913 1445 et
933 1383 1239 1465 recepitThebasan‚
1259 1382 1335 1442 mis·

238 1485 337 1549 suque
358 1475 405 1528 sto
420 1486 439 1525 o
461 1466 492 1527 in
507 1466 645 1549 Cyprum
664 1468 806 1529 ecclesias
828 1466 985 1546 detrusit,
1003 1466 1137 1551 Cyprios
1158 1466 1332 1549 emigravit,

239 1554 272 1611 et
293 1550 394 1611 multo
417 1547 536 1621 excidio
558 1550 640 1613 lacto
662 1572 773 1633 pacem
794 1550 947 1613 dissolvit.

321 1672 414 1734 Anno
437 1672 561 1755 imperii
586 1672 631 1733 sni
664 1674 776 1757 quinto
801 1682 901 1737 castra
921 1674 1022 1737 movit
1040 1672 1234 1755 Nicephorus
1255 1687 1334 1734 cons

238 1764 291 1819 tra
311 1756 473 1839 Vulgares.
526 1764 558 1817 et
589 1776 660 1818 cum
692 1758 823 1820 venisset
846 1758 1123 1840 Hadrianopolim,
1144 1767 1177 1818 et
1198 1758 1335 1818 sensisset

240 1840 326 1923 quod
359 1841 549 1901 simultatem
578 1848 689 1902 contra
722 1862 754 1904 se
777 1842 819 1901 im
843 1842 973 1903 aratorii
994 1840 1132 1903 homines
1154 1848 1186 1901 et
1207 1838 1333 1923 qnidam

236 1945 276 1987 er
296 1921 457 1985 ordinibus
484 1920 729 2001 meditarentur,
759 1926 791 1985 iu
843 1948 898 1988 car
930 1924 1110 2006 repedavit,
1133 1923 1212 1985 nibil
1232 1925 1335 2005 proli-

216 2006 345 2095 ⁸ciens,
368 2006 425 2067 uisi
453 2006 541 2091 qnod
567 2014 687 2069 tantum
709 2009 860 2071 ultionem
880 2008 1110 2071 contribulibus
1129 2008 1251 2085 intulit,
1273 2004 1336 2068 bo-

144 2737 172 2794 p.
183 2675 234 2778 rso

240 2110 313 2237 rupq
332 2090 447 2153 multos
475 2090 620 2153 caedibus
647 2092 741 2154 exiliis
762 2101 796 2155 et
824 2092 1110 2176 proscriptionibus
1129 2112 1237 2155 rerum
1257 2091 1334 2153 sub·

239 2196 283 2235 nu
314 2195 375 2237 eus.

327 2294 417 2352 Anno
437 2290 562 2374 imperii
574 2290 743 2375 Nicephori
762 2300 858 2372 serto,
879 2313 982 2355 meuse
994 2290 1206 2375 Septembris,
1228 2290 1333 2351 Aaron

242 2372 380 2435 Arabum
398 2373 460 2437 dux
478 2396 549 2437 cuns
574 2376 658 2437 classi
682 2386 794 2439 contra
807 2376 953 2439 Rhodum
974 2376 1104 2438 Cumeid
1127 2373 1257 2447 direxit3
1280 2374 1335 2458 qui

243 2479 315 2520 cum
337 2458 440 2521 snbito
461 2469 677 2524 transmeasset
696 2461 907 2546 Rhodumque
928 2461 1129 2545 pervenisset,
1150 2460 1283 2520 multum
1302 2458 1334 2519 iu

243 2563 280 2605 ea
310 2541 463 2606 excidium
491 2545 574 2606 fecit.
623 2553 838 2606 verumtamen
867 2545 1072 2626 municipium
1101 2541 1189 2626 quod
1216 2541 1248 2602 in
1268 2541 1335 2624 ipsa

243 2635 321 2704 erat,
345 2649 407 2688 non
428 2628 644 2711 impugnatum
664 2628 822 2690 remansit.
863 2649 935 2690 cum
955 2638 1061 2688 autem
1084 2627 1149 2709 ipse
1169 2634 1334 2701 remearet,

244 2708 404 2772 evidenter
425 2711 623 2792 impugnatus
645 2719 691 2772 est
712 2735 730 2771 a
750 2719 856 2772 sancto
878 2723 910 2774 et
929 2710 1154 2772 miraculorum
1172 2717 1336 2794 patratore

242 2793 380 2856 Nicolao.
403 2813 473 2854 cnm
496 2793 577 2854 enim
592 2795 681 2876 Myra
703 2795 834 2856 venisset
855 2803 887 2857 et
907 2817 1027 2856 sacram
1046 2795 1112 2857 eius
1134 2816 1238 2856 arcam
1259 2813 1336 2855 con·

242 2885 349 2938 terere
369 2876 557 2955 tentavisset,
589 2877 679 2937 aliam
700 2898 761 2960 pro
785 2879 837 2939 illa
858 2880 1019 2941 contrivit.
1061 2899 1198 2962 moxque
1218 2875 1336 2939 classim

241 2960 340 3022 multa
363 2971 532 3021 ventorum
556 2969 588 3022 et
610 2961 806 3023 marinorum
829 2961 992 3040 fluctuum,
1016 2964 1229 3044 tonitruorum
1253 2981 1336 3058 quo-

243 3047 309 3128 que
326 3063 362 3104 ae
382 3043 541 3126 fulgurum
564 3045 764 3129 inaequalitas
787 3047 1043 3129 comprehendit,
1063 3049 1107 3107 ita
1128 3055 1164 3107 ut
1182 3045 1337 3128 plurimae

242 3125 374 3208 scaphae
391 3139 680 3212 conquassarentur,
703 3130 830 3213 ipseque
844 3131 1046 3212 impugnator
1060 3131 1109 3192 dei
1122 3129 1251 3191 Corneid
1273 3128 1338 3188 'vir-

244 3218 342 3271 tutem
364 3213 463 3273 sancti
485 3223 688 3296 cognosceret
709 3221 741 3274 et
766 3215 944 3296 periculum
966 3224 1095 3297 praeter
1115 3235 1201 3296 spem
1222 3211 1339 3275 evade-

242 3305 302 3356 ret.
344 3309 443 3376 porro
470 3295 688 3358 decimotertio
709 3294 854 3358 kalendas
877 3299 1031 3360 lanuarias
1052 3297 1244 3380 Nicephorus
1265 3302 1339 3378 post

242 3379 577 3448 multamcleotiouem
590 3380 766 3463 virginum,
786 3402 821 3443 ex
842 3382 929 3444 omui
948 3389 1102 3462 potestate
1121 3382 1180 3442 sibi
1200 3379 1335 3456 subdita,

243 3479 334 3524 causa
365 3464 533 3545 copulandi
568 3464 765 3526 stauracium
801 3465 900 3526 tilium
929 3487 1019 3526 suum
1056 3465 1182 3547 coniugi
1213 3467 1337 3538 tactam,

242 3545 467 3630 Theophanem
489 3547 722 3622 Atheniensem,
756 3558 901 3630 agnatum
919 3549 953 3611 B.
976 3548 1139 3625 Heireuae,
1161 3571 1244 3631 quae
1262 3547 1335 3606 viro

158 3681 165 3696 .
241 3627 294 3694 des
319 3641 430 3694 omata'
446 3641 515 3694 erat
549 3641 581 3694 at
603 3650 694 3713 saepe
725 3651 798 3692 cum
820 3632 888 3714 ipso
910 3634 1098 3709 cubavemt,
1119 3631 1276 3713 separavit
1295 3630 1335 3690 ab

242 3733 282 3775 eo
306 3737 355 3776 em
376 3717 462 3797 viro,
485 3724 517 3777 et
539 3714 596 3797 ipsi
618 3715 782 3776 Stauracio
808 3717 921 3778 misero
944 3716 1106 3798 copulavit
1125 3715 1335 3800 impudenter,

242 3797 329 3869 utin
346 3799 433 3878 aliis,
467 3808 499 3860 et
528 3799 559 3858 in
591 3797 652 3861 hoc
673 3819 801 3881 quoque
819 3803 1057 3884 praevaricator
1085 3801 1220 3862 effectus.
1238 3846 1241 3852 .
1262 3799 1335 3858 alias

242 3903 322 3946 vero
343 3882 418 3946 duas
448 3883 504 3956 ista
523 3881 719 3962 pulcriores,
743 3904 819 3966 quas
846 3905 921 3944 cum
942 3907 979 3948 ea
998 3885 1153 3965 elegerat,
1173 3879 1333 3944 manifeste

243 3967 391 4049 corrupit
413 3967 444 4028 in
466 3965 580 4028 eisdem
603 3966 785 4046 nuptiarum
800 3965 918 4042 diebus,
940 3969 981 4030 ab
1002 3969 1145 4030 omuibus
1167 3967 1251 4030 idem
1269 3965 1334 4026 ob·

242 4069 350 4112 suenus
370 4049 487 4112 irrisus.
530 4048 666 4132 denique
685 4049 860 4112 Februario
881 4073 985 4113 meuse
1003 4051 1189 4116 simultatem
1210 4049 1336 4130 eurogi-

244 4142 345 4198 tautes
365 4131 509 4204 adversus
522 4155 592 4198 eum
613 4134 754 4200 multius
772 4135 967 4218 proceribus,
989 4135 1117 4198 arsabir
1135 4145 1333 4219 quaestorem
