<?xml version="1.0" encoding="UTF-8"?>
<!DOCTYPE html PUBLIC "-//W3C//DTD XHTML 1.0 Transitional//EN"
    "http://www.w3.org/TR/xhtml1/DTD/xhtml1-transitional.dtd">
<html xmlns="http://www.w3.org/1999/xhtml" xml:lang="en" lang="en">
 <head>
  <title>
</title>
<meta http-equiv="Content-Type" content="text/html;charset=utf-8" />
  <meta name='ocr-system' content='tesseract 3.04.00' />
  <meta name='ocr-capabilities' content='ocr_page ocr_carea ocr_par ocr_line ocrx_word'/>
</head>
<body>
  <div class='ocr_page' id='page_1' title='image "./corpusscriptoru34theogoog_0577.png"; bbox 0 0 3050 4900; ppageno 0'>
   <div class='ocr_carea' id='block_1_1' title="bbox 281 311 1006 384">
    <p class='ocr_par' dir='ltr' id='par_1_1' title="bbox 281 311 1006 384">
     <span class='ocr_line' id='line_1_1' title="bbox 281 311 1006 384; baseline -0.006 -2"><span class='ocrx_word' id='word_1_1' title='bbox 281 311 355 384; x_wconf 74' lang='lat'>568</span> <span class='ocrx_word' id='word_1_2' title='bbox 651 315 709 380; x_wconf 80' lang='grc' dir='ltr'>ΑΙ)</span> <span class='ocrx_word' id='word_1_3' title='bbox 729 313 1006 380; x_wconf 70' lang='lat' dir='ltr'>nicoenam</span> 
     </span>
    </p>
   </div>
   <div class='ocr_carea' id='block_1_2' title="bbox 277 477 1373 818">
    <p class='ocr_par' dir='ltr' id='par_1_2' title="bbox 277 477 1373 818">
     <span class='ocr_line' id='line_1_2' title="bbox 281 477 1370 566; baseline -0.006 -18"><span class='ocrx_word' id='word_1_4' title='bbox 281 487 357 548; x_wconf 77' lang='lat' dir='ltr'>vn.</span> <span class='ocrx_word' id='word_1_5' title='bbox 375 489 390 554; x_wconf 86' lang='lat'>1</span> <span class='ocrx_word' id='word_1_6' title='bbox 409 487 481 552; x_wconf 82' lang='lat' dir='ltr'>lect.</span> <span class='ocrx_word' id='word_1_7' title='bbox 500 481 661 558; x_wconf 73' lang='grc' dir='ltr'><strong><em>ιιιτιοιθός</em></strong></span> <span class='ocrx_word' id='word_1_8' title='bbox 681 481 725 557; x_wconf 76' lang='grc' dir='ltr'>ὥς</span> <span class='ocrx_word' id='word_1_9' title='bbox 747 477 766 545; x_wconf 78' lang='grc' dir='ltr'><strong>ὅ</strong></span> <span class='ocrx_word' id='word_1_10' title='bbox 785 483 983 558; x_wconf 61' lang='lat' dir='ltr'>Melitonos·</span> <span class='ocrx_word' id='word_1_11' title='bbox 1006 503 1072 544; x_wconf 80' lang='grc' dir='ltr'><strong><em>σαιιι</em></strong></span> <span class='ocrx_word' id='word_1_12' title='bbox 1093 483 1222 566; x_wconf 79' lang='lat' dir='ltr'>perinde</span> <span class='ocrx_word' id='word_1_13' title='bbox 1240 505 1277 542; x_wconf 86' lang='grc' dir='ltr'><strong><em>σα</em></strong></span> <span class='ocrx_word' id='word_1_14' title='bbox 1295 483 1370 543; x_wconf 85' lang='lat' dir='ltr'>Ma.</span> 
     </span>
     <span class='ocr_line' id='line_1_3' title="bbox 278 567 1372 650; baseline -0.004 -18"><span class='ocrx_word' id='word_1_15' title='bbox 278 572 401 632; x_wconf 73' lang='grc' dir='ltr'><strong><em>,ταινίαι</em></strong></span> <span class='ocrx_word' id='word_1_16' title='bbox 433 570 618 632; x_wconf 56' lang='lat' dir='ltr'>&amp;emortum</span> <span class='ocrx_word' id='word_1_17' title='bbox 645 569 780 632; x_wconf 80' lang='grc' dir='ltr'><strong><em>οιααιιίίε</em></strong></span> <span class='ocrx_word' id='word_1_18' title='bbox 792 567 921 650; x_wconf 70' lang='lat' dir='ltr'>fideret:</span> <span class='ocrx_word' id='word_1_19' title='bbox 950 589 1043 650; x_wconf 85' lang='lat' dir='ltr'>quem</span> <span class='ocrx_word' id='word_1_20' title='bbox 1073 576 1185 626; x_wconf 86' lang='lat' dir='ltr'>auctor</span> <span class='ocrx_word' id='word_1_21' title='bbox 1205 568 1308 627; x_wconf 77' lang='lat' dir='ltr'>inultis</span> <span class='ocrx_word' id='word_1_22' title='bbox 1330 589 1372 628; x_wconf 82' lang='lat' dir='ltr'>eo</span> 
     </span>
     <span class='ocr_line' id='line_1_4' title="bbox 279 649 1373 734; baseline -0.004 -20"><span class='ocrx_word' id='word_1_23' title='bbox 279 655 406 716; x_wconf 86' lang='lat' dir='ltr'>nomine</span> <span class='ocrx_word' id='word_1_24' title='bbox 425 649 658 715; x_wconf 78' lang='lat' dir='ltr'>infamaveratfi</span> <span class='ocrx_word' id='word_1_25' title='bbox 672 651 868 712; x_wconf 80' lang='lat' dir='ltr'>Constantini</span> <span class='ocrx_word' id='word_1_26' title='bbox 885 670 980 726; x_wconf 85' lang='lat' dir='ltr'>anno,</span> <span class='ocrx_word' id='word_1_27' title='bbox 1001 671 1064 732; x_wconf 86' lang='lat' dir='ltr'>qno</span> <span class='ocrx_word' id='word_1_28' title='bbox 1082 649 1105 710; x_wconf 90' lang='lat' dir='ltr'>is</span> <span class='ocrx_word' id='word_1_29' title='bbox 1128 649 1212 710; x_wconf 85' lang='lat' dir='ltr'>illurn</span> <span class='ocrx_word' id='word_1_30' title='bbox 1236 672 1373 734; x_wconf 78' lang='lat' dir='ltr'>oppres·</span> 
     </span>
     <span class='ocr_line' id='line_1_5' title="bbox 277 734 1042 818; baseline -0.01 -18"><span class='ocrx_word' id='word_1_31' title='bbox 277 737 328 815; x_wconf 81' lang='lat' dir='ltr'>eit,</span> <span class='ocrx_word' id='word_1_32' title='bbox 350 758 445 800; x_wconf 82' lang='lat' dir='ltr'>cruce</span> <span class='ocrx_word' id='word_1_33' title='bbox 467 734 625 818; x_wconf 81' lang='lat' dir='ltr'>eiusmodi¹</span> <span class='ocrx_word' id='word_1_34' title='bbox 638 736 879 816; x_wconf 78' lang='lat' dir='ltr'>praestigiarum</span> <span class='ocrx_word' id='word_1_35' title='bbox 901 734 1042 796; x_wconf 74' lang='lat' dir='ltr'>victrice.</span> 
     </span>
    </p>
   </div>
   <div class='ocr_carea' id='block_1_3' title="bbox 278 835 1369 1010">
    <p class='ocr_par' dir='ltr' id='par_1_3' title="bbox 278 835 1369 1010">
     <span class='ocr_line' id='line_1_6' title="bbox 362 835 1369 924; baseline -0.007 -18"><span class='ocrx_word' id='word_1_36' title='bbox 362 843 414 921; x_wconf 77' lang='lat' dir='ltr'>tl,</span> <span class='ocrx_word' id='word_1_37' title='bbox 436 841 484 906; x_wconf 91' lang='grc'>13.</span> <span class='ocrx_word' id='word_1_38' title='bbox 533 838 589 904; x_wconf 76' lang='grc' dir='ltr'>τοι</span> <span class='ocrx_word' id='word_1_39' title='bbox 620 841 652 904; x_wconf 86' lang='grc' dir='ltr'><em>Γ</em></span> <span class='ocrx_word' id='word_1_40' title='bbox 649 842 795 920; x_wconf 82' lang='grc' dir='ltr'><strong><em>αλλέρισν</em></strong></span> <span class='ocrx_word' id='word_1_41' title='bbox 822 835 1041 924; x_wconf 84' lang='grc' dir='ltr'><strong><em>Μαξιμιανόν]</em></strong></span> <span class='ocrx_word' id='word_1_42' title='bbox 1071 839 1187 902; x_wconf 78' lang='lat' dir='ltr'>iterann</span> <span class='ocrx_word' id='word_1_43' title='bbox 1213 841 1249 902; x_wconf 89' lang='lat' dir='ltr'>P.</span> <span class='ocrx_word' id='word_1_44' title='bbox 1271 842 1369 900; x_wconf 89' lang='lat' dir='ltr'>Goar.</span> 
     </span>
     <span class='ocr_line' id='line_1_7' title="bbox 278 926 1146 1010; baseline -0.01 -18"><span class='ocrx_word' id='word_1_45' title='bbox 278 929 343 1010; x_wconf 75' lang='lat' dir='ltr'>lego</span> <span class='ocrx_word' id='word_1_46' title='bbox 364 927 565 1004; x_wconf 79' lang='grc' dir='ltr'><strong><em>Μαξιμῖνον·</em></strong></span> <span class='ocrx_word' id='word_1_47' title='bbox 589 947 652 986; x_wconf 89' lang='lat' dir='ltr'>non</span> <span class='ocrx_word' id='word_1_48' title='bbox 677 926 756 987; x_wconf 84' lang='lat' dir='ltr'>bene</span> <span class='ocrx_word' id='word_1_49' title='bbox 777 933 813 985; x_wconf 91' lang='lat' dir='ltr'>nt</span> <span class='ocrx_word' id='word_1_50' title='bbox 833 936 878 988; x_wconf 90' lang='lat' dir='ltr'>est</span> <span class='ocrx_word' id='word_1_51' title='bbox 900 927 960 986; x_wconf 87' lang='lat' dir='ltr'>iam</span> <span class='ocrx_word' id='word_1_52' title='bbox 979 934 1146 987; x_wconf 87' lang='lat' dir='ltr'>ostensum.</span> 
     </span>
    </p>
   </div>
   <div class='ocr_carea' id='block_1_4' title="bbox 363 1025 1371 1116">
    <p class='ocr_par' dir='ltr' id='par_1_4' title="bbox 363 1025 1371 1116">
     <span class='ocr_line' id='line_1_8' title="bbox 363 1025 1371 1116; baseline -0.005 -20"><span class='ocrx_word' id='word_1_53' title='bbox 363 1034 414 1114; x_wconf 69' lang='lat'>29,</span> <span class='ocrx_word' id='word_1_54' title='bbox 436 1035 466 1096; x_wconf 72' lang='lat'>2.</span> <span class='ocrx_word' id='word_1_55' title='bbox 516 1031 575 1094; x_wconf 76' lang='grc' dir='ltr'><strong><em>καί</em></strong></span> <span class='ocrx_word' id='word_1_56' title='bbox 605 1028 778 1116; x_wconf 76' lang='grc' dir='ltr'><strong><em>α’φορίσας]</em></strong></span> <span class='ocrx_word' id='word_1_57' title='bbox 804 1025 838 1096; x_wconf 71' lang='lat' dir='ltr'>ro*</span> <span class='ocrx_word' id='word_1_58' title='bbox 870 1027 925 1094; x_wconf 77' lang='grc' dir='ltr'><strong><em>καί</em></strong></span> <span class='ocrx_word' id='word_1_59' title='bbox 944 1031 1148 1114; x_wconf 89' lang='lat' dir='ltr'>snperssnum,</span> <span class='ocrx_word' id='word_1_60' title='bbox 1172 1051 1229 1092; x_wconf 87' lang='lat' dir='ltr'>nec</span> <span class='ocrx_word' id='word_1_61' title='bbox 1251 1029 1371 1092; x_wconf 82' lang='lat' dir='ltr'>habent</span> 
     </span>
    </p>
   </div>
   <div class='ocr_carea' id='block_1_5' title="bbox 279 1115 372 1183">
    <p class='ocr_par' dir='ltr' id='par_1_5' title="bbox 279 1115 372 1183">
     <span class='ocr_line' id='line_1_9' title="bbox 279 1115 372 1183; baseline 0.011 -1"><span class='ocrx_word' id='word_1_62' title='bbox 279 1115 372 1183; x_wconf 87' lang='lat' dir='ltr'>codd.</span> 
     </span>
    </p>
   </div>
   <div class='ocr_carea' id='block_1_6' title="bbox 277 1213 1369 1389">
    <p class='ocr_par' dir='ltr' id='par_1_6' title="bbox 277 1213 1369 1389">
     <span class='ocr_line' id='line_1_10' title="bbox 360 1213 1369 1302; baseline -0.012 -11"><span class='ocrx_word' id='word_1_63' title='bbox 360 1225 441 1291; x_wconf 73' lang='lat' dir='ltr'>star.</span> <span class='ocrx_word' id='word_1_64' title='bbox 466 1222 515 1287; x_wconf 81' lang='lat' dir='ltr'>lo.</span> <span class='ocrx_word' id='word_1_65' title='bbox 559 1223 748 1287; x_wconf 85' lang='lat' dir='ltr'>Germanior</span> <span class='ocrx_word' id='word_1_66' title='bbox 780 1223 873 1286; x_wconf 89' lang='lat' dir='ltr'>lectio</span> <span class='ocrx_word' id='word_1_67' title='bbox 895 1225 1028 1285; x_wconf 85' lang='lat' dir='ltr'>aliomm</span> <span class='ocrx_word' id='word_1_68' title='bbox 1058 1222 1149 1286; x_wconf 87' lang='lat' dir='ltr'><strong>codd.</strong></span> <span class='ocrx_word' id='word_1_69' title='bbox 1172 1221 1297 1302; x_wconf 74' lang='grc' dir='ltr'><strong><em>πρῶτον</em></strong></span> <span class='ocrx_word' id='word_1_70' title='bbox 1318 1213 1369 1282; x_wconf 75' lang='lat' dir='ltr'>nd-</span> 
     </span>
     <span class='ocr_line' id='line_1_11' title="bbox 277 1301 572 1389; baseline -0.003 -20"><span class='ocrx_word' id='word_1_71' title='bbox 277 1328 339 1389; x_wconf 84' lang='grc' dir='ltr'><strong><em>μου</em></strong></span> <span class='ocrx_word' id='word_1_72' title='bbox 361 1303 473 1389; x_wconf 78' lang='grc' dir='ltr'><strong><em>ἔγρατι</em></strong></span> <span class='ocrx_word' id='word_1_73' title='bbox 491 1301 572 1379; x_wconf 78' lang='grc' dir='ltr'>τούς.</span> 
     </span>
    </p>
   </div>
   <div class='ocr_carea' id='block_1_7' title="bbox 278 1409 1369 1586">
    <p class='ocr_par' dir='ltr' id='par_1_7' title="bbox 278 1409 1369 1586">
     <span class='ocr_line' id='line_1_12' title="bbox 361 1409 1369 1492; baseline -0.005 -14"><span class='ocrx_word' id='word_1_74' title='bbox 361 1415 411 1492; x_wconf 69' lang='lat'>27,</span> <span class='ocrx_word' id='word_1_75' title='bbox 435 1415 465 1476; x_wconf 76' lang='lat' dir='ltr'>ll.</span> <span class='ocrx_word' id='word_1_76' title='bbox 515 1409 759 1490; x_wconf 79' lang='grc' dir='ltr'><strong><em>Κωνστιίντιον]</em></strong></span> <span class='ocrx_word' id='word_1_77' title='bbox 795 1411 951 1476; x_wconf 88' lang='lat' dir='ltr'>redditum</span> <span class='ocrx_word' id='word_1_78' title='bbox 967 1425 1131 1484; x_wconf 59' lang='lat' dir='ltr'>„currente</span> <span class='ocrx_word' id='word_1_79' title='bbox 1152 1413 1291 1490; x_wconf 87' lang='lat' dir='ltr'>calamo,</span> <span class='ocrx_word' id='word_1_80' title='bbox 1313 1435 1369 1475; x_wconf 87' lang='lat' dir='ltr'>sen</span> 
     </span>
     <span class='ocr_line' id='line_1_13' title="bbox 278 1498 648 1586; baseline -0.019 -21"><span class='ocrx_word' id='word_1_81' title='bbox 278 1502 388 1586; x_wconf 79' lang='lat' dir='ltr'>praelo</span> <span class='ocrx_word' id='word_1_82' title='bbox 411 1498 648 1560; x_wconf 71' lang='lat' dir='ltr'>coeataminum.</span> 
     </span>
    </p>
   </div>
   <div class='ocr_carea' id='block_1_8' title="bbox 275 1603 1370 2022">
    <p class='ocr_par' dir='ltr' id='par_1_8' title="bbox 275 1603 1370 2022">
     <span class='ocr_line' id='line_1_14' title="bbox 358 1603 1368 1686; baseline -0.005 -18"><span class='ocrx_word' id='word_1_83' title='bbox 358 1605 409 1682; x_wconf 64' lang='grc'>38,</span> <span class='ocrx_word' id='word_1_84' title='bbox 428 1606 461 1666; x_wconf 83' lang='grc'>4.</span> <span class='ocrx_word' id='word_1_85' title='bbox 513 1606 650 1681; x_wconf 82' lang='grc' dir='ltr'><strong><em>πολέμου</em></strong></span> <span class='ocrx_word' id='word_1_86' title='bbox 678 1603 832 1686; x_wconf 68' lang='grc' dir='ltr'><strong><em>δημοσίου</em></strong></span> <span class='ocrx_word' id='word_1_87' title='bbox 860 1603 1085 1686; x_wconf 70' lang='grc' dir='ltr'>κρατηθέντος]</span> <span class='ocrx_word' id='word_1_88' title='bbox 1117 1605 1198 1666; x_wconf 84' lang='lat' dir='ltr'>bello</span> <span class='ocrx_word' id='word_1_89' title='bbox 1227 1603 1368 1686; x_wconf 89' lang='lat' dir='ltr'>publico,</span> 
     </span>
     <span class='ocr_line' id='line_1_15' title="bbox 278 1688 1370 1774; baseline -0.005 -21"><span class='ocrx_word' id='word_1_90' title='bbox 278 1691 374 1774; x_wconf 83' lang='lat' dir='ltr'>inque</span> <span class='ocrx_word' id='word_1_91' title='bbox 396 1689 474 1751; x_wconf 89' lang='lat' dir='ltr'>illud</span> <span class='ocrx_word' id='word_1_92' title='bbox 506 1688 721 1750; x_wconf 76' lang='lat' dir='ltr'>inardescente</span> <span class='ocrx_word' id='word_1_93' title='bbox 749 1697 816 1749; x_wconf 86' lang='lat' dir='ltr'>tcta</span> <span class='ocrx_word' id='word_1_94' title='bbox 850 1709 917 1770; x_wconf 83' lang='lat' dir='ltr'>rep.</span> <span class='ocrx_word' id='word_1_95' title='bbox 962 1689 1059 1748; x_wconf 89' lang='lat' dir='ltr'>sicet</span> <span class='ocrx_word' id='word_1_96' title='bbox 1082 1694 1182 1748; x_wconf 68' lang='lat' dir='ltr'>natast.</span> <span class='ocrx_word' id='word_1_97' title='bbox 1216 1709 1271 1748; x_wconf 88' lang='lat' dir='ltr'>nec</span> <span class='ocrx_word' id='word_1_98' title='bbox 1297 1693 1370 1748; x_wconf 85' lang='lat' dir='ltr'>satis</span> 
     </span>
     <span class='ocr_line' id='line_1_16' title="bbox 277 1771 1368 1854; baseline -0.005 -19"><span class='ocrx_word' id='word_1_99' title='bbox 277 1795 463 1854; x_wconf 79' lang='lat' dir='ltr'>expressum,</span> <span class='ocrx_word' id='word_1_100' title='bbox 488 1772 563 1832; x_wconf 81' lang='lat' dir='ltr'>hello</span> <span class='ocrx_word' id='word_1_101' title='bbox 577 1773 666 1832; x_wconf 76' lang='lat' dir='ltr'>civiti</span> <span class='ocrx_word' id='word_1_102' title='bbox 683 1785 774 1836; x_wconf 86' lang='lat' dir='ltr'>moto.</span> <span class='ocrx_word' id='word_1_103' title='bbox 818 1779 886 1833; x_wconf 85' lang='lat' dir='ltr'>ernt</span> <span class='ocrx_word' id='word_1_104' title='bbox 907 1794 978 1832; x_wconf 86' lang='lat' dir='ltr'>sone</span> <span class='ocrx_word' id='word_1_105' title='bbox 999 1771 1097 1848; x_wconf 80' lang='lat' dir='ltr'>civile,</span> <span class='ocrx_word' id='word_1_106' title='bbox 1117 1771 1169 1832; x_wconf 86' lang='lat' dir='ltr'>sed</span> <span class='ocrx_word' id='word_1_107' title='bbox 1191 1771 1368 1832; x_wconf 82' lang='lat' dir='ltr'>lminsmodi</span> 
     </span>
     <span class='ocr_line' id='line_1_17' title="bbox 275 1855 1369 1936; baseline -0.004 -18"><span class='ocrx_word' id='word_1_108' title='bbox 275 1858 359 1918; x_wconf 89' lang='lat' dir='ltr'>inter</span> <span class='ocrx_word' id='word_1_109' title='bbox 379 1857 479 1916; x_wconf 82' lang='lat' dir='ltr'>civilia</span> <span class='ocrx_word' id='word_1_110' title='bbox 502 1863 539 1914; x_wconf 89' lang='lat' dir='ltr'>nt</span> <span class='ocrx_word' id='word_1_111' title='bbox 559 1856 734 1916; x_wconf 84' lang='lat' dir='ltr'>nniversam</span> <span class='ocrx_word' id='word_1_112' title='bbox 751 1876 851 1934; x_wconf 87' lang='lat' dir='ltr'>remp.</span> <span class='ocrx_word' id='word_1_113' title='bbox 874 1855 1040 1916; x_wconf 84' lang='lat' dir='ltr'>scinderet.</span> <span class='ocrx_word' id='word_1_114' title='bbox 1062 1856 1095 1916; x_wconf 83' lang='grc' dir='ltr'>ἐν</span> <span class='ocrx_word' id='word_1_115' title='bbox 1113 1857 1180 1926; x_wconf 70' lang='grc' dir='ltr'><strong><em>τοῖς</em></strong></span> <span class='ocrx_word' id='word_1_116' title='bbox 1201 1856 1369 1936; x_wconf 72' lang='grc' dir='ltr'><strong><em>ἐμφυλίοις</em></strong></span> 
     </span>
     <span class='ocr_line' id='line_1_18' title="bbox 275 1935 1014 2022; baseline -0.004 -22"><span class='ocrx_word' id='word_1_117' title='bbox 275 1935 424 2022; x_wconf 70' lang='grc' dir='ltr'><strong><em>ἀήττητος</em></strong></span> <span class='ocrx_word' id='word_1_118' title='bbox 448 1939 492 1998; x_wconf 84' lang='lat' dir='ltr'>ait</span> <span class='ocrx_word' id='word_1_119' title='bbox 511 1939 541 1997; x_wconf 93' lang='lat' dir='ltr'>D</span> <span class='ocrx_word' id='word_1_120' title='bbox 563 1940 687 1998; x_wconf 76' lang='lat' dir='ltr'>irwr&#39;ceas</span> <span class='ocrx_word' id='word_1_121' title='bbox 708 1938 850 2000; x_wconf 81' lang='lat' dir='ltr'>inbellis</span> <span class='ocrx_word' id='word_1_122' title='bbox 871 1939 1014 1998; x_wconf 79' lang='lat' dir='ltr'>civilibus.</span> 
     </span>
    </p>
   </div>
   <div class='ocr_carea' id='block_1_9' title="bbox 272 2038 1367 2376">
    <p class='ocr_par' dir='ltr' id='par_1_9' title="bbox 272 2038 1367 2376">
     <span class='ocr_line' id='line_1_19' title="bbox 358 2038 1365 2126; baseline -0.001 -21"><span class='ocrx_word' id='word_1_123' title='bbox 358 2043 408 2120; x_wconf 73' lang='lat'>99,</span> <span class='ocrx_word' id='word_1_124' title='bbox 427 2041 456 2103; x_wconf 77' lang='grc' dir='ltr'>ὃ.</span> <span class='ocrx_word' id='word_1_125' title='bbox 500 2038 647 2123; x_wconf 76' lang='grc' dir='ltr'><strong><em>τίττεδτίθη</em></strong></span> <span class='ocrx_word' id='word_1_126' title='bbox 680 2039 743 2104; x_wconf 79' lang='grc' dir='ltr'>ὖτιὸ</span> <span class='ocrx_word' id='word_1_127' title='bbox 774 2045 1030 2126; x_wconf 85' lang='grc' dir='ltr'><strong><em>Κωνσταντίνου]</em></strong></span> <span class='ocrx_word' id='word_1_128' title='bbox 1066 2045 1109 2104; x_wconf 84' lang='grc' dir='ltr'>εἰσ</span> <span class='ocrx_word' id='word_1_129' title='bbox 1141 2043 1220 2104; x_wconf 85' lang='lat' dir='ltr'>hene</span> <span class='ocrx_word' id='word_1_130' title='bbox 1253 2045 1323 2104; x_wconf 84' lang='lat' dir='ltr'>Vnt.</span> <span class='ocrx_word' id='word_1_131' title='bbox 1351 2043 1365 2104; x_wconf 89' lang='lat' dir='ltr'>l</span> 
     </span>
     <span class='ocr_line' id='line_1_20' title="bbox 272 2127 1367 2209; baseline -0.003 -20"><span class='ocrx_word' id='word_1_132' title='bbox 272 2127 339 2190; x_wconf 85' lang='lat' dir='ltr'>Pal.</span> <span class='ocrx_word' id='word_1_133' title='bbox 363 2127 496 2209; x_wconf 78' lang='lat' dir='ltr'>ctPeyr.</span> <span class='ocrx_word' id='word_1_134' title='bbox 519 2147 576 2188; x_wconf 85' lang='lat' dir='ltr'>nec</span> <span class='ocrx_word' id='word_1_135' title='bbox 594 2129 675 2188; x_wconf 87' lang='lat' dir='ltr'>enim</span> <span class='ocrx_word' id='word_1_136' title='bbox 691 2128 865 2189; x_wconf 88' lang='lat' dir='ltr'>Constantii</span> <span class='ocrx_word' id='word_1_137' title='bbox 887 2129 1024 2189; x_wconf 77' lang='lat' dir='ltr'>Caesaris</span> <span class='ocrx_word' id='word_1_138' title='bbox 1046 2136 1114 2188; x_wconf 86' lang='lat' dir='ltr'>erat</span> <span class='ocrx_word' id='word_1_139' title='bbox 1134 2129 1294 2188; x_wconf 79' lang='lat' dir='ltr'><strong>Caesarem</strong></span> <span class='ocrx_word' id='word_1_140' title='bbox 1314 2129 1367 2186; x_wconf 93' lang='lat' dir='ltr'>Li-</span> 
     </span>
     <span class='ocr_line' id='line_1_21' title="bbox 274 2205 1367 2295; baseline -0.001 -23"><span class='ocrx_word' id='word_1_141' title='bbox 274 2211 430 2272; x_wconf 88' lang='lat' dir='ltr'>cinianum</span> <span class='ocrx_word' id='word_1_142' title='bbox 459 2220 680 2283; x_wconf 78' lang='lat' dir='ltr'>exauctorere3</span> <span class='ocrx_word' id='word_1_143' title='bbox 716 2211 770 2272; x_wconf 89' lang='lat' dir='ltr'>sed</span> <span class='ocrx_word' id='word_1_144' title='bbox 790 2211 887 2294; x_wconf 82' lang='lat' dir='ltr'>patris</span> <span class='ocrx_word' id='word_1_145' title='bbox 910 2213 1115 2288; x_wconf 80' lang='lat' dir='ltr'>Constantini,</span> <span class='ocrx_word' id='word_1_146' title='bbox 1138 2213 1191 2295; x_wconf 89' lang='lat' dir='ltr'>qni</span> <span class='ocrx_word' id='word_1_147' title='bbox 1209 2205 1367 2291; x_wconf 72' lang='grc' dir='ltr'><strong><em>μονοτρά-</em></strong></span> 
     </span>
     <span class='ocr_line' id='line_1_22' title="bbox 276 2295 910 2376; baseline -0.002 -21"><span class='ocrx_word' id='word_1_148' title='bbox 276 2316 352 2376; x_wconf 85' lang='grc' dir='ltr'>τωρ,</span> <span class='ocrx_word' id='word_1_149' title='bbox 375 2315 482 2355; x_wconf 86' lang='lat' dir='ltr'>rernm</span> <span class='ocrx_word' id='word_1_150' title='bbox 502 2314 653 2354; x_wconf 87' lang='lat' dir='ltr'>summam</span> <span class='ocrx_word' id='word_1_151' title='bbox 673 2295 754 2355; x_wconf 85' lang='lat' dir='ltr'>solus</span> <span class='ocrx_word' id='word_1_152' title='bbox 775 2296 910 2358; x_wconf 80' lang='lat' dir='ltr'>tenebar.</span> 
     </span>
    </p>
   </div>
   <div class='ocr_carea' id='block_1_10' title="bbox 275 2396 1370 2651">
    <p class='ocr_par' dir='ltr' id='par_1_10' title="bbox 275 2396 1370 2651">
     <span class='ocr_line' id='line_1_23' title="bbox 359 2396 1370 2487; baseline -0.007 -24"><span class='ocrx_word' id='word_1_153' title='bbox 359 2398 410 2477; x_wconf 86' lang='lat'>30,</span> <span class='ocrx_word' id='word_1_154' title='bbox 434 2401 483 2462; x_wconf 90' lang='lat' dir='ltr'>ll.</span> <span class='ocrx_word' id='word_1_155' title='bbox 527 2399 562 2463; x_wconf 71' lang='grc' dir='ltr'>ἐν</span> <span class='ocrx_word' id='word_1_156' title='bbox 583 2401 627 2483; x_wconf 73' lang='grc' dir='ltr'>τῷ</span> <span class='ocrx_word' id='word_1_157' title='bbox 645 2397 670 2481; x_wconf 77' lang='grc' dir='ltr'>γ’</span> <span class='ocrx_word' id='word_1_158' title='bbox 693 2398 773 2485; x_wconf 76' lang='grc' dir='ltr'>λόγῳ</span> <span class='ocrx_word' id='word_1_159' title='bbox 794 2401 836 2487; x_wconf 69' lang='lat' dir='ltr'>rigi</span> <span class='ocrx_word' id='word_1_160' title='bbox 867 2401 912 2477; x_wconf 81' lang='grc' dir='ltr'>τίς</span> <span class='ocrx_word' id='word_1_161' title='bbox 933 2396 989 2463; x_wconf 80' lang='grc' dir='ltr'>τίν</span> <span class='ocrx_word' id='word_1_162' title='bbox 1017 2399 1164 2479; x_wconf 77' lang='grc' dir='ltr'><strong><em>βασιλέα]</em></strong></span> <span class='ocrx_word' id='word_1_163' title='bbox 1187 2400 1308 2482; x_wconf 85' lang='lat' dir='ltr'>clarius,</span> <span class='ocrx_word' id='word_1_164' title='bbox 1332 2401 1370 2461; x_wconf 90' lang='lat' dir='ltr'>li.</span> 
     </span>
     <span class='ocr_line' id='line_1_24' title="bbox 275 2482 1370 2565; baseline -0.002 -18"><span class='ocrx_word' id='word_1_165' title='bbox 275 2486 337 2548; x_wconf 81' lang='lat' dir='ltr'>lsro</span> <span class='ocrx_word' id='word_1_166' title='bbox 358 2484 378 2546; x_wconf 96' lang='grc'><em>3</em></span> <span class='ocrx_word' id='word_1_167' title='bbox 399 2488 429 2546; x_wconf 92' lang='lat' dir='ltr'>in</span> <span class='ocrx_word' id='word_1_168' title='bbox 455 2482 578 2545; x_wconf 89' lang='lat' dir='ltr'>landem</span> <span class='ocrx_word' id='word_1_169' title='bbox 600 2488 813 2561; x_wconf 72' lang='lat' dir='ltr'>Constantini,</span> <span class='ocrx_word' id='word_1_170' title='bbox 848 2486 911 2549; x_wconf 89' lang='lat' dir='ltr'>sive</span> <span class='ocrx_word' id='word_1_171' title='bbox 933 2485 972 2547; x_wconf 90' lang='lat' dir='ltr'>dc</span> <span class='ocrx_word' id='word_1_172' title='bbox 996 2486 1059 2547; x_wconf 85' lang='lat' dir='ltr'>vita</span> <span class='ocrx_word' id='word_1_173' title='bbox 1080 2485 1289 2565; x_wconf 75' lang='lat' dir='ltr'>Constantini,</span> <span class='ocrx_word' id='word_1_174' title='bbox 1311 2506 1370 2545; x_wconf 86' lang='lat' dir='ltr'>en-</span> 
     </span>
     <span class='ocr_line' id='line_1_25' title="bbox 276 2567 793 2651; baseline 0 -21"><span class='ocrx_word' id='word_1_175' title='bbox 276 2570 323 2633; x_wconf 85' lang='lat' dir='ltr'>ins</span> <span class='ocrx_word' id='word_1_176' title='bbox 344 2568 364 2631; x_wconf 84' lang='lat'>9</span> <span class='ocrx_word' id='word_1_177' title='bbox 385 2592 452 2651; x_wconf 87' lang='lat' dir='ltr'>cap.</span> <span class='ocrx_word' id='word_1_178' title='bbox 475 2576 580 2629; x_wconf 81' lang='lat' dir='ltr'>extant</span> <span class='ocrx_word' id='word_1_179' title='bbox 599 2590 655 2631; x_wconf 88' lang='lat' dir='ltr'>eae</span> <span class='ocrx_word' id='word_1_180' title='bbox 675 2567 793 2651; x_wconf 82' lang='lat' dir='ltr'>landes.</span> 
     </span>
    </p>
   </div>
   <div class='ocr_carea' id='block_1_11' title="bbox 275 2670 1371 3175">
    <p class='ocr_par' dir='ltr' id='par_1_11' title="bbox 275 2670 1371 3175">
     <span class='ocr_line' id='line_1_26' title="bbox 356 2670 1369 2757; baseline -0.004 -18"><span class='ocrx_word' id='word_1_181' title='bbox 356 2676 409 2754; x_wconf 69' lang='lat'>32,</span> <span class='ocrx_word' id='word_1_182' title='bbox 429 2680 457 2737; x_wconf 92' lang='lat' dir='ltr'>l.</span> <span class='ocrx_word' id='word_1_183' title='bbox 505 2670 639 2751; x_wconf 76' lang='grc' dir='ltr'><strong><em>ι’ίιιίζειν</em></strong></span> <span class='ocrx_word' id='word_1_184' title='bbox 658 2672 875 2757; x_wconf 70' lang='grc' dir='ltr'><strong><em>ἡσυχάζοντα]</em></strong></span> <span class='ocrx_word' id='word_1_185' title='bbox 908 2675 984 2739; x_wconf 89' lang='lat' dir='ltr'>nihil</span> <span class='ocrx_word' id='word_1_186' title='bbox 1007 2677 1068 2737; x_wconf 83' lang='lat' dir='ltr'>iam</span> <span class='ocrx_word' id='word_1_187' title='bbox 1093 2698 1126 2739; x_wconf 87' lang='lat' dir='ltr'>sc</span> <span class='ocrx_word' id='word_1_188' title='bbox 1152 2678 1243 2739; x_wconf 83' lang='lat' dir='ltr'>rebus</span> <span class='ocrx_word' id='word_1_189' title='bbox 1264 2676 1369 2737; x_wconf 84' lang='lat' dir='ltr'>ecclc.</span> 
     </span>
     <span class='ocr_line' id='line_1_27' title="bbox 275 2758 1370 2841; baseline -0.005 -22"><span class='ocrx_word' id='word_1_190' title='bbox 275 2760 401 2821; x_wconf 81' lang='lat' dir='ltr'>siasticis</span> <span class='ocrx_word' id='word_1_191' title='bbox 424 2760 645 2821; x_wconf 86' lang='lat' dir='ltr'>immiscentcm</span> <span class='ocrx_word' id='word_1_192' title='bbox 675 2762 722 2838; x_wconf 82' lang='lat' dir='ltr'>(in</span> <span class='ocrx_word' id='word_1_193' title='bbox 746 2780 883 2841; x_wconf 87' lang='lat' dir='ltr'>poenam</span> <span class='ocrx_word' id='word_1_194' title='bbox 914 2760 1061 2821; x_wconf 88' lang='lat' dir='ltr'>nimirum</span> <span class='ocrx_word' id='word_1_195' title='bbox 1085 2759 1255 2841; x_wconf 86' lang='lat' dir='ltr'>superioris</span> <span class='ocrx_word' id='word_1_196' title='bbox 1283 2758 1370 2821; x_wconf 79' lang='lat' dir='ltr'>sclri.</span> 
     </span>
     <span class='ocr_line' id='line_1_28' title="bbox 275 2837 1370 2925; baseline -0.001 -23"><span class='ocrx_word' id='word_1_197' title='bbox 275 2844 393 2924; x_wconf 80' lang='lat' dir='ltr'>ematis)</span> <span class='ocrx_word' id='word_1_198' title='bbox 417 2845 577 2924; x_wconf 81' lang='lat' dir='ltr'>privatum</span> <span class='ocrx_word' id='word_1_199' title='bbox 600 2864 707 2925; x_wconf 79' lang='lat' dir='ltr'>agere:</span> <span class='ocrx_word' id='word_1_200' title='bbox 727 2842 805 2905; x_wconf 89' lang='lat' dir='ltr'>haec</span> <span class='ocrx_word' id='word_1_201' title='bbox 828 2844 910 2905; x_wconf 88' lang='lat' dir='ltr'>enim</span> <span class='ocrx_word' id='word_1_202' title='bbox 933 2845 976 2905; x_wconf 89' lang='lat' dir='ltr'>vis</span> <span class='ocrx_word' id='word_1_203' title='bbox 998 2852 1043 2905; x_wconf 89' lang='lat' dir='ltr'>est</span> <span class='ocrx_word' id='word_1_204' title='bbox 1060 2842 1117 2902; x_wconf 83' lang='grc' dir='ltr'><strong><em>τοῦ</em></strong></span> <span class='ocrx_word' id='word_1_205' title='bbox 1140 2837 1313 2924; x_wconf 74' lang='grc' dir='ltr'><strong><em>ἡσυχάζειν</em></strong></span> <span class='ocrx_word' id='word_1_206' title='bbox 1336 2842 1370 2902; x_wconf 91' lang='lat' dir='ltr'>in</span> 
     </span>
     <span class='ocr_line' id='line_1_29' title="bbox 277 2924 1369 3009; baseline -0.003 -22"><span class='ocrx_word' id='word_1_207' title='bbox 277 2925 439 2987; x_wconf 87' lang='lat' dir='ltr'>eiusmodi.</span> <span class='ocrx_word' id='word_1_208' title='bbox 491 2924 577 3009; x_wconf 89' lang='lat' dir='ltr'>quod</span> <span class='ocrx_word' id='word_1_209' title='bbox 604 2928 747 3008; x_wconf 85' lang='lat' dir='ltr'>seqnitur</span> <span class='ocrx_word' id='word_1_210' title='bbox 779 2926 818 2987; x_wconf 88' lang='lat' dir='ltr'>de</span> <span class='ocrx_word' id='word_1_211' title='bbox 838 2927 989 2989; x_wconf 87' lang='lat' dir='ltr'>ordinatis</span> <span class='ocrx_word' id='word_1_212' title='bbox 1019 2926 1056 2988; x_wconf 82' lang='lat' dir='ltr'>ab</span> <span class='ocrx_word' id='word_1_213' title='bbox 1079 2925 1142 3001; x_wconf 89' lang='lat' dir='ltr'>illo,</span> <span class='ocrx_word' id='word_1_214' title='bbox 1167 2946 1244 3007; x_wconf 83' lang='lat' dir='ltr'>qnos</span> <span class='ocrx_word' id='word_1_215' title='bbox 1263 2933 1369 2987; x_wconf 84' lang='lat' dir='ltr'>sancte</span> 
     </span>
     <span class='ocr_line' id='line_1_30' title="bbox 276 3007 1370 3095; baseline 0 -27"><span class='ocrx_word' id='word_1_216' title='bbox 276 3010 411 3093; x_wconf 81' lang='lat' dir='ltr'>synodus</span> <span class='ocrx_word' id='word_1_217' title='bbox 436 3009 589 3091; x_wconf 84' lang='lat' dir='ltr'>praecipit</span> <span class='ocrx_word' id='word_1_218' title='bbox 619 3007 840 3087; x_wconf 66' lang='lat' dir='ltr'>pentescosten</span> <span class='ocrx_word' id='word_1_219' title='bbox 867 3011 1044 3095; x_wconf 75' lang='grc' dir='ltr'><strong><em>χειροτονίᾳ</em></strong></span> <span class='ocrx_word' id='word_1_220' title='bbox 1070 3008 1299 3089; x_wconf 78' lang='grc' dir='ltr'><strong><em>βεβαιοῦσθαι,</em></strong></span> <span class='ocrx_word' id='word_1_221' title='bbox 1320 3030 1370 3068; x_wconf 82' lang='lat' dir='ltr'>sa-</span> 
     </span>
     <span class='ocr_line' id='line_1_31' title="bbox 276 3091 1371 3175; baseline -0.001 -22"><span class='ocrx_word' id='word_1_222' title='bbox 276 3094 407 3153; x_wconf 81' lang='lat' dir='ltr'>cratiori</span> <span class='ocrx_word' id='word_1_223' title='bbox 425 3091 612 3169; x_wconf 74' lang='lat' dir='ltr'>ordinatione</span> <span class='ocrx_word' id='word_1_224' title='bbox 635 3091 825 3175; x_wconf 75' lang='lat' dir='ltr'>confirmari,</span> <span class='ocrx_word' id='word_1_225' title='bbox 849 3091 888 3155; x_wconf 90' lang='lat' dir='ltr'>de</span> <span class='ocrx_word' id='word_1_226' title='bbox 910 3116 984 3153; x_wconf 86' lang='lat' dir='ltr'>vera</span> <span class='ocrx_word' id='word_1_227' title='bbox 1007 3092 1219 3172; x_wconf 86' lang='lat' dir='ltr'>accipiendum</span> <span class='ocrx_word' id='word_1_228' title='bbox 1240 3092 1371 3152; x_wconf 83' lang='lat' dir='ltr'>ordina·</span> 
     </span>
    </p>
   </div>
   <div class='ocr_carea' id='block_1_12' title="bbox 154 3175 1370 3272">
    <p class='ocr_par' dir='ltr' id='par_1_12' title="bbox 154 3175 1370 3272">
     <span class='ocr_line' id='line_1_32' title="bbox 154 3175 1370 3272; baseline -0.001 -38"><span class='ocrx_word' id='word_1_229' title='bbox 154 3191 159 3206; x_wconf 92' lang='grc'><em>·</em></span> <span class='ocrx_word' id='word_1_230' title='bbox 276 3178 373 3254; x_wconf 87' lang='lat' dir='ltr'>tione,</span> <span class='ocrx_word' id='word_1_231' title='bbox 394 3175 480 3238; x_wconf 82' lang='lat' dir='ltr'>velut</span> <span class='ocrx_word' id='word_1_232' title='bbox 501 3176 591 3237; x_wconf 87' lang='lat' dir='ltr'>irrita</span> <span class='ocrx_word' id='word_1_233' title='bbox 613 3178 746 3257; x_wconf 79' lang='lat' dir='ltr'>penitus,</span> <span class='ocrx_word' id='word_1_234' title='bbox 768 3178 1013 3272; x_wconf 79' lang='lat' dir='ltr'>‹prarnlllclctius</span> <span class='ocrx_word' id='word_1_235' title='bbox 1026 3178 1277 3258; x_wconf 81' lang='lat' dir='ltr'>praesumpsisset</span> <span class='ocrx_word' id='word_1_236' title='bbox 1292 3197 1370 3235; x_wconf 89' lang='lat' dir='ltr'>con.</span> 
     </span>
    </p>
   </div>
   <div class='ocr_carea' id='block_1_13' title="bbox 276 3258 1370 3571">
    <p class='ocr_par' dir='ltr' id='par_1_13' title="bbox 276 3258 1370 3571">
     <span class='ocr_line' id='line_1_33' title="bbox 277 3258 1369 3342; baseline -0.001 -21"><span class='ocrx_word' id='word_1_237' title='bbox 277 3268 328 3321; x_wconf 89' lang='lat' dir='ltr'>tra</span> <span class='ocrx_word' id='word_1_238' title='bbox 350 3282 478 3342; x_wconf 77' lang='lat' dir='ltr'>magnac</span> <span class='ocrx_word' id='word_1_239' title='bbox 502 3258 705 3321; x_wconf 80' lang='lat' dir='ltr'>Alexandriae</span> <span class='ocrx_word' id='word_1_240' title='bbox 733 3260 873 3340; x_wconf 81' lang='lat' dir='ltr'>episcopi</span> <span class='ocrx_word' id='word_1_241' title='bbox 906 3261 992 3324; x_wconf 85' lang='lat' dir='ltr'>iura:</span> <span class='ocrx_word' id='word_1_242' title='bbox 1026 3282 1087 3341; x_wconf 87' lang='lat' dir='ltr'>qna</span> <span class='ocrx_word' id='word_1_243' title='bbox 1110 3258 1148 3319; x_wconf 91' lang='lat' dir='ltr'>dc</span> <span class='ocrx_word' id='word_1_244' title='bbox 1169 3280 1203 3319; x_wconf 89' lang='lat' dir='ltr'>re</span> <span class='ocrx_word' id='word_1_245' title='bbox 1224 3258 1369 3340; x_wconf 83' lang='lat' dir='ltr'>prodibit</span> 
     </span>
     <span class='ocr_line' id='line_1_34' title="bbox 276 3341 1369 3424; baseline 0 -23"><span class='ocrx_word' id='word_1_246' title='bbox 276 3345 462 3424; x_wconf 83' lang='lat' dir='ltr'>propediem</span> <span class='ocrx_word' id='word_1_247' title='bbox 482 3343 675 3404; x_wconf 77' lang='lat' dir='ltr'>illustrissimi</span> <span class='ocrx_word' id='word_1_248' title='bbox 695 3342 783 3403; x_wconf 86' lang='lat' dir='ltr'>Petri</span> <span class='ocrx_word' id='word_1_249' title='bbox 807 3342 844 3403; x_wconf 92' lang='lat' dir='ltr'>de</span> <span class='ocrx_word' id='word_1_250' title='bbox 861 3341 1163 3404; x_wconf 82' lang='lat' dir='ltr'>lllnrclraTlrolosani</span> <span class='ocrx_word' id='word_1_251' title='bbox 1187 3342 1369 3423; x_wconf 86' lang='lat' dir='ltr'>archiepisc.</span> 
     </span>
     <span class='ocr_line' id='line_1_35' title="bbox 276 3425 1370 3509; baseline 0.004 -26"><span class='ocrx_word' id='word_1_252' title='bbox 276 3426 480 3507; x_wconf 83' lang='lat' dir='ltr'>disceptatio,</span> <span class='ocrx_word' id='word_1_253' title='bbox 504 3448 598 3509; x_wconf 86' lang='lat' dir='ltr'>qnam</span> <span class='ocrx_word' id='word_1_254' title='bbox 628 3425 747 3499; x_wconf 83' lang='lat' dir='ltr'>brevis,</span> <span class='ocrx_word' id='word_1_255' title='bbox 771 3435 834 3488; x_wconf 85' lang='lat' dir='ltr'>tam</span> <span class='ocrx_word' id='word_1_256' title='bbox 857 3428 1000 3504; x_wconf 84' lang='lat' dir='ltr'>erudito,</span> <span class='ocrx_word' id='word_1_257' title='bbox 1021 3426 1059 3487; x_wconf 91' lang='lat' dir='ltr'>P.</span> <span class='ocrx_word' id='word_1_258' title='bbox 1080 3425 1198 3487; x_wconf 88' lang='lat' dir='ltr'>lllorini</span> <span class='ocrx_word' id='word_1_259' title='bbox 1219 3426 1303 3487; x_wconf 89' lang='lat' dir='ltr'>libro</span> <span class='ocrx_word' id='word_1_260' title='bbox 1329 3425 1370 3487; x_wconf 83' lang='lat' dir='ltr'>de</span> 
     </span>
     <span class='ocr_line' id='line_1_36' title="bbox 276 3508 785 3571; baseline -0.004 -2"><span class='ocrx_word' id='word_1_261' title='bbox 276 3510 369 3571; x_wconf 89' lang='lat' dir='ltr'>sacris</span> <span class='ocrx_word' id='word_1_262' title='bbox 390 3508 639 3571; x_wconf 85' lang='lat' dir='ltr'>ordinationihus</span> <span class='ocrx_word' id='word_1_263' title='bbox 660 3510 785 3570; x_wconf 87' lang='lat' dir='ltr'>inserta.</span> 
     </span>
    </p>
   </div>
   <div class='ocr_carea' id='block_1_14' title="bbox 275 3611 1371 3869">
    <p class='ocr_par' dir='ltr' id='par_1_14' title="bbox 275 3611 1371 3869">
     <span class='ocr_line' id='line_1_37' title="bbox 359 3611 1371 3700; baseline -0.002 -21"><span class='ocrx_word' id='word_1_264' title='bbox 359 3616 410 3697; x_wconf 87' lang='grc'>33,</span> <span class='ocrx_word' id='word_1_265' title='bbox 429 3617 459 3682; x_wconf 82' lang='grc'>5.</span> <span class='ocrx_word' id='word_1_266' title='bbox 500 3611 564 3677; x_wconf 78' lang='lat' dir='ltr'>dni</span> <span class='ocrx_word' id='word_1_267' title='bbox 585 3615 710 3700; x_wconf 75' lang='lat' dir='ltr'>capsis]</span> <span class='ocrx_word' id='word_1_268' title='bbox 731 3616 853 3678; x_wconf 87' lang='lat' dir='ltr'>emend.</span> <span class='ocrx_word' id='word_1_269' title='bbox 871 3616 963 3685; x_wconf 87' lang='lat' dir='ltr'>Barb.</span> <span class='ocrx_word' id='word_1_270' title='bbox 985 3611 1186 3699; x_wconf 83' lang='grc' dir='ltr'><strong><em>φιλοσόφων·</em></strong></span> <span class='ocrx_word' id='word_1_271' title='bbox 1230 3614 1313 3677; x_wconf 85' lang='lat' dir='ltr'>unde</span> <span class='ocrx_word' id='word_1_272' title='bbox 1337 3624 1371 3677; x_wconf 91' lang='lat' dir='ltr'>et</span> 
     </span>
     <span class='ocr_line' id='line_1_38' title="bbox 275 3694 1370 3798; baseline 0.002 -37"><span class='ocrx_word' id='word_1_273' title='bbox 275 3703 438 3798; x_wconf 78' lang='lat' dir='ltr'>seqnitur,</span> <span class='ocrx_word' id='word_1_274' title='bbox 467 3699 523 3763; x_wconf 79' lang='grc' dir='ltr'><strong><em>ἕνα</em></strong></span> <span class='ocrx_word' id='word_1_275' title='bbox 542 3700 606 3762; x_wconf 75' lang='grc' dir='ltr'><strong><em>ταῖν</em></strong></span> <span class='ocrx_word' id='word_1_276' title='bbox 630 3694 815 3783; x_wconf 64' lang='grc' dir='ltr'><strong><em>φιλοσόφων</em></strong></span> <span class='ocrx_word' id='word_1_277' title='bbox 843 3700 1068 3795; x_wconf 77' lang='grc' dir='ltr'><strong><em>παραπέμψαι.</em></strong></span> <span class='ocrx_word' id='word_1_278' title='bbox 1111 3700 1209 3761; x_wconf 86' lang='lat' dir='ltr'>visum</span> <span class='ocrx_word' id='word_1_279' title='bbox 1232 3720 1370 3763; x_wconf 84' lang='lat' dir='ltr'>nonme</span> 
     </span>
     <span class='ocr_line' id='line_1_39' title="bbox 275 3782 1232 3869; baseline -0.001 -23"><span class='ocrx_word' id='word_1_280' title='bbox 275 3783 478 3869; x_wconf 77' lang='lat' dir='ltr'>philosophis,</span> <span class='ocrx_word' id='word_1_281' title='bbox 497 3806 569 3844; x_wconf 89' lang='lat' dir='ltr'>cum</span> <span class='ocrx_word' id='word_1_282' title='bbox 590 3805 654 3869; x_wconf 88' lang='lat' dir='ltr'>qno</span> <span class='ocrx_word' id='word_1_283' title='bbox 677 3782 849 3845; x_wconf 75' lang='lat' dir='ltr'>Alexander</span> <span class='ocrx_word' id='word_1_284' title='bbox 873 3782 1057 3865; x_wconf 78' lang='lat' dir='ltr'>disputaret,</span> <span class='ocrx_word' id='word_1_285' title='bbox 1080 3784 1232 3845; x_wconf 81' lang='lat' dir='ltr'>emittere.</span> 
     </span>
    </p>
   </div>
   <div class='ocr_carea' id='block_1_15' title="bbox 274 3896 1368 4241">
    <p class='ocr_par' dir='ltr' id='par_1_15' title="bbox 274 3896 1368 4241">
     <span class='ocr_line' id='line_1_40' title="bbox 358 3896 1367 3987; baseline -0.001 -16"><span class='ocrx_word' id='word_1_286' title='bbox 358 3908 411 3987; x_wconf 77' lang='lat'>34,</span> <span class='ocrx_word' id='word_1_287' title='bbox 434 3908 464 3971; x_wconf 80' lang='lat'>9.</span> <span class='ocrx_word' id='word_1_288' title='bbox 505 3908 539 3982; x_wconf 75' lang='grc' dir='ltr'>ἔξ</span> <span class='ocrx_word' id='word_1_289' title='bbox 561 3896 779 3968; x_wconf 68' lang='lat' dir='ltr'>inaratam</span> <span class='ocrx_word' id='word_1_290' title='bbox 799 3900 881 3968; x_wconf 76' lang='grc' dir='ltr'><strong><em>κατὰ</em></strong></span> <span class='ocrx_word' id='word_1_291' title='bbox 901 3908 988 3987; x_wconf 75' lang='grc' dir='ltr'><strong><em>γένος</em></strong></span> <span class='ocrx_word' id='word_1_292' title='bbox 1007 3902 1239 3985; x_wconf 72' lang='grc' dir='ltr'><strong><em>ἐπιλεξάμενος]</em></strong></span> <span class='ocrx_word' id='word_1_293' title='bbox 1260 3912 1367 3970; x_wconf 76' lang='lat' dir='ltr'>duest.</span> 
     </span>
     <span class='ocr_line' id='line_1_41' title="bbox 274 3989 1294 4074; baseline -0.003 -20"><span class='ocrx_word' id='word_1_294' title='bbox 274 3991 434 4054; x_wconf 83' lang='lat' dir='ltr'>secundum</span> <span class='ocrx_word' id='word_1_295' title='bbox 455 4013 566 4074; x_wconf 80' lang='lat' dir='ltr'>genus:</span> <span class='ocrx_word' id='word_1_296' title='bbox 587 3989 718 4073; x_wconf 88' lang='lat' dir='ltr'>perinde</span> <span class='ocrx_word' id='word_1_297' title='bbox 739 3991 916 4053; x_wconf 84' lang='lat' dir='ltr'>obscurum.</span> <span class='ocrx_word' id='word_1_298' title='bbox 927 3992 961 4055; x_wconf 89' lang='lat' dir='ltr'>P.</span> <span class='ocrx_word' id='word_1_299' title='bbox 976 3994 1063 4053; x_wconf 85' lang='lat' dir='ltr'>Goar</span> <span class='ocrx_word' id='word_1_300' title='bbox 1074 4014 1135 4053; x_wconf 92' lang='lat' dir='ltr'>non</span> <span class='ocrx_word' id='word_1_301' title='bbox 1150 3991 1261 4053; x_wconf 82' lang='lat' dir='ltr'>reddit.</span> <span class='ocrx_word' id='word_1_302' title='bbox 1287 3993 1294 4007; x_wconf 82' lang='grc'><strong><em>’</em></strong></span> 
     </span>
     <span class='ocr_line' id='line_1_42' title="bbox 276 4070 1367 4173; baseline -0.002 -37"><span class='ocrx_word' id='word_1_303' title='bbox 276 4078 317 4136; x_wconf 87' lang='lat' dir='ltr'>sit</span> <span class='ocrx_word' id='word_1_304' title='bbox 338 4073 418 4136; x_wconf 76' lang='grc' dir='ltr'><strong><em>κατὰ</em></strong></span> <span class='ocrx_word' id='word_1_305' title='bbox 438 4078 548 4154; x_wconf 75' lang='grc' dir='ltr'><strong><em>γένος,</em></strong></span> <span class='ocrx_word' id='word_1_306' title='bbox 573 4070 609 4135; x_wconf 79' lang='lat' dir='ltr'>ri</span> <span class='ocrx_word' id='word_1_307' title='bbox 637 4072 765 4151; x_wconf 77' lang='grc' dir='ltr'><strong><em>γενικῶς</em></strong></span> <span class='ocrx_word' id='word_1_308' title='bbox 795 4096 830 4139; x_wconf 86' lang='lat' dir='ltr'>er</span> <span class='ocrx_word' id='word_1_309' title='bbox 852 4074 916 4134; x_wconf 85' lang='lat' dir='ltr'>aliis</span> <span class='ocrx_word' id='word_1_310' title='bbox 945 4096 1073 4173; x_wconf 71' lang='lat' dir='ltr'>qnoque</span> <span class='ocrx_word' id='word_1_311' title='bbox 1093 4075 1171 4143; x_wconf 80' lang='lat' dir='ltr'>locis</span> <span class='ocrx_word' id='word_1_312' title='bbox 1197 4075 1291 4137; x_wconf 59' lang='lat' dir='ltr'>linive</span> <span class='ocrx_word' id='word_1_313' title='bbox 1326 4076 1367 4135; x_wconf 89' lang='lat' dir='ltr'>im</span> 
     </span>
     <span class='ocr_line' id='line_1_43' title="bbox 277 4156 1368 4241; baseline -0.001 -22"><span class='ocrx_word' id='word_1_314' title='bbox 277 4158 430 4241; x_wconf 78' lang='lat' dir='ltr'>deligens:</span> <span class='ocrx_word' id='word_1_315' title='bbox 455 4166 490 4218; x_wconf 91' lang='lat' dir='ltr'>nt</span> <span class='ocrx_word' id='word_1_316' title='bbox 512 4180 575 4221; x_wconf 88' lang='lat' dir='ltr'>non</span> <span class='ocrx_word' id='word_1_317' title='bbox 592 4156 693 4219; x_wconf 85' lang='lat' dir='ltr'>solnm</span> <span class='ocrx_word' id='word_1_318' title='bbox 705 4159 804 4220; x_wconf 81' lang='lat' dir='ltr'>Roma</span> <span class='ocrx_word' id='word_1_319' title='bbox 821 4158 998 4222; x_wconf 83' lang='lat' dir='ltr'>accersierit</span> <span class='ocrx_word' id='word_1_320' title='bbox 1019 4158 1144 4237; x_wconf 71' lang='lat' dir='ltr'>incolas,</span> <span class='ocrx_word' id='word_1_321' title='bbox 1165 4158 1218 4223; x_wconf 88' lang='lat' dir='ltr'>sed</span> <span class='ocrx_word' id='word_1_322' title='bbox 1239 4178 1274 4220; x_wconf 83' lang='lat' dir='ltr'>er</span> <span class='ocrx_word' id='word_1_323' title='bbox 1297 4158 1368 4219; x_wconf 90' lang='lat' dir='ltr'>nni·</span> 
     </span>
    </p>
   </div>
   <div class='ocr_carea' id='block_1_16' title="bbox 0 0 1532 4900">
    <p class='ocr_par' dir='ltr' id='par_1_16' title="bbox 0 0 1532 4900">
     <span class='ocr_line' id='line_1_44' title="bbox 0 0 1532 4900; baseline 0 0"><span class='ocrx_word' id='word_1_324' title='bbox 0 0 1532 4900; x_wconf 95' lang='lat' dir='ltr'> </span> 
     </span>
    </p>
   </div>
  </div>
 </body>
</html>
