3050 4900
289 366 362 437 528
647 374 689 437 lll
716 372 994 437 munsuinthi

287 538 492 625 lliceplsorns.
522 536 557 601 da
587 528 670 625 ᾧὸὲ
691 531 777 602 οὕτω
807 540 909 603 ταῦτα
929 536 1108 619 ἐπράττετο.
1139 538 1178 603 de
1198 537 1377 603 huiusmodi

290 626 407 709 nuptiis
427 622 498 687 vide
521 624 714 687 observanda
736 624 768 685 in
792 622 873 685 notis
891 623 931 685 ad
957 646 1025 706 pag.
1046 621 1119 685 384.

371 722 443 801 631,
472 722 521 788 17.
561 717 696 785 τάλαντα
720 720 796 801 τρία
826 713 938 801 ἥμισυ]
970 722 1062 783 lectio
1089 721 1157 782 Pal.
1188 730 1222 785 et
1249 720 1379 807 Peyra-

290 806 373 869 intcr
399 806 497 868 varias
527 804 621 869 habet
650 806 703 885 νζ,
728 806 902 868 Anastasius
934 807 1028 869 babet
1060 806 1176 867 taleme
1195 806 1260 867 tria
1279 820 1308 867 et
1325 807 1379 867 di·

219 888 225 913 *
289 890 424 951 mulium.

373 970 444 1050 639,
465 967 495 1032 6.
538 966 705 1047 Θεόδωρος
725 964 743 1029 ὅ
769 969 828 1031 τοῦ
848 967 1026 1051 Mascodp]
1050 970 1262 1049 hallucinatur
1277 970 1380 1033 Barc-

292 1054 360 1117 nins
384 1054 423 1116 ad
445 1075 559 1116 annum
580 1046 682 1113 (1.734
707 1057 823 1121 oum.1
845 1054 999 1116 scribens:
1015 1052 1117 1137 fuisse
1136 1054 1260 1117 cadon
1285 1056 1381 1116 Ἠκο-

291 1136 399 1199 donam
426 1139 600 1221 episcopum
628 1136 840 1218 Grapsorum,
870 1150 1022 1199 caenosam
1047 1151 1241 1217 cognomento
1256 1136 1383 1199 diesem

294 1225 321 1288 1.
344 1218 429 1305 quod
445 1220 650 1281 Theodorum
673 1218 756 1279 harno
777 1222 904 1280 Mansur
922 1242 995 1281 cum
1007 1219 1178 1282 Theodoro
1199 1220 1381 1281 alioTlsec-

292 1305 402 1386 phanis
430 1304 528 1365 fratre
554 1301 743 1363 conlaudata
774 1301 803 1363 9„
835 1302 921 1397 quod
952 1300 1156 1365 Theodorum
1181 1306 1380 1384 Grapsorusn

293 1390 470 1471 episcopum
493 1388 695 1467 (Graptorum
717 1404 789 1445 cum
812 1383 877 1445 altis
907 1389 990 1448 vocis
1009 1386 1145 1449 eiusdem
1168 1386 1281 1469 ignaris
1301 1406 1381 1447 cor.

294 1472 409 1533 rectius
430 1468 609 1550 scripsisset)
631 1474 730 1550 putet,
752 1469 807 1551 qni
826 1466 967 1547 γραπτὰς
986 1492 1004 1530 a
1024 1472 1134 1532 litteris
1154 1470 1252 1531 fronti
1272 1469 1381 1531 inustis

295 1554 451 1616 dicendus.
496 1549 654 1633 Masnndp
677 1559 781 1613 autem
793 1551 1098 1615 diciturTbeodorus
1118 1552 1180 1635 hic,
1199 1554 1285 1635 qnod
1306 1574 1382 1613 cum

293 1640 409 1699 lnanue
421 1638 627 1713 Damascene,
650 1634 735 1695 cuius
758 1656 831 1695 aviis
844 1637 970 1695 Mansur
987 1637 1086 1699 dictus
1105 1646 1160 1713 cst,
1183 1656 1382 1698 communem

294 1720 448 1801 sanguinis
479 1720 609 1815 stirpem
640 1725 746 1777 nactus
778 1718 890 1779 fuerit:
919 1720 967 1780 sel
997 1721 1083 1805 quod
1114 1720 1277 1781 nobilitate
1296 1718 1381 1781 inter

294 1804 429 1887 gentiles¹
444 1819 626 1883 praecipuas
638 1800 790 1862 Mansuris
817 1801 1056 1883 appellationem
1074 1804 1223 1881 (nobilem
1244 1802 1326 1864 enim
1347 1812 1383 1865 et

295 1885 471 1971 principem
490 1881 633 1945 familiari
654 1882 812 1966 colloquio
829 1886 1004 1965 exponebat
1027 1887 1181 1950 Abraham
1201 1885 1381 1948 Ecchellen-

295 1970 346 2047 sis)
368 1968 557 2051 promeritus
578 1966 626 2027 sit.
651 1966 722 2029 vide
740 1986 818 2111 pap,
838 1964 909 2029 350.
935 1970 1106 2033 verborum
1124 1991 1229 2067 porro
1249 1970 1383 2031 istorum

294 2052 452 2132 ἐξωρίσθη
475 2045 637 2126 Θεόδωρος
659 2044 676 2109 n‘
698 2070 754 2109 sav
817 2046 944 2129 σνσσὺρ,
966 2063 1028 2113 etc.
1052 2054 1187 2115 versioni
1208 2052 1381 2115 Anastasius

294 2146 327 2197 et
347 2134 479 2195 miscella
501 2132 717 2213 praemittunt.
757 2154 837 2193 asmo
856 2134 975 2197 decimo
999 2150 1108 2200 octavo
1127 2137 1248 2221 imperii
1269 2136 1382 2197 [ποπίτ

294 2218 471 2279 Zacharias
491 2216 643 2277 Romanus
659 2216 784 2300 pmesnl
803 2216 939 2279 landetur.

363 2324 459 2387 utid.
483 2328 531 2389 11.
570 2318 667 2408 τούτῳ
694 2321 740 2406 τῷ
764 2317 829 2383 ἔτει
857 2318 1116 2409 ἐπεστράτευσεν]
1138 2348 1254 2387 annom
1276 2324 1385 2387 vicesi.

294 2428 389 2490 mum,
405 2428 441 2468 oc
464 2428 510 2470 res
532 2404 563 2468 in
585 2426 624 2468 eo
644 2416 741 2490 gestas
767 2405 870 2468 omisit
889 2409 1071 2470 Anastasius.

377 2507 460 2571 ldid.
483 2501 530 2569 14.
567 2501 678 2585 Ἷσάμ]
697 2507 871 2570 Anastasius
888 2507 998 2575 Hison.
1019 2509 1151 2571 miscella
1171 2507 1306 2573 Euclide
1330 2529 1385 2569 ea·

296 2591 367 2656 dem
388 2591 593 2653 Soleimanem
614 2591 769 2652 Zulcs'min
790 2590 909 2672 ubique
928 2588 1012 2672 legit.

378 2687 463 2753 lbtd.
476 2687 522 2750 19.
564 2681 742 2771 σκήπτρων]
763 2689 912 2770 pinnulae
932 2689 1079 2768 vexillari,
1103 2691 1194 2773 vulgo
1214 2689 1384 2767 bandemle,

296 2781 329 2836 et
344 2773 448 2834 clavae
467 2793 503 2834 ex
526 2792 603 2832 auro
621 2771 670 2834 vel
690 2784 820 2854 argento
835 2773 1027 2855 principibus
1038 2773 1070 2833 in
1084 2775 1243 2856 potestatis
1261 2775 1386 2856 signum

295 2857 451 2940 praeferri
472 2863 637 2916 consuetae
658 2855 884 2938 significandae,
905 2854 1073 2918 dictionem
1082 2853 1247 2938 σκήπτρων
1271 2877 1385 2918 recon-

295 2939 431 3001 tioribus
460 2939 586 3000 Graecis
615 2937 739 2999 dubiam
761 2959 825 3000 esse
851 2939 883 3000 in
915 2937 1060 3000 editionis
1095 2941 1207 3025 Regiae
1228 2939 1384 3001 Codinum
1411 2990 1416 3007 .

297 3043 367 3105 cap.
387 3022 408 3084 6
429 3030 503 3083 nota
525 3019 565 3082 39
588 3019 753 3088 declaravi.
795 3023 901 3084 arrisit
930 3033 1028 3099 tunc,
1049 3044 1129 3106 qnae
1149 3023 1276 3086 omnino
1300 3045 1384 3086 oisnc

296 3107 409 3190 placet,
430 3115 462 3168 et
480 3104 596 3164 clavam
624 3103 841 3187 honorariam,
864 3125 962 3166 masse
989 3103 1167 3187 d'hosmear,
1185 3128 1222 3170 ex
1241 3109 1384 3170 anctori-

295 3189 412 3252 tatibus
434 3187 573 3250 adductis
594 3190 745 3252 sententia
766 3189 1004 3271 interpretatur.

379 3293 453 3375 633,
467 3296 495 3360 1.
535 3287 636 3380 τούτῳ
659 3294 704 3380 τῷ
724 3289 787 3358 ἔτει
806 3292 1036 3376 ἐπεστράτευσε
1045 3289 1221 3372 Σσυλτϊμὰτ
1240 3289 1296 3376 τὴν
1306 3291 1387 3358 Ῥω-

295 3380 423 3459 μανίαν]
441 3379 607 3462 praesentis
623 3381 706 3460 anni,
728 3379 781 3463 qui
797 3380 907 3442 Leonis
928 3377 1127 3440 secundusne
1147 3379 1308 3440 vicesimus
1327 3392 1384 3459 est,

297 3463 458 3523 historiam
479 3473 510 3522 et
543 3463 728 3523 laterculum
748 3485 895 3546 sequens,
917 3483 981 3545 quo
1010 3463 1121 3521 Leonis
1143 3461 1202 3544 93,
1226 3465 1301 3524 lsom
1323 3461 1384 3543 17,
1441 3483 1450 3492 ·

297 3545 464 3607 Zachariae
484 3543 504 3608 6
532 3553 563 3605 et
583 3546 731 3606 Anastasii
753 3547 815 3606 cP.
840 3545 975 3644 episcopi
998 3543 1133 3605 decimus
1149 3545 1300 3626 signatur,
1318 3547 1385 3610 Rc.

297 3629 340 3712 gii
363 3628 475 3690 codicis
507 3627 651 3690 librarius
681 3629 859 3691 describere
890 3629 1010 3689 omisit:
1039 3625 1146 3688 eadem
1177 3629 1207 3688 in
1234 3630 1383 3690 Anastasii

297 3711 439 3774 versione
472 3712 597 3794 legenda
620 3733 655 3774 es
677 3713 836 3792 Palatino,
855 3710 1056 3796 Peyrcziano,
1075 3719 1107 3770 et
1123 3711 1297 3773 Barbcrino
1318 3735 1385 3774 ma.

297 3795 462 3878 suscriptis
483 3803 638 3878 excerpta,
655 3817 693 3858 ns
704 3795 855 3858 lectorem
875 3792 1047 3856 offenderet
1065 3793 1184 3877 lacuna,
1207 3795 1267 3856 huc
1279 3806 1385 3859 trans-

298 3879 434 3940 tulimus.
486 3873 619 3940 miscells
650 3878 735 3961 quasi
765 3879 850 3962 regio
881 3877 1073 3942 consentiens
1098 3875 1203 3940 eadem
1223 3878 1385 3940 occultate

298 3982 452 4025 annorum
476 3969 578 4023 lernen
603 3961 850 4044 dispositionem,
873 3983 995 4024 necnon
1021 3981 1069 4021 res
1091 3983 1109 4020 a
1131 3962 1241 4022 Leonis
1261 3961 1385 4023 decimo

299 4065 383 4106 nono
403 4045 443 4108 ad
470 4044 640 4108 secundum
671 4055 702 4106 et
720 4045 896 4108 vicesimum
927 4047 970 4106 ita
992 4042 1136 4106 dissociat
1156 4053 1188 4107 et
1206 4047 1386 4127 perturbat,

299 4135 335 4188 ut
356 4149 427 4188 cnm
450 4129 575 4192 Graecis
599 4125 776 4212 codicibus,
796 4132 845 4195 vel
858 4149 929 4191 com
947 4128 1106 4192 Anastasio
1128 4128 1159 4191 in
1180 4128 1385 4193 concordiam

300 4231 611 4298 revocare-nequeas.
