3050 4900
296 259 371 338 σου
651 269 708 336 ιο
736 268 1014 336 rumentum

296 460 411 530 tiones;
436 479 493 520 neo
514 466 577 518 tam
598 457 681 520 bonu
703 480 765 520 aon
786 459 877 521 bonis
900 458 972 540 xyt.
996 453 1223 520 commutando.
1265 459 1310 518 les
1332 477 1390 520 ar-

297 563 417 620 rerages
437 543 477 600 de
497 542 577 602 huiet
600 563 658 602 ans
675 542 718 604 du
735 541 840 625 passe‘.
883 543 1032 606 Flodoor.
1056 539 1125 604 hist.
1158 539 1268 600 Rham.
1290 542 1341 601 lib.
1364 542 1385 603 7

299 647 327 686 o.
356 623 403 684 10.
445 645 541 706 neque
563 643 695 699 ternum,
716 647 814 710 neque
833 625 1058 686 redhibitionem
1079 623 1150 684 inde
1169 625 1356 708 percipiant.

383 746 456 826 761,
482 747 529 810 16.
572 743 638 809 ete
660 745 736 821 θεὸς
767 745 948 830 οκληριίνων
977 743 1155 827 ἕσκλήρωοε
1176 741 1234 826 τὴν
1259 745 1392 826 καρδίαν

299 851 385 912 μου,
405 825 448 902 οὖς
471 833 529 892 τοῦ
550 831 690 912 Φαραῶ,
721 831 761 892 τί.
804 827 892 908 nupsi
925 828 1134 914 Νικηφόρον,
1164 827 1323 905 Θεοδόσιε,
1343 828 1389 909 μή

301 914 443 990 ε’κίὲχου,
464 909 545 990 πλὴν
566 915 638 975 των.
657 917 731 996 neg.
750 916 844 998 Peyr.
860 915 1022 979 Gelasio.
1044 937 1110 976 cum
1129 915 1200 974 deus
1222 935 1274 974 cor
1291 935 1390 972 murm

301 998 452 1058 obdurans
473 997 680 1068 obduraverit,
703 1001 748 1058 uti
770 999 957 1075 Pharaonis,
979 998 1145 1083 quidboni
1176 997 1248 1056 meis
1267 997 1392 1056 subditis

294 1079 421 1162 suerit?
440 1080 505 1140 noli
529 1073 677 1141 Theodosi
694 1082 758 1141 alia
782 1093 941 1164 expectare
966 1102 988 1140 a
1008 1081 1186 1163 Nicephoro,
1206 1101 1295 1162 quam
1316 1100 1392 1162 qnae

302 1166 409 1223 cernis.
453 1185 547 1247 quam
567 1165 651 1224 bona
672 1163 751 1225 mole
782 1163 939 1245 expressa!
980 1154 1082 1242 οἶδεν,
1105 1158 1204 1234 arisbe
1223 1156 1283 1242 ἐγώ
1305 1157 1390 1243 ζώσῃ

305 1244 398 1329 φωνῇ
425 1241 442 1304 b
468 1243 726 1324 συγγραψάμενος
756 1241 887 1326 α’κὴκοα.
918 1249 992 1328 Rog.
1023 1255 1083 1306 eto.
1113 1247 1208 1323 haee,
1231 1245 1291 1307 deo
1313 1257 1394 1320 teste,

305 1329 370 1414 ipse
387 1349 441 1410 ego
460 1333 515 1412 qui
529 1331 627 1392 scribo
647 1332 723 1391 uiua
741 1351 815 1392 uoce
837 1332 983 1414 accepia
1007 1330 1038 1390 T
1033 1327 1186 1391 heodost'o.

390 1486 463 1566 761,
486 1485 534 1550 13.
577 1479 733 1567 timothaei
750 1484 818 1568 τόν]
841 1487 935 1550 Cedr.

391 1601 464 1684 763,
484 1602 515 1670 5.
556 1598 672 1680 εἴασεν,
692 1603 800 1704 μόνης.

392 1725 476 1788 Ibid.
497 1723 550 1788 90.
593 1738 664 1808 post
692 1727 824 1810 οἰκτραῖς
851 1727 952 1808 suppl.
979 1749 1018 1789 ox
1041 1726 1131 1788 Cedr.
1166 1721 1222 1788 καί
1242 1720 1317 1797 τούς
1335 1723 1398 1786 στὶν

312 1800 581 1907 ου’τῷιῗρχονταςι
599 1809 634 1870 ἐν
653 1800 699 1880 οίς
713 1801 753 1890 ἦν
771 1811 825 1870 κατ’
843 1807 962 1882 Ἀέτιος
984 1802 1011 1869 6.
1031 1811 1200 1872 miserabili
1212 1811 1304 1870 caede
1324 1831 1398 1884 euru,

311 1907 341 1952 et
359 1913 411 1975 qiu
429 1907 515 1952 erant
543 1915 609 1952 cuns
642 1896 708 1975 ipso
738 1913 878 1974 proceres
894 1907 1134 1976 prostraverunt.
1176 1892 1214 1955 de
1234 1892 1292 1952 hae
1312 1901 1397 1952 [anta
1511 1927 1512 1930 =

312 1975 524 2035 Romanorum
548 1974 640 2036 coede
655 1978 685 2036 S.
700 1975 896 2037 Theodorus.
917 1972 971 2036 'sir
986 1972 1039 2037 ini
1051 1971 1131 2036 πολὺ
1152 1975 1400 2052 μετεωρισθέντα

312 2056 351 2138 τῇ
374 2055 515 2136 enoria,
536 2055 555 2136 ἡ
578 2053 715 2134 κραταιιὶ
738 2059 809 2136 χείρ
831 2060 889 2118 τοῦ
900 2059 978 2119 θεοῦ
996 2054 1178 2129 εῖςΣκὺθας
1192 2052 1401 2137 ἐκτοπήσασα,

313 2136 414 2199 exstas
434 2140 612 2216 πανοτραιί
632 2132 748 2200 ὄλεσε·
790 2137 927 2222 διήγημα
951 2138 1087 2222 φοβερὰν
1104 2138 1159 2202 καί
1178 2139 1303 2222 λα’λημα
1324 2161 1403 2222 φρι-

314 2217 390 2281 κτόν
410 2227 479 2294 ταῖς
498 2223 664 2298 μετέπειτα
693 2229 815 2302 γενεαῖς
845 2216 1006 2302 κριμιίτων
1031 2223 1207 2306 α’νεφίκτων
1226 2223 1285 2284 τοῦ
1304 2221 1402 2284 edroi

315 2301 501 2385 σοφωτάτης
520 2303 696 2380 οἰκονομίας
724 2307 989 2386 syracusanam.
1040 2329 1107 2368 euni
1137 2308 1286 2368 dementia
1311 2307 1403 2366 ualde

315 2389 441 2463 elatum,
458 2390 663 2473 potentissima
688 2389 741 2451 dei
769 2411 875 2451 manus
895 2391 942 2451 ad
963 2388 1145 2469 Scytharum
1172 2391 1239 2451 loca
1256 2394 1404 2451 externit.

316 2489 414 2548 nans,
444 2494 510 2533 eum
533 2474 616 2533 omni
637 2475 701 2533 illio
721 2476 857 2535 exercitu
876 2474 1004 2534 delevit:
1037 2474 1231 2549 tremendam,
1270 2496 1309 2535 ae
1328 2495 1406 2558 quae

314 2556 468 2616 horrorem
487 2558 612 2616 iniiciat
629 2557 932 2641 imperscrutabilium
954 2558 1039 2615 illius
1071 2558 1308 2640 sapientissimae
1324 2578 1403 2640 pro-

315 2640 473 2700 videntiae
493 2636 684 2716 iudiciorum,
706 2642 925 2720 narrationem,
941 2640 1070 2724 posteris
1089 2640 1269 2723 relinquens.

398 2781 470 2866 764,
485 2782 516 2849 4.
561 2786 764 2870 Τριφύλλιος.

396 2910 478 2977 Ibid.
503 2910 555 2974 14.
597 2910 710 2983 παντὸς
726 2904 862 2991 ιθρήνου.

397 3034 470 3118 766,
491 3034 524 3097 3.
565 3034 629 3099 τῶν
648 3034 898 3121 περισωθέντων]
925 3034 999 3117 Reg.
1021 3042 1080 3096 eto.
1109 3026 1245 3093 πεσόντα
1265 3029 1405 3113 ἒκὲτρω-

315 3143 389 3185 σσν.
431 3123 525 3182 ο1ἰοσι
547 3122 649 3181 Αοοι1.
676 3120 826 3203 lapidibus
852 3120 1019 3179 obruerunt.
1070 3125 1102 3177 ut
1123 3117 1226 3177 malim
1252 3140 1267 3175 α
1290 3112 1405 3193 risoni-

232 3248 236 3259 ι
315 3228 397 3269 oro:
419 3206 573 3267 radentem
594 3206 838 3264 urrlneraverunt:
861 3202 933 3275 sive,
960 3222 1031 3262 cum
1045 3199 1203 3262 cecidisset
1222 3202 1332 3261 vulnus
1354 3200 1406 3259 in-

315 3288 480 3362 flixeruut;
501 3290 564 3349 sive
584 3287 614 3348 id
636 3310 725 3362 cusu,
749 3286 813 3346 sive
835 3284 874 3345 de
900 3284 1063 3346 industria.
1108 3294 1271 3367 petrarum
1293 3304 1405 3343 cumu-

316 3371 363 3435 lus
385 3372 575 3433 incredibilis
598 3372 680 3433 inter
701 3392 749 3432 eos
772 3367 932 3451 angustias,
954 3389 1018 3451 quo
1041 3390 1059 3429 υ
1079 3370 1139 3431 suis
1161 3370 1292 3430 obrutus
1314 3366 1365 3428 sit.

397 3496 479 3562 Ibid.
504 3495 551 3558 14.
593 3494 732 3574 καιρίως.
761 3488 841 3555 κατὰ
875 3494 932 3554 τοῦ
954 3493 1038 3555 ἰδίου
1075 3487 1203 3576 πατρός]
1223 3490 1410 3555 declamauit

315 3580 454 3644 adsersus
471 3594 589 3664 patrem
610 3602 709 3641 suam.
765 3578 809 3638 sio
829 3586 861 3638 et
875 3580 982 3640 Anasi.
1002 3599 1115 3661 nempe
1140 3585 1238 3641 totam
1260 3584 1408 3659 acceptae

316 3666 411 3730 cladis
433 3664 464 3725 in
487 3686 558 3726 eum
589 3664 752 3725 conserens
776 3658 933 3724 iuvidiam.

396 3786 470 3865 766,
491 3792 523 3856 8.
563 3788 796 3869 προσκεᾴιινος.

397 3901 482 3969 Ibid.
511 3902 563 3967 16:
605 3898 648 3974 ὥς
668 3895 940 3979 ἐπιβουλεύσασιν
959 3898 1058 3987 arith,
1079 3904 1149 3972 ταίς
1162 3891 1316 3981 θεοφανώ
1331 3893 1406 3960 At-
1511 3908 1512 3911 ’

315 3982 450 4069 γοιίοτρς
469 3987 664 4067 ἐπιβουλαῖς]
699 3986 773 4069 tegit
801 3988 903 4047 sitast.
936 3983 1021 4069 quod
1054 3996 1087 4048 et
1116 3985 1218 4069 ipsum
1247 3980 1402 4064 congruit,

316 4068 508 4145 ὖαοβολαΐςι
530 4072 636 4133 oderat
658 4090 791 4130 sororem
816 4070 1000 4153 Procopium
1026 4070 1113 4129 velut
1132 4090 1213 4151 quae
1231 4070 1260 4127 ei
1279 4065 1403 4126 insidias

315 4155 420 4218 molita
440 4168 523 4234 esset,
554 4156 776 4239 Theophanone
799 4154 934 4237 Auguuo
961 4152 1012 4219 illi
1034 4152 1217 4231 insidiante3
1239 4148 1297 4229 rol,
1316 4148 1353 4211 id
1370 4148 1401 4208 ei
