3050 4900
603 393 754 462 netas.
1133 389 1204 463 399

141 572 289 638 criminat
304 570 518 654 Stepbtnnm,
537 569 686 656 insanoque
715 593 797 636 anno
826 569 893 634 solo
914 571 1073 636 eeclesiam
1095 573 1229 638 admini-

136 667 309 806 pgppttplp,
341 661 374 717 et
392 666 566 740 martyrem
587 658 728 735 extitisse,
749 666 783 719 at
803 656 1025 720 calendionem
1048 659 1231 742 praececisse

222 843 292 924 199,
312 846 343 908 8.
386 842 602 932 Kouesseus]
624 847 756 909 larvatos
777 845 989 910 tintinnabulis
1009 841 1135 911 adduae
1161 871 1230 933 spe-

135 939 273 1076 Etppppps
296 929 451 994 adnisum
471 943 649 1013 moventes,
680 927 886 1006 κωδωνάτοος
907 941 1022 995 vocant
1043 935 1230 998 recentiores

219 1121 303 1184 stite
315 1119 344 1182 9.
385 1115 624 1206 πρωτόθροοοτ]
645 1120 766 1205 primus
785 1130 859 1206 post
881 1121 1091 1206 patriarcham
1109 1133 1231 1187 metro.

137 1207 241 1290 polita·
259 1215 305 1268 est
325 1201 559 1286 πρωτόθρονος.
961 1235 963 1246 ·

229 1315 314 1458 {ipit
347 1315 395 1376 19.
437 1305 665 1396 ἐχειροτονήθη
696 1308 715 1375 ὅ
742 1302 914 1402 Ἰωάννης]
950 1311 1102 1398 Euagrius
1136 1311 1231 1378 tine

141 1419 210 1482 cap.
276 1440 285 1459 .

225 1495 306 1558 [bid.
329 1495 378 1556 15.
421 1488 437 1557 ὅ
460 1492 494 1555 dl
516 1493 678 1572 πατρίκιος
690 1482 803 1572 ’mod
827 1493 981 1556 Candidus
1002 1495 1171 1557 Pholianus
1192 1493 1231 1558 ad

141 1581 258 1642 codicis
281 1578 322 1642 79
350 1578 482 1654 calcem,
508 1579 659 1662 Euagrius
681 1577 735 1638 lib.
754 1575 776 1639 3
797 1597 862 1660 cap.
885 1576 945 1657 97,
977 1577 1165 1643 Theodorus
1184 1581 1232 1642 le-

138 1676 212 1728 ctor
231 1663 330 1740 111).9,
351 1660 518 1724 lornaudes
534 1663 573 1725 de
587 1683 675 1744 regn.
692 1681 729 1722 ac
750 1669 886 1745 tempor.
907 1662 1107 1724 successione.

224 1768 348 1850 99116.
401 1764 643 1868 ascalonense
677 1769 748 1866 τῶν.
769 1767 910 1854 neruda]
940 1777 1003 1832 tres
1030 1769 1170 1850 codices,
1193 1769 1232 1834 de

138 1855 390 2016 prprposrvariae
423 1853 571 1918 lectiones
612 1859 655 1914 sla
688 1853 849 1962 scnbnnts
889 1854 1061 1918 cormesius
1094 1857 1232 1917 καταλα..

217 2037 298 2102 ibid.
324 2043 372 2104 11.
400 2033 684 2118 Τροοκαλισσαῖον]
706 2033 950 2098 Tarasieodisam
972 2046 1064 2100 vocat
1086 2035 1230 2100 laudatus

139 2118 295 2182 Candidas
320 2121 403 2205 apud
418 2119 578 2182 Photium:
601 2120 793 2182 Ariemesum
812 2120 966 2206 Euagrius
988 2119 1077 2184 111).9
1098 2142 1168 2206 cap.
1184 2119 1232 2200 19,

140 2203 346 2267 Codiosaenm
368 2203 541 2266 chronicon
562 2201 706 2264 Alexand.

223 2309 291 2390 991,
315 2311 345 2374 6.
389 2310 533 2394 εἰσῆλθον
553 2305 571 2370 d
589 2306 757 2394 Λεόντιος]
788 2309 940 2394 Euagrius
967 2311 1021 2375 lib.
1043 2310 1063 2374 3
1084 2333 1156 2394 cap.
1179 2310 1229 2390 97,

144 2393 331 2458 Theodorus
353 2393 454 2458 lector
476 2394 571 2461 111).9.
608 2435 612 2447 ·
1253 2400 1262 2416 '

222 2504 302 2565 Ibid.
325 2502 357 2567 7.
398 2494 749 2589 μηνί’1ουντό)]Βοτ1).
778 2502 866 2564 addit
897 2498 946 2581 ιζ’,
966 2501 1032 2567 Pal.
1054 2524 1126 2565 cnm
1145 2502 1230 2588 Pey-

142 2610 205 2650 τοι.
224 2582 278 2663 κζ.

221 2694 304 2756 [bril.
326 2692 377 2755 13.
419 2686 508 2775 γόητι
537 2684 693 2779 λέγομέτφ
708 2681 802 2775 eluar]
825 2712 919 2775 quarn
939 2691 1076 2756 studiose
1094 2646 1231 2775 prdesti.

138 2777 194 2859 giis
215 2798 248 2839 se
277 2776 452 2854 addixerit,
482 2788 516 2841 et
545 2776 729 2860 prohibitas,
751 2776 927 2839 exercuerit
955 2786 1054 2855 artes,
1083 2776 1231 2839 fusissime

139 2862 268 2945 exponit
291 2861 401 2924 Suidas
421 2884 449 2921 v.
471 2857 681 2940 πομπρέπιος.

222 2968 292 3046 tot,
315 2969 343 3031 1.
383 2969 440 3030 rori
461 2967 591 3048 Hesperi
609 2966 667 3027 rori
687 2966 824 3047 Moyses·
845 2962 875 3029 ni
894 2928 1114 3043 unondeurut']
1134 2966 1229 3030 loan.

140 3053 187 3113 nis
207 3054 400 3127 eiectionem,
422 3054 529 3135 Mongi
552 3052 766 3129 intrusionem,
787 3058 819 3112 et
836 3049 969 3113 Zenonis
991 3050 1168 3114 Heneticon
1182 3046 1230 3114 'sd

139 3138 270 3199 verbum
291 3136 414 3199 exhibet
434 3134 586 3219 Euagrius
604 3134 659 3202 lib.
680 3133 702 3196 3
722 3154 814 3217 capp.
846 3133 883 3195 19
906 3133 944 3197 13
967 3144 999 3196 et
1018 3156 1104 3219 seqq.

220 3242 373 3307 139117.
417 3240 612 3321 Θεοδέριχος
633 3236 652 3303 o‘
675 3235 892 3323 Odeloiuepog]
916 3240 1151 3303 Theodericum
1165 3238 1229 3301 Va-

46 3402 50 3413 Ι
141 3327 265 3389 lameris
296 3328 395 3389 filium
425 3334 586 3408 praesente
617 3346 699 3387 anno
733 3325 866 3386 Zenonis
897 3325 1061 3387 undecimo
1082 3325 1114 3386 in
1140 3322 1229 3387 ltalia

139 3422 322 3495 regnantem
342 3420 497 3473 memorat
517 3409 661 3471 chronio.
689 3408 851 3471 Alexandr.
894 3410 957 3471 eius
978 3408 1009 3469 in
1034 3407 1151 3470 ltaliam
1173 3427 1229 3469 er.

138 3494 330 3578 peditionem
350 3495 382 3556 iu
403 3516 517 3555 annum
533 3494 665 3555 Zenonis
686 3493 724 3553 15
745 3490 952 3570 Marcellinus,
972 3491 1132 3555 etMarius
1152 3490 1230 3553 reii-

137 3579 237 3639 eiunt.
287 3578 424 3641 eiusdem
452 3577 574 3639 decimo
606 3584 719 3661 quarto
746 3575 920 3660 praedandi
950 3574 1076 3639 libidine
1103 3576 1229 3660 pulsum

136 3661 303 3724 Thraciam
323 3662 415 3724 armis
436 3660 600 3739 infestasse,
620 3671 733 3721 auctor
754 3671 799 3724 est
814 3658 897 3721 idem
919 3660 1123 3722 Marcellinus.
1164 3655 1228 3719 hoc

97 3740 111 3762 ’
136 3745 246 3830 itaque
264 3746 394 3809 Zenonis
415 3744 580 3806 undecimo
602 3765 675 3805 cum
694 3745 808 3805 Ioanne
828 3742 944 3827 Scytha
964 3743 1108 3806 adversus
1129 3738 1228 3819 Illum,

138 3838 172 3891 et
200 3829 335 3892 eiusdem
368 3830 542 3891 rebellionis
571 3826 670 3890 socios
701 3826 878 3909 expeditum
908 3826 1061 3889 consentit
1085 3824 1228 3889 Petavius

138 3910 195 3973 lib.
223 3912 261 3974 13
291 3912 330 3975 de
355 3911 440 3975 doct.
474 3922 568 3994 temp.
610 3911 674 3974 eius
704 3911 939 3990 educationem,
960 3910 1033 3973 dum
1056 3908 1116 3971 CP.
1140 3908 1228 3969 obses

136 4005 261 4158 letti,
278 3994 990 4155 191911ἓέ119..ιῐῖὲῗέῖῖῖξῖξὲῗῗ
1006 4014 1081 4137 ii?
1091 3992 1229 4158 ,ἶίἶῖῗὲ

135 4163 232 4225 animi
250 4163 422 4245 proposito,
443 4162 648 4225 sianenonis
671 4184 741 4225 eum
756 4162 892 4223 timentis
907 4160 1035 4223 consilio
1054 4168 1228 4243 susceptam

134 4248 377 4330 profectionem,
398 4255 431 4311 et
452 4246 561 4311 exinde
583 4246 669 4309 rana
686 4248 749 4309 eius
762 4246 932 4309 certamina
955 4242 1133 4307 describunt
1145 4244 1226 4307 Pro·
