3050 4900
308 346 380 425 sto
683 364 725 425 ns
738 358 1019 425 nmoeuaueu

389 530 465 608 690,
490 532 538 593 19„
577 526 754 613 'Alpubsil
776 525 936 611 Bousru'pl
956 526 1132 589 Anastasius
1142 546 1206 591 uuo
1225 526 1326 590 verbo
1336 530 1401 593 Al.

302 612 562 701 plrnelulbuds'nnr.

388 720 461 793 691,
486 718 534 783 16.
575 720 618 804 rqi
638 720 673 781 db
690 716 866 805 'Ourubps'p
879 718 957 799 μηνί
976 714 1018 779 ια’
1031 716 1236 796 Ινδικτιιίνος]
1256 740 1292 781 ex
1312 740 1398 780 anno

304 808 467 889 superiore
486 805 544 866 sub
566 804 627 864 hoc
648 805 833 865 laterculum
854 804 1051 886 sequentium
1081 810 1240 883 gestorum
1257 800 1398 878 usedis-

304 890 487 949 arefactam
511 887 645 949 rationes
667 896 729 947 tres
751 888 820 947 tuce
850 886 914 967 ipsa
938 906 1001 946 noo
1025 885 1125 945 minus
1144 884 1299 947 dilucidae
1321 910 1397 947 sua.

306 972 389 1033 dent.
434 970 460 1032 1.
484 970 660 1033 indictionis
689 969 892 1031 duodecimae
924 970 1007 1029 facts
1024 971 1090 1053 jam
1110 970 1273 1046 memoria,
1295 970 1396 1032 unde·

306 1055 417 1115 cimam
441 1075 498 1115 mss
522 1056 553 1115 in
575 1054 717 1114 omnibus
739 1062 895 1115 extantem
916 1053 1003 1135 sequi
1023 1073 1087 1113 non
1109 1052 1248 1134 patiturt
1269 1052 1323 1115 sed
1345 1054 1396 1115 vel

305 1139 433 1200 eandem
456 1138 673 1199 duodecimam
699 1137 810 1218 repeti,
832 1136 880 1198 vel
900 1136 990 1197 aliam
1012 1156 1242 1232 quamcumque
1260 1157 1399 1220 sequen·

304 1230 370 1283 turn
402 1222 555 1283 recenseri
573 1220 751 1304 exposteiat.
795 1220 825 1281 9.
848 1220 892 1281 nit
914 1217 1000 1302 quod
1021 1219 1146 1301 imperii
1168 1220 1301 1281 Romani
1323 1241 1399 1301 spe-

304 1313 368 1367 ctet
396 1304 694 1366 administrationem
719 1322 818 1363 annus
843 1303 1031 1386 praeteritus
1059 1303 1090 1365 in
1119 1302 1257 1365 medium
1284 1304 1397 1366 affert:

305 1410 404 1473 quare
426 1390 576 1469 temporis
603 1387 852 1463 successione,a
883 1386 944 1447 ium
975 1386 1127 1449 enarratis
1159 1384 1237 1448 haec
1267 1386 1400 1465 diversa,

305 1474 401 1555 ipsum
423 1472 572 1555 temporis
595 1480 699 1531 notam
723 1492 786 1532 non
803 1468 931 1531 eandem
945 1478 1099 1551 arguunt;
1121 1480 1218 1552 utque
1238 1470 1281 1531 ita
1301 1470 1395 1532 unius

305 1557 377 1617 anni
399 1557 498 1639 spatio
524 1554 639 1617 includi
660 1574 856 1638 nequequam
875 1564 1016 1635 possunt.
1059 1550 1091 1613 3.
1116 1574 1198 1637 quae
1217 1564 1398 1650 sequnntur

304 1640 363 1700 alia
382 1648 585 1714 antevertere,
608 1636 697 1699 etad
722 1638 861 1719 prioresn
884 1657 999 1697 annum
1026 1637 1170 1699 revocari
1189 1656 1317 1699 omnmo
1338 1637 1396 1700 de·

303 1722 391 1785 bent:
409 1722 463 1783 icti
476 1722 627 1803 siquidem
642 1720 775 1781 foederis
787 1719 1058 1803 rioiati0‚Bulqari
1071 1720 1189 1783 lacinus
1200 1720 1399 1783 adConstan-

303 1808 404 1865 tinum
437 1806 569 1867 latenter
597 1804 836 1883 denuntiatum,
865 1804 898 1863 in
925 1804 1075 1885 Buigaros
1097 1808 1221 1883 tacitae,
1253 1806 1396 1885 latentes,

303 1891 438 1951 furtivae
451 1888 642 1969 eruptiones,
652 1887 829 1970 Belgariom
842 1885 982 1948 nondum
995 1886 1088 1948 armis
1100 1888 1274 1951 infestatam
1289 1898 1398 1949 osten·

304 1972 405 2049 dunt,
429 1972 545 2031 bellurn
567 1968 705 2031 nondum
726 1979 903 2053 susceptum
930 1971 1138 2033 convincunt:
1158 1972 1212 2035 sed
1236 1983 1303 2033 tum
1323 1971 1398 2053 pri-

303 2077 389 2115 murn
414 2054 584 2115 indictione
605 2053 768 2115 undecima
791 2065 927 2132 enatum,
950 2052 1096 2137 idemque
1120 2056 1207 2116 annis
1228 2077 1297 2117 mox
1319 2076 1397 2116 ven·

305 2139 382 2199 turis
405 2145 604 2219 protractum
625 2144 770 2219 tempore
790 2138 928 2220 plurimo
948 2138 1104 2199 Romanos
1126 2140 1210 2201 inter
1231 2148 1264 2201 et
1281 2138 1398 2223 Bulga.

305 2240 357 2283 ros
378 2240 601 2303 perseverasse.

386 2326 458 2407 692,
482 2330 511 2391 5.
563 2326 602 2391 soi
637 2323 826 2413 φλάμονρα]
861 2326 933 2389 alias
962 2320 1142 2410 piduoulu.
1178 2330 1280 2391 ,facilis
1299 2326 1400 2390 soit

304 2414 337 2476 in
359 2434 378 2496 ρ
401 2412 484 2497 apud
505 2412 694 2476 recentiores
724 2414 861 2476 Graecos
900 2412 1048 2474 mutatio:
1070 2412 1113 2474 sie
1133 2402 1243 2494 ἧρθιν,
1261 2411 1320 2474 τοῦ
1338 2400 1399 2492 ἦλ-

303 2499 361 2560 θεν
380 2501 447 2561 vice
464 2499 641 2581 proterunt
663 2490 849 2579 φλάμονλον
876 2496 1027 2558 Meursius
1061 2506 1094 2559 et
1120 2497 1272 2579 Rigottius
1299 2515 1399 2577 expo.

308 2591 396 2648 assint.
416 2582 587 2644 Anastasius
607 2573 756 2664 exp‘onit:
782 2591 1043 2640 trasumeauerrust
1061 2594 1127 2642 tam
1147 2581 1284 2659 uexilla,
1304 2599 1400 2666 quam

307 2667 506 2749 supellectiles
526 2666 687 2726 mirristcrii
708 2665 787 2743 regii
807 2677 836 2723 et
855 2676 1036 2747 apparatus.

390 2773 472 2837 ibid.
492 2769 521 2834 9.
564 2767 770 2847 οἰιτιμιίιοιις]
792 2769 1038 2852 Olympiodorus
1055 2770 1085 2830 iu
1103 2770 1259 2852 excerptis
1279 2767 1397 2829 Photii.

308 2853 371 2916 sois
390 2853 597 2934 ‘Podcyuloou
621 2853 649 2914 Γ
649 2848 753 2914 drbmr
772 2849 804 2914 oi
824 2853 1007 2934 requisitos
1026 2848 1199 2929 instituunt
1216 2851 1398 2928 ἐκαλοῦντο,

309 2935 354 3008 εἰς
375 2934 497 2998 δώδεκα
519 2937 728 3008 συντείνοντες
746 2929 921 3016 χιλιάδας..
952 2937 1145 3014 Gottlsorum,
1174 2939 1318 3020 quicum
1337 2937 1401 2996 tto.

307 3022 439 3101 deguiso
460 3035 548 3082 erant
568 3023 685 3102 capita,
707 3021 848 3102 optinuti
866 3019 1124 3096 uocabantur-,ad
1134 3019 1298 3082 duodecim
1320 3019 1396 3079 mil.

309 3107 355 3164 lia
376 3108 536 3165 numerati.
580 3103 671 3186 plura
691 3104 850 3184 Rigaltius.
872 3104 999 3186 exponit
1012 3105 1196 3163 seutentiam
1217 3102 1401 3164 Anastasius.

310 3189 401 3248 sustris
419 3189 575 3250 ordinibus
604 3188 803 3271 optimatibus
818 3187 901 3264 jecit
928 3189 982 3248 bos
1011 3188 1159 3267 octoginta
1180 3186 1288 3246 millio.
1332 3185 1400 3267 ipse

312 3272 444 3352 quippe,
470 3278 505 3330 ut
524 3271 646 3352 pariter
674 3269 789 3330 liabent
818 3270 933 3330 caeteri
969 3267 1090 3331 codices
1122 3292 1140 3330 a
1164 3271 1262 3353 Regio
1284 3267 1402 3331 diversi

310 3352 384 3436 legit
399 3350 587 3433 o'ybop'uouru
607 3351 767 3432 χιλιάδας.

244 3459 248 3466 ’
395 3459 473 3521 ibid
498 3457 546 3526 13.
572 3455 757 3539 ἐμπράκτως
777 3454 945 3542 εἰσελθών]
969 3457 1061 3521 idem.
1082 3461 1233 3544 obsequiis
1249 3461 1404 3542 constipa-

312 3557 357 3608 tus
378 3543 529 3617 incedens,
550 3545 646 3606 totius
668 3543 815 3604 nimirum
828 3543 978 3604 exercitus
999 3541 1158 3605 comitatu.

396 3645 467 3725 693,
485 3648 516 3710 4.
565 3649 723 3732 Τζέριγος]
746 3649 929 3728 Anastasius,
954 3650 1117 3730 Telerigus.

396 3757 476 3820 ibid.
500 3753 548 3816 10.
591 3749 770 3840 desipuere]
792 3755 885 3820 idem.
899 3778 961 3841 per
981 3756 1115 3820 noediuns
1133 3777 1182 3818 eos
1204 3754 1324 3818 recidit.

398 3871 476 3934 [bid
503 3869 550 3932 11.
591 3871 691 3956 τούτῳ
717 3873 762 3956 rqi
773 3865 905 3957 „itstrp”
932 3865 969 3953 ιγ’
992 3870 1174 3946 ι’νδιιιτιοῖνι]
1197 3871 1313 3932 isthaec
1342 3892 1408 3930 noa

314 3957 533 4040 constantique
553 3953 694 4016 codicum
717 3957 869 4036 omnium,
890 3957 1048 4033 Anasusii,
1069 3967 1102 4018 et
1121 3956 1272 4018 miscellae
1291 3965 1407 4016 aucto-

315 4041 356 4098 ris
377 4039 511 4101 lectione
530 4037 569 4100 ad
590 4037 791 4101 indictionem
822 4038 972 4122 decimam
1002 4041 1126 4102 tertiam
1146 4041 1349 4122 pertinentia,
1373 4037 1408 4098 iu

315 4141 428 4182 annum
452 4132 652 4206 praeeuntem
674 4121 844 4186 indictione
863 4123 1015 4186 eiusmodi
1036 4123 1219 4206 signandum
1240 4122 1327 4184 reiici
1351 4120 1410 4182 dc-

314 4205 410 4267 bcnt:
429 4205 606 4270 indictionis
628 4207 710 4268 euim
732 4207 1001 4294 decimusquartus
1034 4227 1170 4272 mensem
1190 4205 1409 4290 Septembrem
