3050 4900
639 291 788 358 notin.
1133 299 1137 308 '
1187 282 1259 359 tot

171 461 327 530 bestiariis
356 471 493 524 mortem
514 463 546 523 in
566 483 599 524 se
621 462 868 541 concitantibus,
879 472 960 610 post
982 463 1158 544 ademptum
1182 464 1264 528 vitae

899 568 914 606 τ

173 549 287 620 lumen,
306 547 515 608 sociarentur.
559 546 660 606 inira:
687 540 857 623 θαύμαζε,
917 567 927 604 ι
951 541 968 604 t
990 546 1096 618 κτίσας
1118 540 1152 606 τὸ
1172 542 1264 626 κυνῆ.

171 648 256 708 yreor
275 627 352 690 ἐστί.
395 630 519 691 adverto
539 632 637 708 ἰραυντ
656 631 867 713 amphitheatri
885 629 1068 694 coriditorem
1087 650 1154 690 esse.
1179 639 1266 692 eerle

171 719 320 775 vacuatus
341 711 446 790 locus,
481 711 566 774 hunsl
596 713 628 774 iu
648 714 731 774 iilvis
760 713 927 789 extruitur,
950 734 1007 774 nec
1026 712 1132 774 statuis
1155 722 1187 773 et
1209 733 1265 775 co.

172 795 307 872 lumnis,
330 795 369 858 de
395 796 507 880 quibus
527 795 568 856 ibi
605 795 733 869 mentio,
757 807 938 873 exornetur,
963 795 1020 858 uisi
1045 795 1075 856 in
1097 795 1195 870 circo,
1216 797 1265 861 vel

173 879 428 960 spectaculorum
459 881 561 961 spatio
592 881 756 962 deputato.
806 877 1004 962 ‘llieoplranis
1033 899 1126 960 supra
1152 877 1190 939 ad
1213 899 1264 940 an.

171 960 266 1024 5870.
287 959 457 1038 Δωρόθεος
486 957 504 1021 ὁ
533 961 567 1024 ἒν
587 957 689 1040 υἷγίυτς
716 959 770 1023 s’ni
798 962 854 1044 τσῦ
889 962 1062 1040 δυσσεβοῦς
1090 956 1265 1036 Οίάλεντυς

170 1043 391 1125 ἐμαρτύρησεν
411 1043 446 1107 ἐν
465 1033 685 1128 Ἀλεξανδρείᾳ
718 1039 845 1126 θηρίοις
867 1039 1071 1128 παραδυθείς,
1092 1041 1125 1105 ἐν
1144 1044 1186 1128 τῷ
1208 1066 1263 1106 κυ-

170 1127 283 1212 epysiip
303 1123 365 1187 sini
385 1123 571 1204 Ἀρειανῶν.
612 1143 733 1189 sanctus
750 1129 918 1190 Dorotheus
937 1129 990 1188 sui
1008 1130 1099 1212 impii
1119 1125 1263 1189 Valentis

170 1212 871 1372 ,messuariis
885 1212 1263 1365 turturis

170 1372 412 1456 Αίγυυστάλισς
430 1379 463 1438 s's
480 1375 705 1461 Ἀλεξανδρεία
721 1377 936 1460 ίκρυταφίσθη
952 1375 986 1438 ἐν
1000 1315 1143 1464 τυνηξίυν.
1167 1375 1263 1437 ctar-

173 1481 314 1540 morynus
338 1460 517 1544 praefectus
550 1461 730 1542 Augustalis
764 1463 797 1522 in
824 1463 1057 1556 ampliticans„
1070 1463 1102 1521 iu
1131 1473 1263 1543 tempore

60 1617 66 1622 .
167 1564 321 1625 peruusus
340 1557 390 1604 est.
432 1543 545 1606 Suidse
564 1544 677 1605 iterum
702 1567 731 1603 ν.
757 1546 904 1626 κυνηγός,
929 1553 960 1606 et
983 1563 1010 1602 s.
1034 1541 1263 1621 epaunensis

170 1626 230 1704 μὲν
251 1621 312 1706 yo'p
334 1623 368 1686 ἐν
388 1632 458 1697 ταῖς
478 1627 677 1708 κυνηγεσίαις
696 1622 761 1688 εἰσί
779 1627 931 1706 τολμηροί
944 1621 1025 1702 τισὸς
1043 1620 1098 1696 τὰς
1118 1623 1182 1686 ταῖν
1202 1623 1262 1705 θη-

171 1709 250 1784 ρίων
271 1705 565 1787 συγκατασπάσας·
610 1703 638 1770 oi
662 1709 690 1769 δ’
706 1705 801 1770 αν“τοί
819 1703 899 1788 πρὸς
920 1703 1001 1770 inlu
1023 1708 1079 1769 καί
1096 1709 1263 1784 πολεμίους

170 1785 321 1869 α’γσννεῖς.
364 1791 494 1875 quitiam
518 1793 566 1854 ad
582 1791 795 1876 discerpendus
814 1797 846 1853 in
867 1792 1014 1854 ίντνῑίατίισ
1037 1791 1263 1853 samartanum

169 1881 250 1940 tiras
267 1874 395 1936 oisdares
417 1877 553 1938 exissent
566 1906 584 1955 ,·
596 1879 651 1961 qui
678 1876 733 1938 sub
755 1879 854 1938 aruris
873 1876 1057 1938 adversariis
1078 1875 1186 1938 obiecti
1204 1875 1264 1934 im-

171 1959 262 2020 belles
282 1973 501 2040 oppamerunt.
545 1961 700 2021 mirumne
722 1961 806 2022 foret
827 1961 858 2020 in
882 1956 1075 2042 insequendis
1093 1979 1152 2041 per
1170 1956 1263 2019 saltus

171 2039 331 2123 leporibus
352 2048 384 2102 et
405 2042 504 2103 cervis
526 2045 613 2106 cuius
637 2044 697 2104 iam
716 2043 854 2104 animum
869 2042 1009 2105 laudari?
1051 2039 1170 2104 adeone
1190 2061 1263 2102 cru.

171 2133 279 2186 entum
299 2132 331 2186 et
355 2122 556 2187 inhumanum
575 2065 685 2188 solue
707 2126 1057 2202 saenotionisstudium,
1080 2135 1116 2186 ut
1140 2125 1178 2186 ab
1202 2125 1263 2185 im.

170 2216 322 2290 peratore
344 2207 590 2292 Chrysergyrum
606 2209 813 2307 extinguente,
834 2216 1012 2274 mereretur
1033 2209 1187 2290 extingui?
1208 2229 1262 2268 se.

172 2289 280 2353 tandm
302 2292 410 2374 itaque
429 2293 549 2354 censuit
570 2295 742 2355 Anastasius
762 2293 856 2372 ierus,
881 2301 912 2356 et
928 2294 1075 2355 immunes
1096 2313 1167 2353 cum
1189 2291 1262 2354 l'eris

172 2372 249 2436 circi
270 2394 409 2459 pugnas,
429 2396 505 2459 quas
533 2377 652 2438 Romae
685 2372 786 2438 adhuc
816 2377 963 2459 exercitas
988 2373 1095 2436 eodem
1119 2383 1262 2455 tempora

168 2467 353 2521 coaetaneus
375 2458 613 2523 Theodorichus
633 2458 730 2523 deflet
755 2460 800 2521 his
825 2462 946 2537 serbis,
980 2461 1071 2540 epist.
1092 2453 1133 2518 tt
1156 2460 1261 2517 varia-

169 2564 241 2605 rium
273 2542 450 2604 Cassiodori
489 2543 542 2605 lib.
573 2542 603 2604 5.
633 2544 717 2605 “heu
749 2542 856 2604 mundi
894 2562 988 2603 error
1031 2539 1197 2607 dolendus!
1234 2540 1260 2599 si

169 2634 246 2687 esset
269 2626 348 2687 ullus
373 2626 536 2710 aequitatis
556 2627 696 2702 intuitus,
719 2634 825 2688 tantae
850 2626 977 2687 divitiae
999 2644 1060 2707 pro
1085 2624 1146 2684 vita
1170 2645 1259 2685 mor-

169 2708 279 2771 talium
297 2709 449 2772 deberent
470 2711 549 2791 (luri,
570 2719 705 2796 quantae
727 2710 760 2773 io
782 2718 898 2773 mortes
930 2706 1092 2771 homiuum
1113 2706 1260 2769 videntur

169 2791 315 2857 effundi.''

250 2900 321 2981 991,
345 2897 392 2961 13.
434 2896 639 2980 α’ρχιυσνίσυς]
672 2901 784 2963 clarius
815 2900 1002 2963 Theodorus
1025 2899 1133 2981 lector.
1157 2891 1259 2975 ἄρχάς

169 2978 291 3055 αἰτίους.
334 2984 365 3044 in
397 2985 563 3066 proposito
594 3007 657 3050 non
689 2986 807 3048 stetisse
827 2984 999 3048 Theodoro
1022 2994 1054 3043 et
1073 2980 1258 3061 Theophani

168 3066 347 3129 contrarius
370 3066 480 3127 Suidas
509 3078 640 3133 testatur
661 3090 691 3135 v.
719 3064 946 3143 Ἀνασυυίσισς.
992 3067 1072 3128 idem
1095 3068 1198 3125 surina
1215 3066 1257 3125 le·

168 3150 287 3212 ctiones
307 3152 494 3231 exprimunt.
778 3150 781 3158 '

250 3257 330 3318 ibid.
365 3256 410 3319 19.
451 3262 517 3327 ταῖς
542 3254 661 3342 tinore]
691 3260 832 3321 lacunam
868 3258 991 3341 replent
1021 3258 1078 3319 ulio
1112 3278 1180 3317 mss.
1204 3256 1258 3315 sui

168 3336 315 3418 α’ξιῖτεσυν
334 3336 424 3420 si'nep
454 3340 638 3423 ἐσέδραμεν.
688 3342 769 3405 hanc
797 3342 1008 3405 barbarorum
1039 3342 1255 3412 incursionem,

168 3433 204 3484 ut
223 3424 313 3485 aliam
334 3426 420 3485 usuriis
440 3425 539 3487 tribus
554 3426 693 3507 priorem
709 3428 892 3507 perstringit
905 3426 1054 3509 Euagrius
1078 3423 1119 3485 lib
1133 3421 1165 3484 3.
1187 3442 1255 3505 cap.

168 3504 221 3569 36.
265 3506 337 3568 alias
361 3509 506 3569 lectiones
535 3510 617 3571 inter
640 3510 738 3571 surius
759 3510 916 3591 suspicies.

252 3615 323 3689 999,
346 3614 374 3675 3.
432 3611 462 3676 oi
482 3608 668 3690 reinciperet
698 3610 907 3699 Boolyripsrc]
936 3638 952 3677 α
978 3614 1078 3697 Volgo
1108 3610 1254 3698 Scythico

169 3696 276 3775 fluvio,
300 3720 335 3759 ex
357 3718 421 3781 quo
457 3706 488 3759 et
514 3700 620 3780 patrio
642 3702 710 3760 solo
741 3700 930 3781 irruptiones
951 3701 981 3760 in
1005 3698 1168 3781 imperium
1189 3696 1256 3755 Ro·

169 3802 296 3843 manum
310 3782 425 3843 iecere.
468 3784 617 3864 Augurius
637 3785 830 3866 Busbequius
853 3784 884 3843 in
906 3783 1092 3857 itinerario,
1117 3779 1256 3842 Ortelim

168 3864 404 3926 volaterranus.
429 3864 487 3925 alia
511 3865 603 3927 lectio
626 3860 814 3946 Bosilyoepot.

193 3998 201 4019 ·
250 3970 335 4033 ibid.
349 3970 378 4033 6.
421 3971 586 4034 σπένδεται
606 3966 681 4051 πρὸς
701 3970 859 4053 ἈρὲθανΙ
882 3972 1106 4033 Saracenorum
1131 3960 1256 4051 prinei?

168 4076 221 4135 pes
241 4058 353 4117 Aeetae
375 4058 511 4131 nominc,
534 4056 618 4117 velut
648 4056 869 4139 Aegyptiorum
893 4056 1071 4129 Ptolemaei,
1094 4054 1252 4136 insignitos

169 4148 301 4202 testator
321 4141 459 4223 Scaliger
480 4139 518 4203 de
539 4138 658 4202 emeud.
681 4151 777 4222 temp.
804 4141 857 4203 lib.
868 4141 897 4216 9,
922 4138 960 4202 ale
982 4138 1162 4200 Aminuuitis
1176 4138 1252 4199 Ara·
