3050 4900
274 332 344 411 ret
417 345 629 410 anasrmn
661 343 855 410 nassonia
884 343 1196 410 acuamusnea

271 518 332 602 pais
353 517 435 580 laeta
457 523 517 590 est;
540 537 673 598 eumque
693 515 777 598 apud
793 515 967 598 Rheginum
981 523 1069 592 esset,
1083 535 1260 597 pauperum
1281 515 1363 576 suul-

271 601 418 664 titudines
445 600 584 682 pecuniis
615 599 774 662 animarit.
814 621 886 660 cum
908 607 1012 661 autem
1038 607 1184 674 scottum
1207 607 1363 680 pergeret,

270 709 319 748 sus
339 685 484 748 silvestris
512 683 601 744 valde
628 682 752 766 grandis
779 683 929 765 impetum
960 690 1073 744 contra
1095 682 1256 744 Caesarem
1277 683 1361 744 lecit.

271 789 367 852 equus
388 787 464 831 vero
487 767 529 829 ob
555 776 713 830 terrorem
742 767 884 828 miraculi
912 762 1025 830 eiicere
1055 767 1219 829 Caesarem
1238 766 1363 828 niteba-

271 864 337 914 tur.
390 849 505 912 diutins
534 871 610 932 ergo
640 850 846 913 tumultuatus
875 851 1038 913 Caesarem
1069 849 1186 914 iactare
1210 849 1361 932 nequivit.

271 935 378 1018 itaque
397 956 447 997 sus
469 956 487 996 a
510 935 631 1008 nemine
652 933 807 1016 accipiens
831 935 927 996 letum
947 933 1099 996 abscessit.
1122 934 1154 994 in
1176 931 1362 998 Perinthum

271 1025 435 1100 praeterea
455 1016 579 1102 navigio
603 1017 811 1094 iterfaciens,
836 1017 933 1080 sentis
954 1017 1187 1080 vehementibus
1202 1025 1243 1079 et·
1256 1015 1362 1098 pluvia

271 1105 351 1163 facta
375 1101 537 1183 nautisque
556 1100 791 1182 desperantibus
811 1100 926 1182 scapha
954 1100 1154 1184 imperatoris
1176 1099 1362 1180 asportaba-

270 1195 334 1262 tur,
360 1185 402 1246 ita
422 1194 458 1245 ut
479 1185 641 1267 inopinate
662 1183 761 1246 salvus
783 1183 824 1246 ad
846 1184 962 1261 locum,
982 1184 1038 1268 qui
1057 1183 1175 1247 dicitnr
1194 1185 1362 1261 Dauniam,
1432 1238 1438 1248 .

270 1269 319 1330 vix
342 1269 472 1330 veniret.
523 1276 615 1329 noete
644 1289 720 1330 vero
748 1267 802 1330 illa
830 1267 1012 1330 muliercula
1045 1268 1189 1351 pariebat
1219 1275 1252 1328 et
1269 1287 1363 1328 voees

270 1352 456 1414 miserabiles
477 1351 654 1424 emittebat;
677 1372 812 1434 eumque
826 1373 917 1414 mane
931 1353 1048 1414 factum
1061 1352 1178 1425 fuisset,
1202 1349 1285 1411 misit
1301 1350 1362 1412 im..

270 1445 402 1518 perator
432 1435 538 1498 videre
565 1431 642 1518 quid
669 1445 747 1498 esset
777 1434 865 1518 quod
897 1435 1064 1497 acciderat.
1113 1445 1145 1496 et
1174 1434 1363 1496 invenerunt

269 1539 405 1602 puerum
426 1528 544 1602 natum,
565 1517 732 1580 oculorum
753 1526 788 1580 et
807 1518 1031 1601 palpebrarum
1050 1528 1215 1595 exsortem,
1235 1538 1362 1579 manus·

269 1623 331 1685 que
352 1624 388 1664 ae
413 1602 541 1666 brachia
567 1621 631 1662 non
652 1599 836 1672 habentem
866 1624 887 1663 a
919 1601 1025 1665 lumbo
1049 1610 1154 1664 antem
1184 1609 1253 1663 ernt
1274 1600 1304 1661 ei
1324 1608 1362 1662 nt

268 1685 366 1748 cauda
387 1685 478 1768 piscis
501 1684 689 1748 naturaliter
708 1683 846 1748 haerens.
899 1707 964 1768 quo
987 1686 1053 1748 viso
1071 1685 1246 1767 imperator
1266 1704 1361 1765 prae-

169 1767 354 1852 asumpsit
376 1778 412 1830 ut
431 1768 641 1832 occideretur.
698 1766 759 1830 bue
787 1767 922 1852 denique
951 1767 1004 1832 die
1031 1768 1229 1852 imperatoris
1251 1789 1361 1850 equus,

268 1853 323 1936 qni
343 1873 440 1916 aureo
462 1851 673 1916 circumdatus
705 1862 773 1914 erat
803 1863 940 1931 ornatu,
960 1862 1091 1934 repente
1112 1853 1217 1915 sciasne
1237 1859 1283 1914 est
1302 1871 1361 1912 ca·

266 1935 349 1998 dens.
376 1947 408 1999 at
422 1955 498 1998 vero
514 1936 688 2018 imperator
703 1934 749 1998 his
766 1937 909 1998 omnibns
933 1944 1102 2020 auguratus
1113 1943 1141 2008 *l
1164 1935 1260 1997 tristis
1280 1941 1360 2002 erat.

266 2029 392 2102 postera
407 2039 535 2104 quoqne
558 2019 609 2082 die
629 2017 690 2080 viri
708 2027 773 2082 tres
795 2019 933 2082 sclavini
946 2041 1072 2103 genere,
1095 2017 1140 2080 nil
1153 2016 1272 2102 aliquid
1295 2019 1363 2080 fer.

268 2125 357 2166 reum
384 2102 573 2180 baiulantcs‚
604 2101 792 2167 allemanie
825 2104 945 2167 detenti
964 2112 1055 2182 sont,
1084 2103 1218 2164 citharas
1238 2109 1361 2164 tantum

265 2187 412 2248 ferentes.
464 2186 637 2270 imperator
671 2196 777 2248 autem
809 2186 1024 2270 interrogabat
1054 2195 1118 2248 tam
1149 2183 1234 2248 unde
1264 2193 1364 2246 urent

265 2291 361 2416 guara
384 2265 512 2332 ubinam
533 2269 687 2334 habitatio
719 2291 833 2333 eornm
864 2271 1019 2334 existeret
1071 2271 1127 2354 qui
1152 2289 1266 2351 genere
1287 2267 1361 2350 qui·

289 2376 336 2416 ern
358 2355 445 2416 aiunt
466 2375 498 2418 se
517 2375 581 2418 esse
599 2353 781 2432 sclavinos,
810 2354 894 2418 circa
924 2355 1019 2416 linem
1050 2375 1128 2418 vero
1151 2350 1361 2418 Occidentalis

265 2435 408 2502 hahitare
430 2438 559 2502 Oceani.
605 2437 778 2521 chagannm
799 2448 905 2501 antem
930 2437 969 2501 ad
990 2460 1023 2503 se
1043 2438 1231 2523 legationem
1245 2435 1361 2499 misisse

264 2532 297 2585 et
317 2544 446 2587 munera
466 2522 660 2605 principibus
680 2524 780 2605 gentis
801 2546 875 2587 suae
894 2520 1061 2585 auxiliandi
1081 2522 1140 2583 sibi
1160 2530 1272 2583 contra
1292 2520 1360 2581 Ro-

262 2626 382 2669 manos.
427 2607 599 2669 taxiarchas
621 2614 726 2669 autem
744 2627 816 2669 suos
837 2607 982 2669 direxisse
1003 2605 1157 2667 rationem
1177 2604 1359 2667 reddituros

226 2698 230 2711 '
262 2688 421 2772 chagano,
453 2692 527 2773 quia
557 2710 618 2751 non
649 2698 783 2772 possunt
813 2699 950 2772 propter
980 2688 1209 2771 longitudinem
1239 2686 1359 2749 itineris

262 2773 389 2839 mittere
410 2772 455 2835 illi
477 2772 638 2835 auxiliatus
674 2771 783 2835 decem
803 2774 888 2835 eninr
914 2781 947 2833 et
968 2780 1042 2834 octo
1063 2794 1181 2835 menses
1202 2791 1359 2835 assevera-

262 2856 340 2917 bant
362 2856 393 2915 in
424 2855 536 2918 itinere
563 2878 595 2918 se
617 2855 743 2931 fecisse,
775 2864 808 2918 et
840 2856 885 2917 ita
905 2856 1061 2917 Romanos
1094 2855 1214 2918 adiisse.
1255 2874 1360 2936 porro

263 2938 398 3000 citharas
419 2940 505 3001 ferre
526 2947 675 3023 tanquam
698 2958 761 3001 non
784 2938 923 3001 sidentes
944 2960 1132 3024 quemquam
1150 2960 1282 3002 suorum
1303 2958 1360 2998 ar·

264 3022 319 3082 mis
342 3021 495 3099 indutum,
516 3021 647 3105 regione
666 3042 719 3083 sua
741 3022 817 3107 quid
839 3022 958 3083 ferrum
980 3025 1020 3085 sit
1040 3022 1213 3107 ignorante.
1257 3024 1361 3103 impe-

263 3116 354 3167 rator
385 3116 490 3169 autem
524 3116 587 3168 tam
623 3114 755 3167 aetatem
783 3106 938 3169 admirans
969 3128 1065 3191 quam
1095 3108 1191 3167 moles
1212 3104 1360 3187 eorporis

263 3210 374 3250 eorum
398 3188 585 3267 collaudans,
605 3186 663 3250 hos
686 3189 863 3251 Heracliam
884 3190 978 3250 misit.
1037 3199 1234 3252 comantem
1257 3188 1362 3251 venis-

262 3282 307 3334 set
328 3272 368 3335 ud
390 3274 567 3351 maritima,
596 3281 628 3335 et
650 3270 805 3337 didicisset
825 3274 913 3359 quod
935 3274 1028 3357 legati
1048 3274 1215 3337 Persarum
1236 3274 1360 3356 Byzan:

263 3356 342 3420 timu
366 3365 461 3439 atque
483 3358 682 3421 Francorum
701 3358 864 3432 venissent,
888 3357 928 3421 sd
947 3357 1064 3442 regalia
1086 3357 1249 3424 remearit.

165 3484 253 3554 pbtb
347 3480 478 3547 Decimo
503 3480 782 3565 imperiiMauricii
806 3504 888 3546 anno
914 3482 1068 3567 chaganus
1098 3482 1271 3567 quaerebat
1304 3502 1361 3541 au·

264 3573 386 3643 gmentn
419 3573 586 3649 pactorum
615 3566 770 3649 accipere.
813 3567 988 3650 imperator
1008 3588 1085 3629 vero
1103 3587 1261 3629 sermones
1281 3564 1361 3625 bar-

264 3647 332 3707 bari
355 3670 417 3709 non
441 3649 571 3733 recepit,
590 3656 622 3711 ct
642 3650 761 3711 idcireo
784 3650 937 3733 chaganus
959 3652 1074 3712 iterum
1095 3650 1211 3713 bellum
1231 3649 1306 3732 agit,
1327 3654 1359 3709 et

262 3730 401 3795 devastat
424 3732 635 3816 singidonem,
660 3744 691 3796 et
711 3744 814 3795 castra
836 3743 948 3796 contra
970 3736 1119 3796 Sirmium
1142 3738 1259 3796 movet.
1297 3732 1359 3791 im-

261 3826 393 3891 perator
413 3828 519 3879 autem
539 3826 720 3899 praetorem
744 3818 895 3901 Europae
924 3819 1066 3881 Priscum
1086 3827 1184 3884 creat.
1227 3826 1359 3877 atvero

258 3896 382 3961 Priscus
404 3900 582 3961 Saleianum
609 3902 851 3983 subpraetorem
879 3903 996 3964 facturn
1017 3921 1229 3984 praecurrere
1249 3899 1357 3969 inssit;

259 3990 426 4045 utcontra
450 3984 602 4047 barbaros
623 3984 830 4067 procedentes
863 3986 981 4049 bellurn
1014 3986 1145 4063 ineunt,
1173 3992 1208 4046 et
1227 3984 1358 4045 uncant

297 4222 320 4291 ·)
341 4223 496 4291 auguriatus
517 4223 576 4279 sod·
595 4220 712 4279 Gruteri.
