3050 4900
297 357 366 432 104
450 368 659 434 auasrasu
696 367 890 432 uisroasa
919 363 1229 432 scatssasrrca

290 535 634 619 Constantinopolitano
649 536 797 620 episcopo
815 539 848 598 in
870 536 1055 620 epitimium.
1083 537 1259 620 indignatus
1271 541 1375 595 autem

290 619 464 702 imperator
473 629 583 682 eontra
591 622 738 701 Vigilium
749 629 885 703 propter
894 619 1075 702 epitimium,
1083 628 1116 682 et
1127 622 1200 705 quia
1211 618 1375 681 differebat

290 703 448 784 cornplere
466 725 545 787 quae
561 704 747 766 videbantur
761 725 857 785 super
872 705 992 766 unitate
1006 703 1216 778 ecelesiarum,
1235 701 1319 763 misit
1338 712 1376 763 ut

289 786 619 868 comprehenderetur.
679 789 732 871 qui
758 797 897 849 metuens
927 789 1078 870 impetum
1108 786 1306 869 imperatoris
1335 783 1376 846 ad

290 869 388 931 altare
411 871 512 953 Sergii
544 871 689 954 martyris
717 871 896 932 monasterii
929 869 1112 933 hormisdae
1142 869 1293 951 confligit.
1341 875 1375 930 et

192 954 362 1027 austrinae
380 962 496 1016 tractus
517 955 617 1016 tenuit
638 952 795 1016 columnas
821 963 983 1035 portantes
1001 955 1108 1030 altare,
1124 964 1157 1016 et
1177 952 1231 1014 has
1252 952 1375 1028 evertit,

288 1057 359 1098 cum
381 1047 458 1098 esset
480 1037 580 1121 gravis
602 1046 634 1100 et
654 1037 935 1119 eorporegrandis.
976 1039 1152 1121 imperatur
1168 1045 1274 1098 autern
1294 1055 1376 1118 poe-

287 1119 421 1182 nitentia
440 1121 550 1182 ductus
571 1121 703 1204 suscepit
724 1141 837 1202 papam
859 1121 1019 1205 vigilium,
1043 1129 1076 1182 et
1096 1131 1224 1202 rogatus
1243 1119 1375 1202 vigilius

280 1227 305 1262 a
325 1203 494 1266 Theodora
515 1210 649 1286 Augsuta
671 1204 806 1286 ssucepit
834 1206 957 1268 Menam
986 1202 1197 1290 patriarcham
1220 1203 1373 1264 Constan-
1415 1263 1419 1270 ,

287 1287 530 1432 tinppolitanusn
550 1287 695 1372 vigesima
717 1309 801 1350 nona
815 1286 867 1349 die
880 1292 990 1354 mensis
1003 1287 1091 1366 lunii,
1107 1287 1274 1352 festivitate
1293 1307 1374 1368 apo-

285 1379 334 1432 sto
349 1391 450 1432 orum.

370 1487 458 1546 Anno
481 1483 626 1548 vicesimo
648 1485 753 1569 primo
768 1486 893 1568 imperii
908 1486 972 1550 eins
992 1487 1066 1548 faeti
1086 1494 1160 1549 sunt
1174 1495 1281 1549 terrae
1301 1505 1373 1548 mo-

288 1581 335 1632 tus
356 1571 458 1654 magni
480 1577 512 1631 et
531 1569 662 1652 pluviae,
685 1580 873 1654 mortuaque
894 1579 940 1632 ost
958 1569 1126 1634 Theodora
1146 1573 1293 1652 Augusta.
1329 1567 1373 1629 si-

285 1655 401 1716 militer
425 1663 456 1716 et
476 1653 617 1735 sequenti
645 1673 727 1715 anno
752 1655 832 1714 facta
861 1662 934 1714 sunt
953 1653 1076 1736 lulgura
1099 1663 1131 1716 et
1152 1655 1303 1728 tonitrua,
1329 1653 1373 1712 its

286 1747 321 1798 ut
342 1737 532 1799 dormientes
553 1759 588 1798 ex
610 1735 757 1800 tonitruis
777 1737 983 1815 laederentur,
1006 1749 1101 1822 atque
1120 1737 1261 1799 incendia
1279 1757 1373 1819 penes

285 1821 477 1908 Byzantium.

131 1955 159 2010 p.
172 1937 222 1990 351
245 1935 278 1992 tt
370 1925 479 1990 blondi
502 1951 582 1991 anno
603 1925 695 2008 6046,
717 1928 841 1992 divinae
873 1927 1095 1990 incarnationis
1114 1950 1197 1988 anno
1218 1919 1291 2003 546,
1313 1927 1373 1986 im-

286 2011 366 2092 perii
392 2011 549 2077 iustiniani
575 2035 656 2074 anno
680 2012 825 2077 vicesimo
859 2012 954 2074 tertio
979 2012 1094 2094 legatus
1116 2009 1266 2073 indorum
1287 2011 1374 2071 venit

285 2093 589 2178 Constantinopolim
610 2095 722 2160 ducens
746 2094 949 2180 elephantem,
972 2104 1004 2156 et
1025 2096 1176 2178 ingressus
1188 2103 1234 2155 est
1248 2093 1374 2175 Hippo-

285 2177 454 2238 dromium.
500 2181 645 2242 lanuario
671 2199 746 2242 vero
766 2201 869 2241 mense
889 2177 1084 2261 suppositum
1105 2187 1151 2238 est
1173 2197 1286 2237 nomen
1302 2179 1373 2242 Me-

286 2282 345 2323 nae
366 2261 564 2344 patriarchae
586 2262 932 2345 Constantinopolitani,
955 2270 986 2322 et
1007 2261 1221 2344 praepontum
1242 2270 1287 2321 est
1312 2281 1373 2320 no-

285 2364 357 2407 men
381 2344 487 2426 Vigilii
517 2347 705 2428 praecellens
739 2349 769 2407 iu
793 2345 956 2430 diptychis.
1000 2346 1118 2407 interea
1137 2364 1239 2405 mense
1256 2342 1373 2404 Martio

287 2427 384 2491 exiliit
403 2427 525 2514 elephas
546 2452 563 2491 e
587 2429 708 2493 stabulo
730 2441 839 2506 noctu,
861 2437 893 2492 et
913 2425 1030 2491 occidit
1049 2429 1174 2505 multos,
1198 2427 1272 2489 alios
1295 2446 1372 2489 vero

156 2521 243 2591 p·352
262 2510 474 2576 stabilitavit.
515 2534 616 2595 porro
647 2513 734 2577 lunio
763 2534 867 2576 mense
887 2515 966 2574 faeta
988 2519 1061 2573 sunt
1081 2510 1225 2573 encaenia
1247 2520 1374 2572 sancto-

288 2618 361 2659 rum
382 2599 598 2679 apostolorum
618 2597 703 2680 apud
725 2596 1044 2678 Constantinopolim,
1066 2604 1098 2655 et
1120 2593 1280 2657 recondita
1302 2601 1374 2655 sunt

281 2680 404 2762 lipsana
419 2681 562 2743 Andreae
579 2683 684 2743 Lucae
704 2702 741 2741 ac
760 2678 919 2743 Timothei
943 2677 1177 2761 apostolorum,
1199 2688 1231 2743 et
1251 2676 1375 2739 transiit

287 2764 393 2825 Mensa
413 2762 575 2845 episcopus
595 2784 667 2825 cum
684 2763 797 2825 sanctis
817 2760 957 2845 lipsanis,
977 2759 1125 2823 sedeusiu
1145 2782 1296 2823 carrucca
1316 2783 1374 2821 au.

288 2866 345 2907 rea
363 2845 575 2927 imperatoria,
597 2842 750 2927 lapidibus
772 2846 933 2928 insignita,
965 2854 1072 2907 tenens
1095 2854 1160 2907 tres
1180 2844 1284 2907 thecas
1302 2867 1375 2905 san·

289 2936 415 2989 osorum
442 2930 658 3011 apostolorum
684 2929 715 2990 in
747 2928 875 3013 genibus
894 2929 972 3006 suis,
1002 2929 1100 2993 etita
1127 2925 1274 2991 encaenia
1294 2929 1376 2992 cele·

288 3012 404 3077 travit

373 3121 462 3180 huno
494 3119 617 3201 imperii
639 3117 800 3181 lastiniani
819 3119 964 3181 vicesimo
984 3129 1120 3203 quarto,
1140 3139 1244 3181 mense
1263 3118 1373 3199 Aprili,

288 3202 394 3265 missus
426 3211 473 3265 est
493 3206 601 3265 Narscs
623 3203 830 3266 cubicularias
850 3206 980 3265 Romam
1009 3214 1203 3286 pugnaturus
1230 3201 1376 3263 adsersus

290 3285 422 3364 Gothos,
443 3288 497 3370 qui
520 3297 669 3371 ceperant
687 3290 836 3363 Romam,
858 3287 1007 3371 quoniam
1034 3296 1201 3371 postquam
1228 3307 1296 3347 eam
1319 3286 1379 3345 lle-

290 3368 410 3514 ξενίῳ
440 3369 540 3455 oepit,
580 3372 694 3435 iterum
724 3372 960 3435 insurrexerunt
996 3378 1030 3433 et
1068 3377 1256 3453 receperunt
1293 3367 1377 3430 illam

321 3464 399 3516 ott.
1462 3458 1469 3467 ‘

159 3578 283 3646 nesus
373 3572 463 3633 Anno
487 3569 610 3654 imperii
632 3570 791 3633 Iustiniani
808 3570 958 3657 picesimo
988 3569 1100 3655 quinto
1121 3568 1203 3630 facta
1224 3576 1297 3630 sunt
1317 3586 1377 3627 en-

288 3654 396 3717 caenia
416 3654 449 3715 S.
471 3654 604 3718 Eirenae
626 3664 710 3716 trans
733 3654 1036 3737 Constantinopolim
1057 3654 1088 3715 in
1107 3652 1212 3737 Syc'u,
1238 3661 1271 3713 et
1292 3650 1376 3713 erie-
1398 3694 1404 3703 .

291 3746 367 3799 runt
386 3748 490 3800 sancta
513 3738 628 3821 lipsana
655 3760 691 3801 ex
711 3760 820 3819 magna
839 3740 975 3816 ecclesia,
998 3759 1059 3798 una
1082 3758 1154 3799 cum
1175 3735 1295 3797 duobus
1315 3753 1376 3814 pa-

290 3822 454 3901 triarchis,
482 3824 573 3883 Mena
601 3822 718 3884 scilieet
747 3822 1092 3905 Constantinopolitano
1120 3829 1153 3882 et
1180 3816 1374 3901 Apollinaris

290 3904 506 3982 Alexandrino,
524 3906 714 3968 etsederunt
729 3904 821 3966 ambo
836 3906 867 3967 in
880 3906 1085 3987 imperatorio
1105 3924 1212 3981 curru,
1233 3901 1376 3962 retinen.

290 3998 336 4049 tes
366 3988 396 4049 in
419 3991 546 4074 genibus
575 3990 634 4053 suis
666 3997 771 4050 sancta
802 3988 938 4072 lipsana,
964 3999 997 4051 et
1030 3996 1184 4049 venerunt
1212 3982 1373 4066 usquead

290 4072 424 4150 t'retum,
461 4084 492 4135 et
511 4072 781 4136 transfretantibus
809 4073 932 4135 obviam
964 4072 1007 4133 ois
1026 4070 1168 4133 occurrit
1189 4068 1373 4151 imperator,

290 4165 322 4215 et
351 4168 542 4239 aperuerunt
570 4159 698 4219 eassdem
722 4155 881 4219 ecclesiam
907 4167 1030 4218 sanctae
1051 4152 1197 4236 martyris
1226 4150 1373 4211 Eironae.

290 4237 400 4304 eodem
426 4260 507 4304 aurio
531 4240 667 4306 moritur
686 4242 792 4307 Menas
812 4239 975 4327 episeopus
997 4235 1370 4318 Constantinopolitanus,
