3050 4900
502 351 554 418 EX
585 349 844 420 THEOPHANE.
1144 343 1214 417 itt

126 527 190 584 am
214 531 424 606 receperunt,
446 533 478 586 et
499 524 538 586 ad
558 525 689 607 propria
718 531 911 587 remearunt.
961 523 1139 588 errantibus
1155 522 1217 585 dn.

112 605 266 668 =cloribus
287 615 320 668 et
339 608 370 669 in
392 609 541 692 inaquosa
563 608 769 671 incidentibus
790 608 859 670 loca
872 607 1108 692 periclitabatur
1127 629 1218 669 erer-

126 689 215 754 citus.
257 709 360 772 porro
390 711 462 752 cum
496 693 557 754 iter
582 701 710 776 agerent
738 703 856 769 nemu,
878 693 1005 757 veniunt
1035 693 1075 756 ad
1095 713 1217 754 amnem

128 773 281 836 Helioiam
303 773 442 838 dictum:
464 795 537 838 cum
560 795 637 838 vero
658 776 744 837 dumi
767 778 988 844 transfretum
1012 775 1147 838 lluminis
1166 796 1217 838 esa

125 865 205 933 sent,
227 856 356 920 barbari
377 859 408 920 in
427 857 474 919 bis
497 859 670 922 absconditi
686 879 737 922 eos
761 860 816 943 qui
829 859 1018 922 hauriebant
1037 882 1148 943 aquam
1167 859 1217 919 ia-

124 939 322 1004 culabantur.
364 963 474 1026 magna
499 942 596 1025 igitur
623 942 762 1006 molestia
784 943 931 1004 Romanis
959 943 1069 1006 effecta
1090 941 1218 1016 militiis,

125 1023 157 1084 in
179 1025 286 1106 lingum
307 1035 476 1089 vertuntur
502 1047 520 1088 a
544 1025 686 1088 barbaris
714 1023 868 1088 debellati.
918 1047 1028 1088 verum
1048 1025 1218 1088 Mauricius

123 1105 171 1170 his
193 1106 306 1170 auditis
327 1107 458 1172 Petrum
479 1111 629 1191 pratturu
647 1107 804 1192 privarit,
825 1118 859 1172 et
876 1109 1018 1173 Priscum
1038 1117 1220 1193 praetorem

125 1190 269 1254 Thmcae
291 1189 394 1254 denuo
417 1193 509 1254 misit.
1055 1192 1060 1201 ’

212 1297 323 1360 Mundi
346 1317 429 1362 anuo
453 1297 547 1381 lllllltl,
570 1299 693 1362 divinae
724 1297 947 1362 incarnationis
966 1295 1039 1378 590,
1058 1298 1219 1360 Romano·

127 1401 201 1442 rum
221 1382 395 1464 imperator
418 1383 595 1461 Mauricius,
620 1405 673 1445 rex
692 1384 859 1444 Persarum
881 1382 1043 1459 Chosroes,
1061 1383 1219 1444 Romanus

126 1465 320 1549 Gregorius,
342 1465 704 1610 constantinopolitanus
735 1467 900 1550 Cyriacus,
919 1464 1219 1548 Hierosolymitanus

128 1553 233 1626 Amos,
259 1550 482 1613 Alexandrinus
502 1551 550 1612 Eu
563 1551 648 1633 ogias
679 1559 711 1612 et
732 1550 942 1612 Antiocheam
965 1550 1135 1610 Anastasius
1159 1548 1218 1608 ba.

126 1631 247 1694 beatur
267 1633 428 1696 antistites.
471 1634 532 1694 hoo
552 1654 645 1711 nnnc,
667 1634 790 1718 imperii
810 1632 1109 1696 videlicethlauricii
1129 1639 1215 1693 serto

128 1713 260 1794 deciano,
281 1715 404 1779 Priscus
428 1737 562 1800 egressus
583 1727 715 1802 praetor
735 1717 767 1777 in
780 1715 933 1778 Thracem
954 1716 1086 1777 virtutes
1107 1735 1219 1776 nnme-

129 1799 212 1861 rarit
232 1801 393 1875 exercitus,
416 1810 448 1863 et
469 1801 587 1862 invenit
608 1799 694 1884 qnod
715 1821 750 1861 er
772 1801 814 1861 eis
835 1801 931 1862 inerit
952 1797 1120 1860 multitudo
1141 1817 1218 1858 con·

129 1889 253 1964 sumpta
275 1905 336 1944 non
357 1905 463 1964 parva.
485 1882 532 1943 bis
558 1891 660 1945 autem
678 1884 808 1966 sumptis
821 1883 909 1946 venit
923 1879 1087 1944 adflumeu
1108 1883 1221 1944 lstrnm

129 1973 163 2026 et
185 1967 295 2028 Novas.
361 1987 401 2028 ao
424 1967 549 2049 cognito
563 1965 717 2052 chaganus
736 1966 854 2050 legatos
865 1967 959 2041 misit,
983 1987 1105 2028 causam
1126 1965 1221 2046 ipsius

129 2049 300 2121 sciscitatus
324 1987 481 2113 adventus.
502 2050 625 2113 Priscus
644 2059 746 2112 autem
762 2051 934 2112 veuauonis
952 2071 985 2112 se
1001 2050 1220 2111 venissecausa

129 2131 298 2193 fatebatur.
343 2143 390 2194 ast
409 2134 563 2216 chaganus
592 2137 675 2193 “non
698 2135 812 2195 iustum
839 2135 902 2196 est''
923 2133 1026 2218 inquit
1044 2135 1097 2193 “in
1119 2131 1221 2193 alieno

130 2215 203 2276 loco
224 2216 360 2278 ποιῆθ’
402 2226 550 2279 econtra
571 2216 694 2278 Priscus
716 2237 805 2278 sunm
827 2218 951 2279 dicebat
971 2237 1034 2278 esse
1054 2217 1168 2291 locam,
1188 2220 1223 2274 et

130 2301 160 2361 ei
180 2299 285 2382 lugam
315 2319 350 2361 er
374 2299 505 2362 Oriente
535 2301 773 2384 improperabat
793 2301 898 2384 egisse.
940 2300 1094 2361 barbarus
1116 2307 1220 2358 antem

131 2381 308 2466 Singidonis
330 2403 423 2446 muro
448 2382 606 2446 destructo
629 2383 668 2444 ad
688 2385 904 2446 Romanorum
924 2390 1042 2444 terram
1061 2383 1221 2464 profectus

131 2474 186 2529 ut.
206 2486 270 2550 quo
281 2468 407 2550 cognito
420 2468 541 2530 Priscus
557 2468 642 2529 venit
656 2464 696 2527 ad
718 2466 847 2528 insulam
869 2466 948 2542 lstri,
970 2474 1003 2526 et
1019 2464 1222 2525 dromonibus
1231 2461 1316 2535 nur

130 2550 260 2633 sumptis
280 2550 320 2613 ad
342 2549 513 2633 choganum
532 2550 616 2635 apud
639 2550 880 2610 Constantiolam
906 2548 1003 2625 venit,
1024 2546 1129 2609 volens
1150 2567 1223 2607 crim

132 2654 170 2695 eo
195 2634 294 2717 loqui.
329 2654 463 2719 cumque
484 2636 638 2718 chaganus
659 2632 699 2693 nd
724 2651 814 2694 oram
832 2631 969 2706 fluminis
990 2629 1130 2706 venisset,
1152 2630 1223 2689 Pri-

131 2736 199 2778 scus
220 2715 317 2778 tristis
337 2724 363 2795 ·)
385 2738 455 2780 eum
474 2719 656 2803 alloquitur.
699 2716 854 2797 chaganus
873 2724 978 2778 autem
987 2714 1069 2777 dixit
1087 2712 1128 2774 ad
1149 2732 1222 2774 enm

133 2800 234 2885 “qnid
258 2800 325 2878 tibi,
345 2800 461 2879 Prisce,
484 2822 520 2863 ac
541 2812 646 2864 terrae
667 2800 776 2861 meael
797 2822 836 2861 nn
857 2809 891 2861 et
909 2800 990 2860 hanc
1008 2799 1054 2858 vis
1076 2797 1223 2879 accipere

132 2904 192 2967 per
213 2882 411 2946 mendacium
428 2906 465 2947 ex
486 2886 623 2946 manihan
643 2886 740 2946 meisi
781 2883 900 2945 iudicet
920 2883 994 2944 dens
1016 2882 1098 2944 inter
1117 2900 1168 2941 me
1187 2888 1222 2941 et

133 2968 321 3029 Mauricium
349 2968 591 3051 imperatorem,
630 2968 834 3051 requiratquo
859 2966 1039 3049 sanguinem
1067 2965 1221 3027 exercitus

133 3052 345 3113 Romanorum
370 3058 402 3114 et
423 3052 573 3114 exercitus
601 3054 660 3113 mei
688 3052 726 3113 de
748 3050 890 3112 manibus
918 3051 1016 3111 eius.”
1069 3056 1222 3109 econtra

133 3134 256 3207 Priscus
275 3134 515 3217 “Singidnnem”
536 3135 639 3219 inquit
658 3135 838 3195 “ciditntem
859 3132 954 3195 redde
968 3131 1143 3193 Romanis.”
1164 3129 1219 3274 glai

134 3218 178 3278 ait
196 3221 253 3279 “tu
282 3216 377 3279 annm
407 3218 562 3281 civitatem
596 3240 615 3279 a
643 3218 733 3279 nobis
762 3217 886 3278 conaris
915 3214 1077 3297 accipere:
1102 3207 1172 3273 vide
1197 3212 1225 3270 is

133 3310 204 3385 post
227 3300 385 3384 paululum
406 3302 630 3386 quinquaginta
653 3301 792 3361 civitatee
809 3302 961 3361 Romanas
983 3296 1133 3358 avaribus
1153 3309 1222 3355 ser.

134 3386 233 3447 vitnte
253 3383 419 3447 redactas.’'
442 3386 565 3447 Priscus
581 3393 682 3446 antem
699 3385 828 3445 navibus
839 3380 1001 3463 Singiduni
1020 3400 1081 3462 per
1099 3397 1225 3439 amnem·

135 3468 281 3531 exhibitis
301 3468 382 3530 bauo
401 3468 608 3552 depopulatus
633 3477 687 3545 est,
710 3476 742 3529 et
760 3486 797 3529 en
821 3487 856 3528 es
877 3466 1028 3548 vulgares
1047 3462 1180 3546 pepulit.

215 3576 356 3659 Septimo
378 3573 498 3639 decimo
518 3574 641 3659 imperii
665 3572 810 3637 Mauricii
831 3592 913 3635 anno
936 3568 1124 3633 coacervatis
1145 3566 1257 3641 cha-p.
1270 3566 1360 3624 428³

136 3678 230 3742 ganas
250 3660 462 3743 potentatibus
490 3660 549 3720 suis
580 3661 612 3719 in
633 3654 821 3721 Dalmatidm
840 3666 1004 3740 properat,
1025 3663 1147 3716 etcum
1165 3662 1225 3711 νος

138 3744 381 3819 nisssetBaleam‚
403 3742 606 3827 qnadraginta
629 3762 757 3827 quoque
776 3741 924 3815 civitates,
946 3760 1026 3823 quae
1048 3736 1130 3797 circa
1154 3754 1223 3795 eam

139 3837 215 3904 sunt,
236 3842 340 3889 omnes
362 3828 566 3909 depopulatus
588 3834 641 3888 est
673 3826 785 3909 qulbus
800 3824 921 3889 Priscus
942 3820 1051 3905 agnitis
1073 3817 1221 3901 (indubia
1278 3835 1281 3842 ·

140 3906 175 3970 ad
196 3910 443 3993 explorationem
475 3932 540 3971 rem
569 3908 690 3973 direxit.
734 3909 841 3995 quiin
862 3904 940 3968 valle
965 3901 1140 3965 occultatur
1162 3922 1224 3983 pu·

140 3992 211 4071 silla,
231 4002 263 4057 et
285 3993 421 4057 diluculo
445 3992 475 4053 in
498 3994 591 4056 dorsa
613 4014 724 4055 eorum
744 3990 871 4054 allectus
894 3988 966 4050 ilico
979 3994 1107 4049 cunctos
1127 4006 1225 4069 pere-

140 4076 203 4157 mit,
224 4088 256 4140 ct
278 4087 437 4159 acceptam
458 4076 607 4161 praedam
631 4076 717 4139 duxit
739 4074 778 4139 ad
801 4075 950 4139 Priscum.
991 4072 1093 4154 'porro
1109 4068 1224 4151 chaga-

175 4248 315 4325 peristis]
337 4268 351 4304 e
370 4264 440 4305 rure.
478 4250 555 4305 Fara.

240 4346 418 4419 Theophanes
441 4346 475 4399 11.
1021 4337 1040 4390 9
