3050 4900
638 307 789 376 NOTAE.
1189 297 1263 376 leo
1381 305 1385 312 ’

176 479 381 627 ιμοᾶὃεοιαίσα
412 477 537 565 profert
566 480 598 542 in
618 480 755 544 medium
775 479 940 544 Liberatus
967 475 1116 543 breviarii
1134 497 1203 564 erp.
1223 479 1263 544 2⁰

174 587 193 629 α
273 603 283 624 .

196 737 201 744 .
263 675 398 754 37219.
419 670 572 759 Ἰωάννην
595 677 631 758 dd
650 699 721 741 raro
740 676 893 762 μοναχόν]
914 679 999 742 locus
1022 699 1039 740 u
1059 677 1265 760 corruptione

174 759 348 822 nullatenus
358 760 567 823 vindicandus:
577 763 664 845 qnod
674 783 747 824 cum
760 762 930 846 praemissis
945 761 1178 824 narratiuncula
1187 761 1265 824 hsce

175 843 260 906 nullo
277 845 400 905 ratione
419 845 596 908 cohaereat.
616 846 722 908 variae
742 847 890 910 lectiones
901 841 992 908 δόλον
1003 847 1037 907 in
1057 867 1122 907 uno
1143 843 1264 921 codiee,

172 925 289 989 όοόλον
307 927 338 990 in
361 929 462 990 altero
480 927 923 1011 subindicantesinterpolandi
936 929 1264 1012 suggeruntaniurum.

174 1031 237 1072 uon
260 1011 388 1072 illubens
411 1013 518 1095 itaque
545 1013 624 1095 lego,
644 1009 700 1074 stoi
718 1011 763 1086 εἰς
782 1013 816 1074 tn
834 1007 1041 1084 συνελθόντες
1060 1011 1093 1073 οἳ
1109 1031 1143 1073 ns
1164 1012 1195 1073 Γ
1192 1015 1267 1074 uin·
1308 1014 1313 1024 '

172 1098 265 1174 νῑιαι,
286 1095 342 1154 καί
360 1091 389 1155 oi
412 1093 618 1158 Θεοδοσιανοό
636 1091 738 1156 κοινόν
765 1093 933 1158 §aimanor
952 1088 1076 1164 ἑαυτοῖς
1096 1089 1262 1170 haduini-

172 1197 244 1250 σαν,
263 1175 318 1237 καί
337 1172 576 1260 ἐχειροτόνησαν
595 1174 744 1259 Ἰωάννην
764 1176 836 1240 erasi
852 1173 1010 1256 μοναχόν·
1052 1173 1089 1238 όν
1108 1173 1139 1238 oi
1159 1178 1190 1239 Γ
1188 1180 1263 1240 αἳα.

174 1263 258 1320 risus
278 1252 371 1321 δόλον
399 1262 461 1341 (vel
484 1261 609 1344 δοῦλον)
635 1255 902 1342 ὑπομεμενηκέναι
924 1261 1117 1342 continuasse,
1136 1255 1191 1322 τόν
1211 1261 1267 1322 καί

172 1334 212 1403 τό
234 1333 326 1421 ἑξῆς·
367 1347 572 1406 convenientes
592 1348 735 1406 intonen
755 1359 817 1406 tam
833 1341 1037 1406 Theodosiani
1055 1365 1146 1426 quam
1167 1344 1266 1406 Gaio-

175 1425 261 1486 nitae
282 1444 464 1488 οοιιιιπιαιειιι
486 1429 546 1490 sibi
562 1423 967 1513 episcopampraefeeerunt,
990 1441 1020 1489 et
1039 1425 1184 1493 Ioannem
1198 1449 1264 1488 ιιιο.

172 1511 299 1569 nucleum
319 1509 470 1592 querulam
494 1531 581 1573 sacro
607 1513 668 1573 rien
688 1513 883 1582 instituencnt,
905 1509 1062 1593 eidemque
1082 1510 1189 1572 abbati
1208 1510 1265 1572 do·

172 1590 235 1651 ἱιαπ
261 1614 292 1652 se
312 1613 421 1675 passos
449 1594 594 1657 arbitrati
625 1595 788 1656 Gaianitae
816 1593 938 1654 barbam
970 1614 1035 1654 οιαπ
1104 1595 1144 1654 lle
1172 1606 1266 1673 atquc

172 1695 265 1735 carne
279 1673 483 1738 detraxerunt.
505 1686 538 1740 et
560 1677 699 1739 dictione
718 1677 842 1752 dorileu,
864 1685 900 1738 nt
915 1673 978 1737 Pal.
1001 1685 1034 1738 et
1081 1677 1151 1738 urb.
1172 1674 1264 1737 codd.

173 1755 293 1838 legunt,
313 1759 490 1842 suppositas
512 1759 668 1844 eidemque
687 1759 810 1836 abbati,
834 1759 918 1844 qnod
936 1779 1056 1821 serviem
1080 1759 1122 1836 (in
1144 1761 1266 1842 episco-

172 1840 237 1924 pali
259 1839 340 1920 sede)
358 1863 391 1904 se
412 1843 633 1906 arbitrarentur
653 1843 836 1918 sustinuisse,
859 1841 1024 1904 Gaianitae
1047 1843 1184 1922 barbam,
1207 1851 1265 1904 etc.

173 1923 278 1986 forsan
301 1925 383 1988 euim
403 1926 435 1986 in
451 1929 567 1989 Ioanne
582 1928 641 1989 isto
662 1925 759 1988 delusi
774 1927 899 1986 fueraut
912 1925 1084 2004 Gaianitae,
1105 1937 1160 1989 aut
1181 1935 1267 1988 certe

172 2027 297 2069 servum
327 2001 460 2072 eundem
497 2011 538 2072 ab
567 2009 609 2072 eis
639 2011 832 2073 aestimatum
869 2029 972 2092 poena
1012 2029 1139 2094 quoque
1163 2007 1266 2072 servili

45 2105 49 2111 '
172 2089 413 2168 mulctaverunt,
434 2094 553 2156 barbae
574 2094 721 2155 nimirum
734 2092 924 2159 decussione.
967 2095 1141 2155 Anastasius
1161 2093 1268 2154 Tlreo·

171 2173 281 2256 phanis
299 2196 379 2258 pene
401 2177 555 2258 interpres
574 2177 717 2237 mutilum
739 2176 868 2239 omuino
892 2197 1013 2239 sensum
1034 2177 1086 2237 hic
1107 2177 1265 2258 exprimit.

173 2259 330 2320 cuiusdam
346 2259 467 2322 abbatii
486 2260 642 2339 (abbatis)
663 2258 793 2322 barbam
827 2273 892 2320 cute
911 2275 999 2345 elprae
1017 2282 1107 2321 carrae
1127 2261 1267 2322 decon'a.

172 2361 252 2402 uere.
293 2343 451 2426 subiungit
476 2365 556 2426 qnae
584 2343 712 2404 Graecis
740 2342 773 2402 in
804 2343 899 2404 codd.
932 2343 1106 2404 nullatenus
1127 2342 1266 2424 legimns.

171 2425 272 2486 taliter
289 2440 386 2488 αιιιεοι
405 2428 625 2490 boemicomm
646 2426 796 2489 dementia
817 2447 919 2507 gerere
939 2427 1103 2507 consuevit,
1124 2425 1202 2489 adeo
1223 2438 1265 2501 nt,

170 2530 248 2591 pisae
264 2508 461 2591 Pagcnorum
479 2525 546 2575 sunt
565 2511 713 2572 mrdtoties
731 2521 903 2595 operentur.

252 2612 325 2696 373,
342 2618 374 2680 5.
414 2616 493 2701 μηνὶ
510 2612 680 2703 Νοεμβσιζο
700 2612 762 2701 ιδ’]
789 2617 832 2679 ita
853 2616 1026 2679 chronicon
1048 2612 1223 2680 Alexandri.

253 2724 335 2786 Ibid.
358 2722 388 2786 9.
429 2725 566 2810 Σοφίαν]
584 2724 773 2789 Theodorue
796 2733 931 2806 neptem,
953 2727 1017 2807 ipse
1039 2746 1073 2787 es
1095 2724 1264 2807 vigilantia

171 2808 466 2906 sororalustiniani
502 2830 617 2893 nepos,
652 2819 684 2873 et
706 2808 883 2873 Dulcissimi
911 2808 999 2871 filius.
1040 2810 1155 2873 Victor
1175 2808 1263 2871 Tun.

171 2913 328 2955 nonensis.

252 3000 333 3064 Ihm.
357 3000 406 3063 l8.
460 2998 633 3081 Ᾱῖθόριος,
655 2995 711 3061 καί
730 2988 874 3079 'AddsocJ
905 2996 944 3061 do
965 3000 1092 3061 illorum
1114 2999 1265 3062 coniura-

170 3081 267 3161 tione,
288 3095 319 3147 et
339 3084 479 3147 moribus
501 3084 655 3167 Euagrius
693 3094 876 3146 coaetaneus
906 3084 1000 3150 lib..'l
1030 3104 1098 3167 cap.
1121 3084 1150 3147 2.
1190 3080 1264 3147 'Ad-

171 3164 262 3227 όαῖον
282 3189 383 3249 porro
408 3167 576 3230 secundnm
594 3168 678 3229 hone
699 3174 871 3249 nuncupet.

253 3266 335 3328 Ibid.
357 3266 407 3330 90.
458 3266 589 3349 ἐποίησε
625 3268 661 3332 δὲ
683 3264 850 3350 όπότειαν]
882 3267 1012 3351 abipso
1045 3264 1163 3330 lustino
1186 3286 1264 3348 pro-

167 3350 256 3410 missu
276 3372 406 3414 munero
430 3374 522 3435 quam
549 3351 684 3437 ingentia
708 3352 794 3415 canit
813 3350 970 3435 Corippus
991 3350 1042 3413 lilr.
1063 3348 1083 3411 3
1106 3360 1137 3413 et
1158 3344 1189 3411 4.
1211 3350 1263 3413 ds·-

169 3436 241 3499 rato
259 3435 363 3517 plebes
386 3437 501 3520 opibus,
521 3445 580 3499 cto.

250 3536 320 3622 374,
342 3544 374 3604 5.
423 3543 600 3624 Μακαρίοο
630 3536 701 3603 τότε
728 3542 944 3627 ἐκβληθέντος]
977 3540 1146 3647 Nicephori
1168 3540 1263 3602 cliro·
1340 3571 1345 3578 ·

169 3625 271 3685 nicon.
296 3624 450 3709 Euagrius
471 3627 527 3688 lib.
549 3627 571 3687 l
591 3648 660 3708 cap.
675 3624 728 3687 36.
772 3622 912 3709 ἔφασκον
933 3620 994 3705 γὰρ
1018 3619 1100 3687 evasi
1121 3618 1160 3686 τό
1178 3620 1264 3702 Ὠρι-

167 3707 276 3787 γόνοος
295 3705 480 3791 πρεσβεύειν
501 3708 653 3789 δόγματα.
681 3710 850 3789 sandow
869 3730 934 3771 eum
959 3710 1101 3792 Origeru's
1121 3708 1263 3789 dognrate

166 3804 302 3854 Μαιαοι.
344 3814 464 3855 meram
482 3789 641 3873 σοσκεοῆν
661 3792 814 3855 existimat
834 3804 956 3854 auctor.

249 3897 334 3964 leid.
346 3896 392 3962 15.
435 3892 591 3978 Εότόχιος
610 3897 646 3961 δὲ
667 3890 830 3984 insilitis]
854 3900 1004 3983 Euagrius
1020 3894 1104 3960 lino
1129 3914 1196 3981 cap.
1213 3890 1262 3972 16,

164 3978 337 4062 Nicephori
368 3982 553 4045 chronicon.

184 4162 191 4177 ·
250 4079 322 4160 375,
344 4082 375 4144 2.
417 4077 578 4161 μανόόιο]
610 4083 762 4167 prirwipis
783 4103 934 4181 responsa,
959 4102 1038 4181 qupe
1061 4078 1115 4165 qui
1140 4078 1263 4179 denun-

168 4164 267 4227 tiabat
278 4208 289 4244 ,
319 4166 493 4245 mandator,
514 4164 552 4230 de
574 4187 639 4251 quo
655 4186 759 4250 supra.
801 4166 874 4230 lnuc
894 4168 1029 4249 vulgaris
1052 4172 1263 4230 nonullorum
