3050 4900
296 369 367 443 tdt
442 378 650 444 animasti
680 374 877 442 lllSTOth
905 367 1214 438 toemttsttctt

293 547 417 631 imperii
441 546 574 610 Heraclii
595 545 635 611 20
658 543 838 610 llormisdas
859 552 968 628 regnat
985 541 1017 604 in
1038 543 1148 605 Persis.
1189 561 1261 603 cum
1281 545 1386 602 sutem

293 631 456 696 ilemclius
482 639 559 693 esset
588 629 672 712 apud
702 627 911 710 Hierapolim,
932 628 1019 690 veuit
1046 627 1088 696 ad
1111 647 1184 689 eum
1203 623 1385 688 Athanasius

293 715 472 800 patriarcha
495 715 722 792 lacohitsrum,
749 713 799 774 vir
820 713 898 774 acris
918 721 952 777 et
983 733 1117 794 aequam
1137 711 1169 771 io
1192 709 1265 788 enii,
1285 709 1386 792 Syro-

293 821 367 862 rum
390 799 502 860 inditas
532 797 680 860 versutias
710 795 887 879 possidens:
909 801 942 856 et
972 803 1061 856 moto
1082 793 1122 859 de
1142 731 1204 856 tila
1223 793 1264 855 ad
1285 792 1388 874 impe-

294 895 435 946 ratorem
452 901 607 980 sermone,
625 879 807 978 repromisit
824 880 853 941 ei
872 877 1041 977 Heraclius,
1060 878 1087 942 si
1104 876 1388 975 chalcedonensem

293 959 1299 1130 ttlttt.“t‘tit‘lnttt't'ttslittsit'ttl'ttt‘
1311 961 1389 1106 iffi

294 1133 396 1194 unitas
416 1131 447 1194 irs
473 1129 597 1194 Christo
620 1137 759 1192 naturas.
813 1129 1021 1211 interrogarit
1040 1140 1146 1192 autern
1166 1130 1390 1228 imperatorem

296 1217 335 1280 de
356 1214 541 1298 operatione
555 1235 593 1276 so
616 1211 840 1292 saluntatihus,
859 1213 997 1296 qualiter
1017 1223 1185 1296 oporteret
1207 1233 1237 1274 m
1260 1210 1387 1274 Christo

295 1299 358 1362 dici
380 1299 486 1380 duplas
510 1307 565 1360 aut
585 1297 720 1379 simplas.
761 1306 831 1359 tum
853 1297 1027 1378 imperator
1046 1296 1133 1360 uocis
1153 1297 1293 1362 novitate
1311 1315 1391 1358 eon·

295 1391 472 1460 sternatur,
492 1380 602 1442 scribit
622 1380 732 1464 Sergio
755 1377 1069 1463 constantinopoleos
1130 1379 1248 1480 iscopo.
1289 1377 1389 1441 adso·

296 1475 348 1528 cst
365 1464 459 1528 etiam
489 1474 521 1528 et
542 1465 659 1548 Cyrum
679 1461 818 1526 Phasidis
846 1463 1027 1542 antistitem,
1054 1401 1170 1526 etehoc
1193 1473 1389 1545 somarogsto

297 1549 419 1632 reperit
450 1567 522 1610 mm
553 1547 798 1612 consentientem
834 1546 946 1629 Sergio
976 1545 1007 1608 iu
1030 1565 1125 1611 naam
1143 1546 1335 1610 voluntatem
1358 1551 1391 1606 et

297 1651 392 1697 anam
421 1632 648 1714 operationem.
701 1629 829 1713 Sergius
848 1630 942 1708 enim,
969 1639 1082 1714 utpote
1098 1631 1195 1715 Syrus
1217 1651 1333 1714 gauere
1353 1649 1391 1690 aa

295 1713 477 1798 parentibus
509 1713 652 1777 lacohitis
669 1713 817 1791 existens,
838 1735 931 1776 unam
951 1715 1124 1776 naturalem
1145 1713 1338 1776 voluntatem
1359 1721 1393 1776 et

296 1820 390 1859 unam
411 1796 626 1880 operationem
663 1797 694 1858 in
716 1795 1020 1881 christetessripsit
1041 1806 1135 1886 atque
1155 1799 1312 1860 coufessus
1332 1803 1391 1858 est.

298 1891 342 1942 ast
364 1880 722 1964 imperator-utriusque
745 1881 940 1966 acquiescent
962 1881 1092 1943 consilio
1115 1881 1234 1964 reperit
1257 1877 1393 1944 eththa-

193 1996 222 2052 p.
235 1963 417 2034 totnasium
438 1963 480 2024 eis
502 1965 761 2026 consentientem:
787 1971 920 2028 noverat
950 1965 1034 2026 enim
1056 1965 1142 2050 quod
1165 1965 1209 2026 ihi
1231 1986 1294 2026 uus
1312 1983 1394 2045 ope-

298 2049 380 2111 ratio
403 2046 573 2130 reperitur,
596 2047 650 2108 ubi
670 2055 703 2109 et
730 2067 792 2108 una
821 2055 933 2110 natura
955 2047 1165 2146 cognoscitur.
1208 2057 1311 2110 certus
1334 2069 1395 2108 au-

297 2129 558 2212 iamimperator
589 2149 684 2212 super
703 2127 765 2192 hoc
787 2130 885 2193 factus
914 2131 1025 2194 scribit
1045 2131 1085 2194 ad
1115 2133 1263 2196 loannem
1280 2152 1395 2214 papam

297 2215 473 2276 Romanum
499 2211 735 2296 praedictorum
757 2215 959 2289 sententiam
990 2216 1044 2300 qui
1065 2237 1176 2278 eorum
1200 2235 1397 2301 nequaquam

298 2307 412 2360 sectam
435 2295 565 2362 admisit.
621 2315 722 2381 porro
755 2299 894 2383 Georgio
914 2297 1121 2363 Alexandrino
1151 2299 1298 2362 defuncto
1320 2297 1397 2360 mit.

300 2379 380 2442 titur
401 2375 500 2465 Cyrus
521 2379 684 2480 episcopus
706 2379 908 2446 Alexandriae
933 2383 1175 2467 praeferendus,
1208 2384 1263 2469 qni
1292 2381 1398 2445 unitus

299 2462 471 2527 Theodoro
504 2484 652 2549 episcopo
675 2466 781 2529 Fama
804 2467 879 2530 lecit
899 2466 1111 2533 decoloratam
1144 2466 1278 2552 hydram
1312 2466 1398 2527 illam

301 2548 463 2625 unitatem,
485 2548 548 2611 imo
571 2550 754 2631 vanitatem,
776 2572 871 2613 unam
894 2560 927 2615 et
949 2551 1006 2635 ipsi
1026 2551 1195 2615 scribentes
1218 2552 1249 2612 in
1270 2548 1397 2612 Christo

302 2629 478 2729 naturalem
507 2633 737 2713 operationem.
782 2632 831 2695 his
860 2630 905 2733 ita
939 2635 1201 2721 prosequentibus
1230 2636 1260 2696 in
1291 2632 1399 2717 iugens

301 2712 1403 2885 titt?itttlltlttttttttltt‘intitlttstitit:

305 2886 350 2943 tes
373 2878 446 2963 quia
466 2876 585 2965 synodo
609 2878 851 2945 Chalcedonensi
876 2903 939 2946 non
970 2904 1045 2965 nos,
1064 2884 1117 2951 aed
1139 2886 1244 2968 potius
1269 2884 1403 2947 Chalce-

307 2962 450 3025 donensis
470 2966 604 3049 synodus
626 2960 714 3027 nohis
727 2968 979 3047 communicarit,
995 2992 1055 3054 per
1068 2992 1162 3032 unam
1184 2966 1401 3050 operationem

308 3064 402 3108 unam
430 3042 610 3109 confitendo
643 3056 786 3113 naturam
816 3051 942 3114 Christi.
984 3052 1069 3117 inter
1098 3052 1175 3115 haec
1205 3051 1402 3137 Sophronias

308 3138 512 3191 consecratur
531 3130 694 3215 episcopus
714 3130 1028 3223 hierosolymitanus,
1052 3139 1107 3223 qui
1127 3135 1324 3220 congregatis
1344 3134 1403 3197 suh

309 3234 341 3274 aa
362 3212 542 3295 degentibus
564 3216 715 3301 episeopis
730 3215 860 3301 impium
882 3220 1167 3299 monothelitarum,
1188 3220 1218 3282 id
1243 3230 1287 3281 est
1308 3241 1404 3279 unam

310 3298 505 3359 voluntatem
541 3294 835 3383 dogmatizantium,
873 3300 984 3387 dogma
1018 3326 1171 3369 mucrone
1200 3302 1403 3365 anathematis

311 3376 462 3461 perculit,
483 3386 515 3442 et
548 3380 694 3465 synodica
726 3384 836 3469 Sergio
865 3387 1210 3473 Constantinopolitano
1241 3395 1273 3449 et
1293 3386 1404 3449 loanni

310 3463 454 3525 Romano
475 3484 575 3609 papae
595 3466 772 3528 transmisit.
816 3467 860 3530 isis
882 3487 957 3555 ergo
981 3471 1092 3534 auditis
1111 3471 1271 3534 Heraclius
1292 3470 1408 3532 confu-

312 3566 363 3607 sus
385 3551 439 3623 est,
461 3557 493 3609 et
537 3560 675 3613 estruere
701 3549 828 3635 quidem
854 3552 988 3639 propris
1006 3556 1143 3635 nolehat,
1165 3563 1197 3619 et
1218 3576 1321 3618 rursus
1342 3573 1404 3634 op·

312 3628 481 3711 probrium
509 3654 572 3695 non
599 3634 728 3696 ferebat
778 3643 855 3698 tuuc
886 3660 962 3722 ergo
993 3638 1172 3719 Heraclius,
1203 3648 1240 3699 ut
1258 3659 1406 3723 maguum

314 3712 440 3796 quidem
462 3714 565 3778 facere
584 3716 759 3800 arbitrans,
783 3723 910 3803 exponit
939 3720 1089 3805 scriptum
1113 3720 1190 3785 illud
1213 3720 1301 3807 quod
1320 3744 1406 3783 nua-

315 3808 450 3881 cnpatur
470 3796 615 3881 edictum,
636 3800 799 3865 continens
816 3825 854 3866 ne
879 3826 917 3868 ue
938 3830 1032 3869 unam
1053 3828 1155 3891 neque
1174 3804 1248 3867 duas
1265 3804 1297 3867 in
1313 3804 1407 3867 Chri-

214 3912 241 3967 ρ,
256 3882 585 3981 malaoperationes
603 3878 762 3982 dicendas.
785 3826 950 3971 quolecto
972 3887 1005 3951 ti
1027 3888 1082 3974 qui
1105 3912 1185 3975 quae
1205 3887 1312 3952 Severi
1332 3896 1408 3951 sunt

316 3974 457 4046 sapiunt,
480 3988 510 4025 sn
534 3986 658 4049 popinas
687 3977 719 4031 et
747 3970 862 4034 balneis
888 3970 1060 4037 catholicae
1077 3970 1284 4037 detrahebant
1304 3971 1407 4034 eccle-

316 4048 388 4122 siae,
408 4048 609 4130 perhibentes
629 4050 786 4133 “primurn
817 4052 943 4138 quidem
990 4080 1048 4118 uae
1067 4065 1139 4117 sunt
1157 4056 1291 4120 Nestorii
1311 4051 1407 4116 Cisal.

317 4128 480 4195 cedonitae
509 4134 673 4197 sentientes
705 4138 923 4220 resipuerunt,
950 4080 991 4203 ad
1019 4142 1180 4203 veritatem
1202 4140 1354 4221 conversi,
1375 4149 1410 4201 et

317 4213 396 4277 uuiti
418 4216 507 4279 nohis
531 4236 590 4301 per
611 4240 703 4281 anam
724 4223 941 4304 operationem
959 4232 992 4289 st
1012 4243 1105 4289 auam
1119 4224 1234 4289 Christi
1252 4234 1409 4285 naturam.
