3050 4900
260 308 336 379 252
425 314 637 381 tutatast}
666 313 863 379 uts‘rottm
892 311 1199 380 tentamenta

258 482 454 576 exiguitatem
475 503 595 561 meam,
616 490 648 546 et
679 484 881 546 tannetarium
908 480 1054 545 studium.
1096 503 1186 545 cansa
1209 502 1285 546 vero
1304 483 1348 546 ti·

255 566 351 629 moris
373 575 405 629 et
435 568 632 631 refutationis
666 588 751 629 meno
775 566 851 629 haec
872 574 939 629 ests
959 566 1076 648 aspicio
1096 567 1179 629 enim
1201 575 1234 629 et
1253 565 1349 630 video

255 649 430 728 ecclesiam,
456 672 537 735 quae
563 670 659 733 supra
689 659 812 733 petram
841 649 999 711 Christum
1020 648 1182 711 domiuum
1204 661 1348 714 nostrum

254 732 382 795 fundata
407 742 461 811 est,
482 735 602 796 scissam
625 755 709 795 nunc
739 743 771 797 et
794 733 932 811 divisam,
954 744 984 795 et
1008 754 1064 794 nos
1087 734 1146 795 uiis
1168 742 1265 819 atque
1289 734 1350 795 aii-

253 826 304 879 ier
324 817 496 901 loquentes,
517 827 550 881 et
570 816 661 879 aliter
682 838 735 879 eos
756 814 951 879 Christianos
995 816 1028 879 ui
1046 815 1079 877 iu
1100 816 1233 878 Oriente
1257 816 1351 881 unius

254 900 415 961 nobiscum
432 899 504 963 fidei
522 910 618 973 snnt;
647 899 700 962 sed
729 911 761 963 et
784 899 830 962 his
861 838 1086 963 concordante·
1108 897 1346 978 Occidentaies,

254 1004 310 1045 nos
331 984 370 1046 ab
394 984 538 1047 omuibus
559 984 617 1046 iliis
639 984 788 1047 alienatos
809 992 841 1045 et
863 1006 881 1045 a
900 1004 1008 1067 seper
1026 982 1162 1066 singulos
1184 984 1249 1047 dies
1271 1005 1349 1045 nna-

253 1066 478 1129 thensatiratos.
523 1068 591 1129 dire
613 1088 714 1149 poena
734 1076 781 1129 est
793 1064 975 1129 anathema:
999 1068 1151 1148 procula
1174 1066 1234 1129 deo
1255 1067 1349 1131 emit·

253 1150 302 1228 tit,
324 1159 356 1212 et
377 1174 395 1211 a
418 1172 516 1235 regno
531 1153 690 1213 caelorum
712 1150 848 1233 expellit,
868 1150 982 1212 ducens
995 1151 1026 1210 in
1048 1150 1189 1212 tenebras
1211 1150 1349 1213 exterio.

154 1260 181 1319 p.
191 1245 244 1303 712
255 1254 312 1295 res.
356 1233 453 1297 nescit
485 1235 629 1297 ecciesiae
662 1234 709 1297 ies
742 1234 792 1296 vei
812 1234 963 1296 terminus
991 1242 1105 1295 sectam
1126 1234 1191 1296 sive
1214 1244 1350 1298 conteu-

255 1316 383 1397 tionem‚
404 1318 457 1381 sed
478 1318 559 1381 sicut
581 1318 669 1380 novit
704 1318 850 1379 confiteri
872 1338 968 1378 unum
992 1316 1095 1393 deum,
1121 1338 1219 1379 unum
1240 1317 1349 1399 bapti·

253 1422 327 1477 sma,
348 1422 442 1463 unam
462 1401 567 1479 fidem,
588 1403 631 1463 ita
649 1410 681 1465 et
702 1399 907 1464 concordiam
926 1422 1020 1461 unam
1041 1400 1072 1461 in
1095 1402 1179 1461 omni
1200 1401 1347 1463 ecclesia.

252 1484 332 1547 utico
353 1488 488 1569 negotio.
509 1484 585 1546 nihii
606 1484 690 1547 enim
712 1492 757 1547 est
779 1484 811 1545 in
832 1492 1002 1565 conspectu
1027 1480 1076 1545 dei
1099 1492 1162 1544 tam
1178 1486 1349 1565 'acceptum

252 1577 347 1651 atque
365 1568 517 1651 placabile
552 1588 647 1651 quam
680 1578 716 1631 ut
744 1588 842 1628 unum
862 1566 952 1630 simui
974 1574 1006 1627 et
1037 1588 1099 1628 nna
1122 1566 1275 1629 efficiatur
1294 1589 1350 1629 ca-

252 1651 369 1713 tholica
406 1651 557 1724 ecclesia,
589 1650 855 1735 quemadmodum
885 1650 918 1712 iu
950 1649 1091 1715 sincerae
1121 1661 1247 1713 nostrae
1275 1651 1349 1714 fidei

251 1734 394 1818 symbolo
424 1736 624 1799 confitemur.
668 1744 701 1797 et
720 1735 854 1817 petimus
875 1754 953 1813 nos,
973 1735 1104 1813 fratres,
1134 1742 1170 1796 ut
1197 1755 1291 1811 reor,
1318 1744 1350 1797 et

252 1838 350 1897 voss
381 1820 509 1881 uoniam
534 1819 599 1879 scio
622 1816 770 1881 timorem
802 1840 857 1879 ros
879 1818 930 1881 dci
952 1816 1086 1895 hahere,
1118 1817 1298 1900 apiissimis
1318 1828 1350 1881 et

253 1840 437 1965 orthodoxis
461 1901 705 1983 imperatoribus
734 1902 849 1965 nostris
877 1901 1033 1984 synodum
1054 1900 1259 1964 universalem
1280 1902 1351 1963 col·

253 1984 329 2067 ligi,
352 1996 387 2047 nt
408 1982 580 2049 efficiamur
601 2005 676 2061 nos,
698 1984 752 2068 qui
775 1986 866 2048 unius
888 1985 939 2047 dei
960 2004 1081 2059 sumus,
1102 2005 1216 2061 unum,
1238 1994 1270 2047 et
1292 1982 1347 2068 qni

254 2068 404 2133 trinitatis
435 2068 570 2131 cultores
599 2069 773 2147 existimus,
808 2068 888 2131 uniti
918 2078 952 2131 et
970 2068 1128 2131 unanimes
1150 2078 1182 2131 et
1202 2068 1350 2151 collegae,

255 2162 288 2215 et
309 2153 364 2236 qni
385 2152 494 2235 capitis
523 2151 623 2215 nostri
645 2151 761 2215 Christi
782 2172 907 2231 sumus,
928 2148 1100 2215 efficiamur
1119 2171 1234 2234 corpus
1255 2172 1352 2213 unum

255 2246 455 2334 compactum
489 2244 584 2320 atque
605 2257 795 2315 connexum,
827 2246 861 2299 et
893 2234 949 2319 qui
969 2236 1068 2297 saneti
1089 2234 1216 2317 spiritus
1236 2256 1350 2315 summ,

256 2318 427 2383 efficiamur
449 2340 512 2383 non
535 2328 645 2381 contra
664 2320 798 2383 invicem
816 2318 869 2383 sed
889 2338 952 2403 pro
975 2318 1118 2393 invicem,
1137 2325 1170 2380 et
1190 2320 1244 2402 qui
1264 2319 1350 2381 ueri-

255 2404 327 2467 tatis
349 2403 515 2485 existimns‚
537 2403 707 2468 efficiamur
729 2403 761 2466 id
782 2406 883 2488 ipsum
910 2401 1063 2487 sapientes
1084 2412 1179 2486 utque
1201 2402 1350 2483 dicentes,

187 2550 192 2558 ,
254 2496 371 2552 etnou
390 2491 481 2552 sitin
503 2487 591 2550 nobis
612 2497 771 2552 cerumen
790 2490 855 2551 sive
876 2487 1033 2566 dissensio,
1057 2497 1093 2549 ut
1107 2507 1166 2570 pax
1188 2486 1248 2565 dei,
1271 2507 1352 2570 qnae

256 2584 406 2656 exuperat
438 2593 563 2635 onmem
584 2593 722 2650 sensnm,
751 2573 873 2634 muniat
901 2591 956 2632 nos
985 2589 1103 2634 omnes.
1146 2579 1179 2632 et
1198 2571 1351 2653 liquidem

255 2656 398 2720 iusserint
414 2657 621 2718 orthodoxiae
633 2665 895 2739 propugnatores,
914 2653 1120 2734 imperatores
1133 2653 1351 2725 videlicet-no..

158 2740 323 2840 P,713stri,
340 2739 544 2822 postulationi
564 2761 650 2802 meae
665 2759 816 2814 annuere,
839 2737 1002 2802 consentio
1013 2747 1046 2800 et
1067 2757 1138 2821 ego.
1162 2737 1210 2797 sin
1230 2747 1346 2815 autem,

256 2821 446 2904 impossibiie
472 2831 520 2884 est
550 2821 625 2882 mihi
647 2819 709 2884 boc
731 2821 848 2900 lucere,
871 2843 911 2882 ne
939 2821 1090 2884 subiiciar
1109 2819 1298 2884 anathemati
1318 2831 1351 2884 et

256 2905 399 2970 inveniar
420 2903 640 2967 condemnatus
661 2904 694 2966 in
716 2905 768 2968 die
795 2904 914 2968 domiui
935 2905 1034 2966 nostri
1055 2912 1089 2966 et
1108 2903 1244 2967 iustitiae
1264 2903 1348 2982 iudi.

256 2991 315 3066 cis,
353 2987 407 3050 ubi
431 3007 532 3071 neque
562 2987 737 3069 imperator
767 3010 870 3072 neque
897 2987 1042 3052 sacerdos
1074 3009 1176 3073 neque
1192 2989 1349 3070 principes

254 3093 358 3156 neque
380 3069 541 3134 hominnm
562 3069 730 3133 multitudo
753 3073 876 3154 poterit
896 3071 1022 3154 eripere
1042 3093 1101 3134 me.
1143 3079 1177 3133 et
1197 3069 1350 3156 quicquid

255 3155 533 3253 placuerit'robis,
554 3155 679 3232 fratres,
701 3153 774 3218 date
789 3155 952 3253 apologiae
964 3175 1050 3218 meae
1064 3177 1129 3217 uno
1147 3176 1225 3217 vero
1249 3177 1351 3219 asseru-

254 3239 349 3302 tionis
372 3249 492 3302 vestrae
512 3237 654 3302 redditae
669 3239 816 3321 petitioni
836 3260 922 3302 meae
942 3242 1154 3320 responsum.”
1195 3249 1228 3301 et
1250 3240 1350 3302 libeu-

192 3397 196 3408 ⁶
255 3323 494 3390 maritarunt
523 3344 628 3386 omnes
651 3343 731 3407 quae
753 3323 838 3385 dicta
856 3332 945 3400 sunt,
965 3343 1148 3385 consensum
1164 3324 1350 3405 praebentes

252 3414 293 3470 nt
310 3407 403 3472 fieret
422 3405 565 3492 synodus.
606 3415 639 3468 at
658 3425 734 3470 vero
753 3405 897 3469 Tarusius
925 3427 1030 3468 rursus
1050 3405 1091 3468 ad
1111 3406 1265 3489 populum
1286 3407 1350 3468 dis-

251 3499 368 3574 putans
402 3491 447 3552 eit
474 3493 558 3554 “Leo
590 3489 767 3573 imeretur
794 3490 950 3553 subvertit
979 3489 1144 3574 imaginem
1166 3500 1199 3552 et
1218 3489 1347 3574 quando

255 3574 389 3658 synodus
410 3575 490 3636 facta
513 3583 580 3654 at,
610 3575 774 3638 subversas
793 3575 859 3636 ilias
880 3572 1009 3636 invenit.
1052 3584 1085 3634 et
1107 3571 1349 3656 propterquod

245 3657 460 3741 imperatoria
480 3681 574 3724 mann
594 3659 758 3722 subversae
777 3668 861 3734 sunt,
882 3658 997 3720 iterum
1019 3657 1231 3740 quaestionem
1252 3657 1348 3720 hahet

254 3739 336 3804 idern
358 3741 539 3824 capitulum,
562 3743 712 3828 quoniam
733 3741 894 3824 antiquam
914 3740 1169 3802 consuetudinem
1192 3741 1223 3803 in
1246 3740 1346 3802 eccle·

253 3825 296 3888 sin
318 3827 466 3889 traditam
484 3834 780 3910 praesumpserunt,
802 3825 882 3886 sicut
901 3825 943 3887 eis
965 3824 1087 3886 lihitum
1109 3825 1178 3902 fuit,
1198 3821 1347 3886 extermi.

252 3931 338 4054 pare.
394 3909 448 3974 sed
482 3911 597 3975 veritas
618 3909 690 3988 dei,
710 3917 747 3972 ut
764 3908 935 3992 apostolice
957 3907 1113 3987 dieamus,
1148 3928 1212 3972 uon
1234 3918 1279 3970 est
1299 3907 1352 3969 ai·

265 3991 377 4077 igata.’'

334 4113 444 4194 ltaque
475 4122 590 4176 octavo
630 4109 777 4175 kalendas
814 4109 972 4172 lanuarias
1006 4071 1138 4170 octavae
1167 4105 1347 4168 indictionis

251 4205 449 4260 consecratus
472 4203 519 4260 est
545 4197 641 4259 almus
669 4205 759 4279 pater
781 4201 888 4258 uuster
901 4191 1044 4256 Tanusius
1065 4191 1246 4277 patriarcba
1259 4192 1347 4255 Con.
