3050 4900
551 320 603 383 Ex
632 317 892 385 meorum.
943 349 945 352 ·
1204 312 1278 386 219

184 487 357 563 staulinus,
377 498 563 584 persecutor
588 489 690 571 legum
710 512 728 549 a
747 488 890 571 putribus
922 486 1122 567 traditarum,
1144 490 1375 575 lmpamtpbtttl

184 570 298 634 divinis
319 571 441 633 iudiciis
464 584 496 635 et
519 572 716 635 multitudino
747 574 911 655 culparum
930 574 1070 654 exigente
1090 584 1277 637 nostrarum.

184 655 241 739 qui
266 676 339 715 cum
361 656 473 739 quinto
494 656 555 719 tat.
578 655 666 717 lulius
685 656 727 717 ad
748 667 855 737 partes
877 657 1145 740 egressusObsicii
1165 659 1280 721 adver.

184 761 235 799 sus
256 739 373 801 Arabes
395 748 481 817 esset,
501 740 638 803 venitad
659 740 818 801 civitatem
838 762 920 825 quae
939 740 1056 802 dieitur
1078 743 1184 803 Craso.
1208 764 1281 804 cum

185 831 290 884 autem
311 821 488 905 praedictus
513 822 722 887 Artahuasdus
751 824 892 885 Dorilaei
913 844 985 885 cum
1005 824 1139 885 Obsiaeo
1159 826 1281 908 populo

188 914 274 983 esset,
296 906 545 988 suspiciebantur
566 908 604 969 ad
626 908 767 969 invicem.
799 908 925 970 mittens
945 914 1051 969 antem
1062 908 1282 969 Constantinus

186 986 226 1051 ad
247 1012 320 1051 enm
341 990 470 1072 petebat
488 992 545 1053 sibi
569 989 661 1073 dirigi
678 990 756 1051 lilios
780 992 855 1068 eius,
877 1013 955 1074 quos
978 992 1065 1075 quasi
1086 988 1284 1054 desiderabat

187 1082 300 1155 utpote
313 1082 443 1155 nepotes
465 1095 536 1136 suos
553 1076 671 1137 videre.
693 1074 826 1135 intentio
843 1084 945 1135 autem
960 1074 1024 1137 eius
1044 1084 1113 1137 erat
1133 1096 1284 1157 compre-

185 1155 344 1219 hendendi
363 1177 416 1218 eos
431 1166 463 1220 et
484 1158 679 1220 retrudendi.
700 1166 733 1218 at
755 1156 806 1219 ille
826 1179 898 1219 cum
914 1156 1110 1221 intellexisset
1130 1160 1283 1240 fraudem,

187 1239 471 1304 immensurabilem
499 1240 649 1303 malitiam
669 1240 733 1303 eius
754 1242 869 1319 sciens,
891 1242 939 1301 sni
961 1239 1211 1324 desperationem
1234 1243 1284 1302 in.

186 1324 299 1399 currit,
321 1324 539 1408 populumque
575 1325 735 1407 alloquens
765 1334 799 1387 et
824 1323 1010 1407 persuadens
1033 1326 1152 1407 impetu
1173 1325 1285 1388 adver-

185 1428 236 1469 sus
258 1406 346 1467 illum
375 1428 447 1469 cnm
468 1408 554 1469 omni
585 1406 784 1470 multitudine
806 1409 1001 1491 properavit.
1044 1418 1076 1470 et
1094 1410 1189 1473 Beser
1210 1409 1284 1493 qui.
1328 1441 1334 1455 ·

188 1490 260 1553 dem
278 1490 457 1571 patricium,
479 1493 532 1575 qui
554 1512 656 1553 sensus
676 1498 744 1553 erat
759 1494 987 1553 Saracenorum
1005 1502 1144 1555 sectator
1166 1494 1285 1576 quique

187 1584 411 1658 praecesserat,
436 1574 614 1659 romphaeis
633 1576 869 1637 interfecerant.
911 1586 1041 1637 atvero
1065 1576 1283 1637 Constantinus

186 1659 301 1719 misere
326 1679 408 1742 equo
437 1660 521 1721 forte
550 1666 648 1721 strato
677 1668 825 1741 reperto,
850 1682 921 1720 cnm
945 1658 1128 1721 ascendisset
1149 1660 1179 1721 in
1202 1682 1285 1735 euru,

187 1740 307 1825 fum'ens
322 1742 409 1803 venit
425 1743 598 1805 Amorium.
641 1752 672 1803 et
693 1766 765 1805 cum
780 1741 819 1803 ad
829 1742 1038 1804 Orientalium
1061 1742 1175 1819 thema,
1196 1744 1284 1803 cuius

185 1834 320 1924 praetor
340 1834 416 1887 tunc
437 1827 590 1888 Lancinns
620 1836 710 1903 erat,
743 1827 945 1903 cucurrisset,
976 1826 1224 1889 circumvenitur
1245 1824 1285 1887 ab

187 1910 255 1987 allis,
281 1930 359 1992 quos
381 1909 500 1992 magnis
530 1909 692 1972 sublevans
722 1910 1003 1993 pollicitationibus
1023 1906 1062 1972 ad
1084 1908 1286 1971 sisinnatium

187 1993 287 2055 mittit
308 1992 480 2069 confestim,
503 1994 557 2077 qui
571 2004 646 2055 tnnc
665 2004 797 2075 praetor
808 1992 1108 2057 cratThracensium
1130 1992 1286 2070 thematis,

188 2085 222 2141 et
244 2077 412 2158 persuadet
429 2076 485 2137 illis
501 2077 639 2139 auxiliari
657 2078 727 2139 sibi.
751 2078 825 2139 hinc
844 2100 919 2163 ergo
937 2076 1148 2140 atrocissimae
1162 2096 1287 2159 pugnae

187 2170 220 2223 et
241 2159 405 2221 conllietus
425 2160 554 2223 subditis
583 2170 794 2244 generantur,
816 2184 887 2222 cum
910 2162 1087 2246 imperator
1110 2158 1383 2245 appellare-nott

191 2254 247 2307 tur
264 2253 409 2329 uterque.
451 2254 617 2327 praetcrea
638 2245 749 2307 scribit
768 2246 980 2307 Artahuastlus
999 2246 1038 2306 ad
1061 2245 1288 2325 Theophanem

192 2328 358 2407 patricium
379 2335 411 2389 et
434 2330 638 2411 magistrum,
674 2329 729 2411 qni
758 2347 794 2389 er
816 2348 952 2411 persona
981 2329 1133 2411 principis
1157 2328 1188 2388 in
1209 2328 1288 2389 urbe

193 2420 404 2488 remanserat,
426 2430 485 2494 per
518 2411 718 2473 Athanasium
745 2412 966 2491 silentiarium,
989 2434 1070 2495 quae
1098 2420 1181 2495 gesta
1203 2418 1286 2474 sunt.

190 2497 245 2638 appi
270 2517 342 2557 enm
365 2495 558 2558 Artahuasdo
581 2497 712 2570 faveret,
739 2506 928 2557 coacervato
951 2494 1071 2578 populo
1095 2493 1179 2576 apud
1201 2503 1288 2554 catc-

188 2601 209 2640 e
232 2579 354 2640 umenia
376 2599 506 2663 magnae
524 2579 678 2655 ecelesiae,
699 2587 731 2640 ot
751 2601 811 2661 per
826 2579 944 2640 litteras
965 2587 997 2639 et
1014 2597 1075 2660 per
1095 2577 1288 2639 iamdictam

188 2663 392 2724 Athanasium
416 2664 568 2746 persuasit
591 2663 733 2724 omnibns
747 2661 877 2725 credere
898 2661 985 2746 qnod
1006 2661 1180 2744 imperator
1199 2679 1288 2722 mor·

189 2757 262 2808 tuus
286 2748 403 2822 fuerit,
431 2747 641 2810 Artahuasdus
669 2754 774 2808 autern
802 2771 819 2807 a
849 2745 1036 2808 thematibus
1065 2745 1287 2828 pronuntiatus

188 2831 231 2891 sit
251 2832 439 2912 imperator.
480 2839 555 2894 tunc
578 2832 677 2894 omnis
698 2829 833 2913 populus
865 2852 937 2891 eam
958 2829 1117 2890 Anastasio
1138 2829 1205 2890 salsi
1226 2849 1289 2888 uo-

189 2913 280 2975 minis
302 2913 482 2994 patriarcha
505 2914 694 2978 anathemati
712 2923 744 2974 et
766 2914 962 2976 detestationi
976 2915 1187 2976 submiserunt
1200 2911 1289 2973 Con.

188 2999 360 3059 stantinum
395 3007 431 3059 ut
467 3007 667 3081 arrogantem
697 3005 729 3060 et
759 2995 972 3060 adversarium
995 2997 1055 3076 dei,
1076 3005 1172 3080 atque
1193 2995 1291 3078 ipsius

189 3082 319 3143 caedem
339 3082 600 3163 amplectabiliter
620 3081 812 3143 admiserunt
839 3091 989 3165 tunquam
1011 3081 1131 3141 amalo
1153 3081 1287 3140 maximo

189 3165 333 3226 liberati:
365 3167 594 3228 Artnhuasdum
623 3187 700 3226 vero
723 3165 948 3247 imperatorem
970 3164 1233 3247 praedicaverunt
1251 3172 1291 3223 ut

191 3248 406 3310 orthodoxum
428 3260 460 3312 et
480 3250 658 3311 divinornm
682 3249 863 3342 dogmatum
882 3257 1162 3331 propugnatorem.
1214 3265 1289 3306 mox

190 3353 269 3414 ergo
294 3335 439 3394 Monotes
467 3334 566 3395 mittit
595 3333 625 3394 in
654 3343 758 3414 partes
788 3333 979 3394 Thracemes
1008 3328 1048 3390 ad
1072 3327 1289 3412 Nicephorum

190 3415 290 3477 filium
309 3437 409 3492 sunus,
432 3428 613 3498 praetorem
627 3415 860 3492 Thracensium,
886 3437 950 3499 quo
972 3413 1012 3475 ad
1033 3414 1209 3476 custodiam
1229 3433 1288 3473 ur.

188 3500 238 3562 bis
263 3501 397 3562 minaret
412 3499 475 3561 illio
491 3499 660 3562 exercitum
678 3501 894 3563 constitutum.
938 3499 1087 3561 obseratis
1109 3519 1185 3579 ergo
1205 3516 1287 3639 por-

190 3585 231 3644 tis
253 3606 419 3644 murorum
440 3595 472 3645 et
492 3585 602 3666 vigiliis
623 3584 742 3666 positis,
764 3585 842 3644 [ilios
861 3583 1055 3644 Constantini
1075 3601 1206 3664 compre
1230 3601 1293 3640 ene

189 3687 241 3728 sos
262 3689 365 3730 caesos
388 3689 425 3729 ac
446 3675 552 3729 tonsos
582 3669 614 3727 in
647 3667 788 3729 custodia
819 3666 932 3749 posuit.
975 3688 1046 3728 enm
1068 3673 1173 3726 autem
1196 3666 1288 3724 Arta·

191 3750 326 3812 hunsdus
361 3773 432 3812 cum
465 3752 632 3834 Obsequiis
662 3759 740 3812 esset
761 3751 874 3811 urbem
898 3750 1069 3833 ingressus,
1089 3747 1235 3831 pervenit
1256 3753 1290 3808 ot

163 3847 169 3860 ¹
191 3835 411 3896 Constantinus
433 3833 652 3916 Chrysopolim
675 3857 749 3895 cum
765 3835 886 3896 dnobus
908 3832 1106 3909 thematibus,
1125 3829 1388 3906 Thracen-pell)

191 3918 270 3980 sinan
292 3919 410 3980 seilicet
439 3917 473 3980 'et
496 3919 725 3996 Orientalium
759 3927 883 3979 etcum
915 3919 991 3977 attat
1021 3937 1115 3999 agere
1133 3914 1286 3993 valuisset,

193 4023 333 4063 reversus
358 4001 441 4083 apud
468 4003 632 4064 Ameriam
662 4002 818 4064 hiemavit.
870 3998 1080 4063 Artahuasdus
1104 4007 1208 4062 antem
1227 4019 1287 4080 per

192 4093 294 4146 totam
326 4087 436 4146 urbem
466 4107 568 4148 sacras
602 4085 699 4146 erexit
722 4085 877 4166 imagines.
928 4086 1048 4146 interea
1067 4083 1194 4145 barbari
1214 4104 1286 4143 sen-

192 4167 305 4232 tientes
325 4167 442 4233 horuua
463 4171 595 4234 invicem
617 4169 774 4253 iurgium,
798 4168 928 4232 multam
947 4166 1102 4252 praedam
1118 4169 1149 4231 in
1169 4169 1287 4231 Rama-
