3050 4900
615 410 767 477 NOTAE.
1150 412 1223 481 513

138 578 258 657 volunt,
281 578 393 663 quibus
423 578 560 644 auctoris
586 582 683 645 rerba
714 580 951 667 adstipulantur.
1006 585 1089 649 iuter
1116 584 1222 668 ipsam,

138 671 171 724 et
190 670 369 747 sequentem
386 664 631 745 Adrianopoleos
652 676 782 748 portum
801 686 906 731 versus
919 671 1131 733 continentem
1150 668 1224 731 ΒΙκ-

137 744 326 809 cheruarutn
347 746 498 829 palatium
518 748 612 810 situm
632 749 701 813 fait.

221 862 293 941 573,
314 862 365 925 et.
400 859 599 947 Ἡράκλειος]
632 866 785 949 Apsimari
818 868 919 931 irater
938 866 1146 931 Orientalium
1167 890 1224 933 co·

35 934 44 957 ‘
138 946 263 1027 piarum
286 945 357 1013 dar.

221 1052 291 1131 574,
309 1052 338 1115 2.
380 1052 413 1115 is
432 1052 475 1136 τῷ
492 1053 590 1137 τείχει
604 1048 725 1126 πάντας
743 1048 945 1138 ἐφαύρκισεν]
964 1051 1046 1139 πρὸς
1064 1057 1110 1143 aqi
1128 1058 1228 1139 τείχει

137 1134 193 1197 tut
211 1128 306 1210 ξύλον
328 1134 512 1219 α’νήρτησεν.

221 1242 303 1304 ibid.
319 1236 349 1306 4.
392 1238 599 1330 ἐμπράκτσνς]
613 1258 735 1309 actores
748 1243 846 1309 vertit
858 1246 1043 1325 Anastasius,
1065 1244 1152 1308 caius
1168 1244 1229 1309 siis

138 1322 233 1388 lectio
256 1340 397 1389 auctores
420 1326 526 1390 habet.

219 1440 305 1503 Ibid.
324 1438 354 1503 9.
396 1438 579 1517 ἀπολύσεως
606 1442 666 1505 scii
686 1436 814 1523 apricos
835 1438 944 1521 βαΐσσ]
968 1431 1228 1531 dadiaosqflais,

138 1532 171 1585 ct
191 1522 354 1586 demissius
378 1519 487 1609 βᾰϊον,
502 1528 627 1612 palmo,
648 1537 681 1590 et
698 1530 879 1612 praemium.
927 1528 979 1590 adi
1002 1536 1091 1591 uates
1110 1529 1143 1591 in
1167 1530 1228 1591 Ce-

138 1606 271 1669 drenum
292 1608 494 1691 posteriores.

220 1714 302 1781 ibid.
328 1713 375 1777 13.
419 1713 453 1777 ἐν
480 1716 520 1796 τῆ
540 1710 623 1802 νήσῳ
635 1707 824 1799 wasnau]
845 1715 883 1779 ad
903 1716 1066 1805 Bithyniae
1084 1728 1229 1805 pontum.

142 1798 315 1862 correctius
333 1778 523 1880 ’Apaocpids
542 1802 650 1883 posuit
671 1799 875 1882 Nicephorns.

221 1906 301 1968 Ibid.
326 1904 373 1969 18.
416 1899 622 1993 κλητσρεύων]
645 1905 680 1971 ss
701 1904 817 1993 δεύινῳ
840 1908 1013 1989 συγκαλῶν.
1035 1908 1131 1973 ideas.

222 2020 293 2100 575,
317 2020 367 2085 10.
407 2017 579 2105 καθολικὴν
601 2023 793 2103 Δαμασκοῦ]
813 2024 965 2107 templum
985 2025 1024 2088 ad
1046 2024 1134 2109 quod
1155 2047 1230 2087 con.

140 2104 284 2170 veniendi
312 2106 485 2191 promiscui
514 2108 695 2187 sexa'syiris
727 2129 765 2169 nc
797 2108 978 2171 mulieribus
1008 2118 1143 2192 potestas
1175 2120 1231 2189 est,

140 2188 270 2257 maxime
292 2190 378 2272 qaod
401 2190 433 2250 in
464 2190 640 2252 civitatibus
670 2190 858 2272 primarium
877 2199 942 2270 est,
961 2199 995 2255 et
1017 2194 1162 2256 antistitis
1182 2216 1233 2257 se·

141 2270 211 2351 des,
236 2272 382 2335 catholici
406 2294 519 2335 nomeu
550 2272 721 2337 obtinuisse
752 2294 788 2336 es
808 2273 989 2339 Balsamoae
1007 2275 1232 2339 declaravimus

140 2353 173 2417 ia
197 2355 416 2440 euchologici's.

220 2471 301 2534 ibid.
322 2471 371 2534 15.
413 2462 571 2534 oiddsosoo
588 2469 628 2554 κῇ
640 2469 766 2532 ἐκείνων
777 2463 915 2556 γλώσσῃ]
938 2471 1013 2533 hinc
1027 2491 1231 2537 numerorum

139 2561 228 2616 notas
250 2563 281 2616 ct
299 2555 516 2632 characteres,
537 2555 651 2634 cisras,
675 2553 768 2638 vulgo
789 2553 911 2636 dictds,
932 2555 1100 2617 Arabicum
1122 2554 1232 2618 inven-

138 2643 217 2715 tam,
238 2649 293 2700 aut
315 2637 459 2700 Arabicas
482 2635 565 2698 nulla
596 2639 718 2700 ratione
740 2637 916 2714 vocandos,
940 2637 995 2722 qni
1014 2636 1092 2700 haec
1110 2637 1230 2721 legerit,

138 2741 261 2783 mecum
282 2721 459 2784 contendet.
503 2721 617 2783 etenim
637 2723 661 2781 si
683 2721 821 2782 Arabum
844 2721 956 2803 lingua,
977 2720 1009 2783 id
1031 2731 1086 2801 est,
1106 2723 1230 2805 linguae

139 2803 373 2868 characteribus
387 2805 497 2882 unitas,
516 2805 665 2882 binarius,
685 2806 852 2880 ternarias,
863 2815 921 2866 etc.
943 2805 1037 2866 scribi
1059 2814 1227 2889 nequeant:

163 2887 194 2948 ai
214 2887 408 2950 characteres
428 2894 483 2948 aut
497 2888 604 2971 ψῆφοι
632 2888 898 2970 nuncupabantur
917 2887 1065 2950 Arabici?
1106 2889 1229 2952 cilicet

139 2909 284 3052 deinceps
317 2971 453 3033 Arabum
479 2970 583 3054 lingua
613 2980 837 3052 computorum
869 2972 967 3034 libros
985 2970 1077 3037 Valid
1106 2972 1228 3036 iusserit

139 3053 282 3132 describi,
303 3076 448 3116 numeros
476 3063 580 3116 tamma
610 3073 647 3114 ac
667 3075 799 3116 summas
826 3075 956 3136 expense
975 3065 1009 3118 et
1028 3056 1068 3119 ad
1088 3057 1227 3138 longum,

135 3137 238 3216 χωρίς
257 3133 376 3219 ψήφων
389 3139 515 3200 Graecis
537 3135 733 3218 εἰθισμένων,
755 3137 857 3199 voluit
878 3141 1009 3221 apponi,
1033 3137 1119 3222 qaod
1138 3139 1226 3200 Basi-

137 3219 196 3280 lius
217 3221 417 3301 postmodum
438 3245 454 3283 a
477 3221 626 3298 Graecis,
646 3228 724 3282 teste
747 3219 903 3300 cedreno,
923 3223 1032 3283 statuit
1053 3221 1225 3286 observari.

138 3310 227 3364 notas
251 3303 356 3388 itaque
369 3305 634 3387 characteresque,
655 3304 767 3388 quibus
787 3323 933 3384 numeros
954 3304 1129 3368 summatim
1151 3326 1226 3368 exa·

138 3375 262 3463 rumai,
287 3387 303 3448 1
336 3389 355 3449 2
387 3383 529 3450 34etc.
559 3387 598 3448 ab
631 3388 711 3449 indis
732 3397 765 3448 et
791 3386 952 3450 Chaldaeis
980 3409 1079 3470 nsque
1107 3386 1148 3449 sd
1168 3407 1225 3452 aas

137 3469 214 3532 scite
236 3470 329 3554 tnagis
353 3471 485 3532 advocat
505 3472 674 3532 Glareanus
697 3471 729 3530 in
760 3469 974 3533 arithmeticae
991 3468 1172 3554 praeludiis.

218 3577 300 3640 Ihid.
314 3577 361 3641 18.
400 3572 620 3651 Ὶονστινιανός
631 3572 688 3658 τὴν
700 3573 893 3660 desparata]
917 3579 1047 3643 eandem
1059 3578 1222 3643 historiam

136 3659 201 3722 foss
224 3663 428 3747 prosequitur
450 3661 653 3744 Nicephorus.

135 3861 169 3920 u
217 3773 350 3855 576,18.
389 3774 503 3860 cippis}
517 3775 656 3856 Σολιμᾶν
671 3783 765 3839 vacat
784 3773 835 3838 ille
852 3769 931 3837 sosoi
955 3769 1014 3860 τὴν
1033 3772 1131 3840 seraa
1149 3772 1221 3840 dsci-

171 3877 252 3920 κτον.

216 3965 289 4044 578,
312 3965 343 4030 6.
383 3960 595 4049 μνρισβόλων]
614 3961 826 4047 μυριαγῶγων
845 3965 939 4029 lsabet
958 3967 986 4030 P
1042 3987 1085 4028 es.
1108 3967 1218 4030 codex.

133 4046 206 4111 idco
227 4051 309 4112 verti
328 4055 499 4113 oneror-alass
529 4073 604 4135 quas
632 4050 804 4112 Anastasius
822 4053 978 4113 clauseras.-
1013 4070 1105 4113 orsau
1124 4049 1220 4115 elisus

133 4129 353 4215 nopsafldlooc,
376 4135 445 4216 igne
466 4139 589 4198 Graeco
611 4133 717 4219 plenas
739 4143 773 4196 et
790 4142 930 4194 armatas.

212 4239 293 4302 Ibid.
311 4238 365 4302 16.
413 4241 602 4328 Toadoaisor}
625 4240 767 4306 Patavina
789 4241 906 4326 ubique
918 4239 993 4324 tegit
1011 4237 1066 4302 sio
1086 4241 1217 4324 Aosiros,

234 4364 411 4438 Theophanes
432 4366 468 4419 11.
983 4361 1018 4414 53
