3050 4900
284 299 362 381 ues
449 297 659 387 sumansu
687 299 1207 371 snmasaruoetasrtsncn

285 495 392 550 naam,
412 471 498 536 circa
529 471 730 556 negotiorum
747 491 825 536 vcro
848 470 1079 554 dispositionem
1110 472 1201 550 incra,
1221 471 1371 540 maritate

280 559 429 622 subactus
449 555 630 618 Tbeoctisto
651 555 799 638 magistro
818 578 873 619 seu
898 557 1008 618 ceteris
1028 556 1233 640 principibus.
1275 579 1371 638 prae-

286 649 373 704 terea
393 661 497 702 mense
514 638 693 701 Februario
712 638 776 700 duo
795 639 964 702 Christiani
995 661 1030 702 er
1051 640 1199 722 Vulgaria
1220 639 1370 724 fugientes

287 724 510 788 promserunt
530 723 713 804 imperatori
735 723 905 784 Crumnum
920 724 1143 805 praedaturum
1165 745 1226 800 eoa,
1271 723 1302 786 ui
1324 747 1371 786 es-

284 817 354 870 sent
374 807 406 869 in
415 806 548 883 Thrace,
567 815 697 887 repento
708 806 866 870 festinare.
897 815 929 868 et
946 803 1204 889 decimoquinto
1225 805 1265 868 ta
1297 807 1370 872 ndns

284 889 413 954 unuin
440 891 533 954 exirit
560 889 734 972 imperator
754 890 794 951 ab
817 890 912 966 urbe,
932 897 964 951 ct
981 889 1032 954 dei
1053 888 1251 974 providentia
1271 890 1371 952 ineiii.

282 995 341 1036 eas
362 971 456 1036 rediit
474 973 627 1034 Crumw
655 995 722 1036 uou
742 972 848 1056 paucis
869 973 990 1034 amissis.
1044 981 1091 1034 ast
1111 972 1284 1055 imperator
1303 974 1369 1034 Hs.

285 1055 496 1140 driuuopoliru
515 1056 649 1134 veniens,
666 1055 871 1120 et'ondinatis
892 1065 963 1138 apto
976 1075 1055 1140 quae
1077 1055 1160 1118 circa
1181 1075 1249 1120 eam
1270 1065 1371 1132 erant,

284 1161 358 1202 cum
375 1139 491 1223 gaudio
513 1138 616 1217 rediit,
634 1147 667 1202 et
685 1139 849 1202 maeandros
876 1140 1098 1202 monasterium
1119 1139 1238 1200 Tarasii
1259 1137 1373 1204 beatis-

188 1224 352 1295 otmunt
372 1222 580 1306 patriarchae,
602 1221 764 1286 celebratis
793 1223 858 1286 eius
876 1223 1044 1301 memoriis,
1065 1245 1126 1284 una
1144 1242 1215 1284 cum
1236 1223 1372 1305 Augusta

283 1305 463 1389 Procopia,
494 1315 645 1390 argenteo
677 1307 783 1388 petalo
808 1306 958 1368 librarum
988 1305 1028 1369 95
1055 1327 1178 1370 aarum
1197 1305 1374 1387 sepulcrum

282 1390 349 1454 cius
367 1389 501 1454 vestirit.
543 1400 615 1473 post
636 1402 760 1473 captam
775 1411 849 1452 vcro
862 1391 1079 1455 Mesambriam
1101 1391 1274 1472 imperator
1290 1387 1375 1452 Cra„

283 1494 362 1538 nno
380 1494 459 1554 paca
474 1483 597 1572 negata,
619 1495 655 1536 ex
676 1474 819 1536 omuibus
839 1473 1026 1536 thematibus
1048 1473 1189 1534 militiam
1206 1478 1279 1537 aute
1299 1494 1374 1536 vers

283 1560 355 1620 sate
377 1566 500 1640 tempus
527 1580 559 1620 sn
584 1557 739 1620 Thracem
768 1558 900 1618 transire
919 1557 1101 1640 praecepit,
1129 1557 1172 1618 ita
1202 1565 1240 1617 ut
1269 1577 1374 1618 omnam

283 1639 413 1706 moleste
422 1642 561 1718 ·ferrent‚'
576 1642 706 1704 maxime
720 1639 918 1722 Cappadoces
931 1650 964 1702 et
974 1640 1160 1702 Armeniaci.
1184 1637 1376 1722 imperatore

283 1733 390 1788 sotem
404 1733 534 1786 meante
552 1745 623 1786 cnm
643 1724 806 1786 ordinibus
820 1745 923 1786 mense
932 1724 1027 1801 Maio,
1049 1725 1140 1786 crivit
1156 1745 1227 1786 cum
1237 1744 1276 1785 eo
1288 1723 1376 1804 pari-
1399 1783 1404 1792 ,

284 1817 338 1872 ter
353 1808 509 1890 Procopio
525 1808 660 1890 Augusta
683 1827 781 1891 osque
803 1806 843 1868 ad
864 1807 1073 1892 aquaeductus
1093 1808 1177 1868 iusta
1191 1807 1375 1869 Henetiam.

285 1901 319 1954 at
338 1911 417 1952 sero
436 1889 648 1952 multitudines
666 1910 760 1973 snper
782 1891 843 1954 boc
862 1890 984 1953 dunler
1001 1891 1134 1954 terentes
1148 1889 1180 1952 in
1195 1890 1375 1972 derogatio.

285 1995 358 2038 nem
386 1994 424 2036 ac
453 1972 704 2038 maledictionem
737 1995 906 2038 convenae
929 1982 1002 2037 sunt
1040 1983 1152 2037 contra
1182 1973 1373 2042 Micbaalem.

286 2076 390 2140 porro
413 2057 510 2118 tertio
534 2077 629 2118 nonas
643 2057 737 2119 Maias
751 2057 869 2140 eclipsis
890 2057 971 2120 facta
993 2066 1039 2120 est
1056 2057 1127 2119 solis
1147 2055 1231 2118 circs
1246 2051 1375 2120 duode-

290 2140 402 2209 cimam
422 2149 545 2223 partem
555 2141 653 2202 Tauri
672 2140 758 2205 iuxta
777 2139 989 2224 horologium,
1013 2141 1135 2212 oriente
1148 2139 1221 2218 sole,
1242 2147 1274 2204 et
1293 2137 1376 2200 mal-

288 2231 339 2284 tos
360 2223 457 2286 timor
488 2221 601 2286 cecidit
629 2245 725 2306 super
757 2225 874 2289 turbas.
925 2234 972 2288 ast
995 2223 1168 2308 imperator
1188 2221 1377 2306 circumibat

286 2306 442 2371 Thracem
460 2327 533 2371 cum
554 2308 754 2392 praetoribus
780 2330 817 2372 ac
831 2307 966 2386 militiis,
987 2328 1089 2393 neque
1111 2315 1221 2370 contm
1245 2309 1375 2388 Mesem-

286 2389 391 2460 briam
411 2411 551 2475 pergens
572 2412 674 2475 aequa
694 2389 780 2457 alind
803 2392 879 2477 quid
902 2412 1013 2467 eorum
1034 2411 1114 2476 quae
1134 2390 1184 2475 agi
1205 2387 1318 2473 debent
1339 2387 1377 2459 ad

287 2474 531 2545 destructionem
544 2475 679 2546 hostium
698 2486 835 2559 patrans,
854 2474 907 2541 sed
927 2486 1048 2541 antam
1063 2496 1165 2539 suasus
1184 2474 1377 2561 sermonibus

285 2561 373 2623 vanis
395 2558 645 2624 consiliariorum
659 2580 799 2637 snorum,
820 2558 977 2623 bellorum
992 2558 1213 2642 experientiam
1234 2578 1297 2625 non
1319 2556 1379 2620 ba-

286 2640 449 2721 bentium,
483 2664 520 2703 ac
550 2663 608 2727 per
626 2640 690 2708 boc
720 2642 963 2708 asseverantium
992 2663 1055 2703 non
1079 2640 1195 2719 audere
1216 2638 1377 2709 inimicum

286 2724 433 2789 adversus
455 2725 543 2787 illum
562 2725 679 2803 venire,
702 2724 734 2786 in
752 2726 886 2807 propria
902 2724 1030 2808 regione
1048 2722 1214 2793 sedentem.
1256 2733 1289 2786 et
1309 2731 1378 2786 erat

186 2866 190 2876 ,
286 2806 456 2870 barbarico
479 2803 599 2903 impetu
612 2807 740 2889 gravior
753 2808 928 2871 concivium
950 2816 1055 2874 coetus
1070 2802 1276 2875 deficientium
1291 2806 1377 2877 circa

193 2892 470 2967 plsstneccssarias
492 2890 660 2968 utilitates,
679 2898 714 2953 et
733 2890 849 2973 rapinis
879 2912 914 2959 ac
935 2890 1143 2955 invasionibus
1167 2888 1376 2955 exterminan-

287 2972 367 3047 tium
386 2973 618 3055 compatriotas.
662 2974 745 3037 circa
768 2974 855 3039 initia
876 2996 952 3037 vero
974 2974 1053 3037 lunii
1074 2974 1182 3037 mensis
1204 2974 1278 3038 exiit
1294 2972 1377 3036 Cru-

286 3078 377 3122 mnus
410 3056 583 3138 Vulgarum
608 3051 670 3117 dux
705 3078 775 3119 com
807 3058 990 3121 exercitibus
1018 3056 1096 3138 suis,
1129 3056 1264 3133 veritus,
1288 3054 1374 3154 quod

287 3137 484 3203 multamilia
504 3138 873 3213 essenthristianornm·
895 3162 1029 3225 cumque
1044 3139 1188 3206 movisset
1207 3148 1377 3206 exercitum

288 3224 322 3287 in
333 3220 538 3287 versiniciam
551 3222 638 3309 quasi
658 3223 783 3292 tricenis
796 3224 887 3306 signis
899 3225 941 3294 ‚ab
957 3222 1165 3309 imperialibus
1188 3224 1303 3301 castris,
1317 3224 1381 3286 Lco

287 3307 439 3391 patricius
458 3314 490 3369 et
510 3316 642 3388 practor
655 3307 864 3371 Orientalium
887 3308 1078 3393 loannesque
1100 3307 1251 3391 patricius
1273 3307 1381 3370 olbia·

289 3388 439 3473 celoniae
457 3400 607 3471 praetor,
626 3400 836 3473 cognomento
858 3392 1004 3476 aplaces,
1026 3388 1158 3455 multum
1178 3390 1319 3473 prompti
1340 3386 1380 3451 ad

287 3458 533 3555 behelande,
552 3473 708 3556 prohibiti
730 3484 804 3536 sunt
825 3474 863 3537 ab
897 3476 1090 3557 imperatore
1107 3496 1165 3557 por
1185 3474 1281 3555 malos
1303 3492 1384 3535 roo-

290 3556 430 3619 siliarios.
472 3577 543 3617 cum
573 3566 676 3622 autem
702 3558 776 3620 urbs
812 3558 938 3633 letanias
967 3558 1141 3639 celebraret
1167 3580 1239 3634 curo
1259 3578 1380 3635 summo

182 3682 192 3695 ·.
290 3640 452 3709 sacerdote
472 3639 505 3699 in
528 3640 644 3723 templo
660 3642 713 3703 SS.
735 3642 960 3724 apostolorum,
984 3638 1110 3725 quidam
1134 3640 1303 3723 impiorum
1322 3638 1381 3703 ob-

290 3746 401 3787 scenae
422 3723 482 3785 deo
503 3726 609 3805 perosi
634 3724 827 3786 Constantini
849 3724 1018 3800 haereseos,
1044 3726 1185 3786 obserata
1205 3734 1300 3806 porta
1320 3720 1382 3782 im.

291 3808 458 3891 perialium
484 3810 711 3891 sepulcrorum,
746 3808 869 3869 nemine
902 3808 1080 3884 attendente
1112 3816 1245 3893 propter
1270 3806 1381 3868 turbae

290 3891 509 3977 frequentiam,
517 3910 586 4035 pao
595 3889 699 3959 subito
712 3912 783 3962 cnm
793 3890 929 3977 quodam
940 3890 1043 3955 sonitu
1054 3890 1230 3975 aperiretur
1242 3894 1383 3975 egerunt,

293 3975 381 4058 quusi
396 3997 430 4037 er
452 3998 513 4059 qua
537 3998 586 4038 aur
607 3975 794 4055 operatione
815 3974 960 4042 divinitus
980 3974 1054 4045 facti
1070 3972 1220 4058 prodigii,
1242 3982 1273 4037 et
1295 3970 1379 4033 intro

292 4056 461 4125 insilientes
476 4057 686 4139 procidebant
697 4058 869 4125 seductoris
881 4068 1093 4135 monumento,
1111 4058 1194 4127 burae
1204 4056 1383 4120 inuocantes

296 4149 329 4205 et
348 4162 413 4205 nou
432 4140 538 4220 deum,
555 4145 688 4225 “surge’'
705 4140 842 4217 dicantes
861 4148 915 4207 “at
927 4142 1074 4205 auxilinm
1092 4142 1235 4227 perditae
1255 4140 1301 4203 rei
1322 4158 1383 4223 pu-
