3050 4900
536 348 593 413 EX,
616 348 877 418 ustorum.
899 358 920 402 τ’
1176 344 1252 422 965

162 518 411 605 Langobardiee,
432 518 473 580 ati
495 520 645 583 ultionem
680 520 888 597 inscrendamj
909 519 934 580 ti
956 532 1071 603 posset,
1097 525 1129 586 in
1148 524 1253 585 Caro·

160 612 224 669 lum
245 616 277 666 et
309 602 459 687 quosdam
490 604 706 667 subducendos
737 607 776 669 ab
807 606 874 665 illo.
914 607 1144 670 descenderunt
1172 630 1251 689 ergo

158 712 229 753 uam
248 686 421 749 Theodoro
456 688 590 769 patricio
622 700 654 751 ot
683 700 834 771 praetore
852 688 995 768 Siciliae,
1016 699 1050 756 ct
1071 693 1150 755 inito
1169 691 1253 754 bello
1331 691 1334 702 '

159 784 262 839 tentus
284 796 302 833 a
320 772 448 833 Francis
470 792 576 834 amare
593 774 774 856 peremptus
792 782 849 835 est.

244 877 335 933 Anno
358 870 484 955 imperii
507 872 693 935 Heirene'et
706 873 898 935 Constantini
920 872 1042 936 decimo
1063 872 1162 935 novit
1182 874 1287 943 atissa.
1300 870 1356 926 719

158 958 249 1021 bolus
271 958 372 1017 livore
394 956 518 1037 pietatis
536 957 766 1039 imperatorum
785 957 935 1035 homines,
950 950 1005 1041 qui
1024 956 1254 1041 instigaverunt

159 1051 292 1103 matrem
305 1040 460 1101 'adversus
484 1040 581 1102 iillum
604 1048 635 1113 aa
659 1042 757 1102 lilium
781 1040 928 1103 adversus
949 1050 1100 1103 matremt
1126 1039 1255 1103 intlexe-

159 1137 237 1189 runt
259 1124 342 1187 enim
370 1142 438 1185 eam
468 1124 553 1207 qun'si
584 1146 619 1185 ex
639 1126 906 1208 praesignantibus
934 1126 1038 1187 isthanc
1062 1125 1256 1209 cognitioni*

158 1210 217 1273 hus
239 1208 422 1285 certificati,
436 1227 440 1243 ·
456 1216 623 1269 asserentes
656 1208 791 1274 ei,“uon
814 1219 860 1270 est
885 1201 1149 1292 praedestinatum
1170 1210 1255 1291 apud

160 1295 254 1355 deum
274 1292 400 1353 tenendi
429 1289 527 1351 lilium
558 1299 646 1353 tuum
683 1292 870 1375 imperium,
901 1292 954 1354 sed
976 1301 1066 1355 tuum
1089 1304 1136 1355 est
1157 1313 1175 1354 a
1195 1294 1255 1355 d'ao

159 1377 218 1441 tibi
241 1376 378 1439 datum.’¹
397 1381 432 1435 at
448 1370 498 1435 ttt'a
520 1382 556 1434 ut
577 1373 689 1437 mulier
706 1374 845 1454 seducta,
867 1378 1051 1457 pracsertim
1073 1396 1145 1438 curu
1164 1396 1256 1437 amo.

158 1482 226 1525 rem
246 1478 375 1545 quoque
396 1459 591 1543 principatus
613 1459 752 1538 haberet,
774 1458 964 1529 crediditis·
977 1469 1182 1538 assuetum>
1201 1480 1256 1522 re-

159 1545 313 1630 cogitavit
333 1542 418 1627 quod
439 1542 501 1624 ipsi
527 1542 669 1605 solentes¹
685 1542 863 1626 dispensare
882 1565 942 1607 aas
962 1543 996 1605 id
1015 1546 1074 1607 sub
1092 1543 1256 1606 censium

158 1629 413 1713 praetenderant.
458 1646 535 1709 crgo
556 1646 632 1687 cum·
649 1627 825 1771 imperator
843 1627 913 1687 isin
927 1626 1037 1709 viginti
1057 1638 1134 1691 esset
1154 1648 1256 1689 anuo..

161 1734 233 1777 rum
255 1714 471 1793 lactusutque
494 1710 638 1771 robustus
663 1729 680 1771 a
704 1708 833 1771 modum
864 1719 900 1772 et·
917 1710 1060 1789 idoneus,
1077 1712 1204 1773 videbat
1224 1731 1257 1771 ea

159 1796 236 1857 nihil
256 1793 419 1878 potestatis
438 1788 608 1877 gerentem,
630 1794 884 1870 attinebatur,
907 1794 1030 1857 intuens
1053 1816 1073 1857 e
1093 1796 1256 1859 contrario

157 1879 357 1942 stauracium
369 1880 538 1961 patricium
560 1886 594 1939 et
607 1877 800 1963 logothetam
824 1878 929 1939 omnis
946 1879 1113 1960 possidere,
1131 1881 1255 1941 omues·

182 1982 223 2029 uo
243 1962 283 2024 ad
306 1962 393 2023 illum
416 1962 603 2043 procedere,
625 1972 659 2024 et
678 1963 837 2023 nemiuem
857 1960 897 2023 ad
919 1984 952 2023 se
972 1962 1176 2046 frequentare
1195 1964 1256 2024 uuss

159 1986 244 2108 dere.
286 2054 364 2107 tunc
385 2040 516 2108 oonsilio
538 2046 618 2107 inito
637 2066 711 2106 ¹oum
737 2045 944 2107 familiaribus
963 2046 1130 2128 perpaucis
1151 2045 1256 2109 homi..
1345 2113 1350 2124 ¹

159 2132 252 2193 nibus
271 2130 341 2209 suls,
365 2139 397 2191 et
407 2131 505 2192 Petro
526 2131 708 2211 magistratu
731 2138 765 2191 et
783 2128 957 2191 Theodoro
979 2129 1115 2211 patricio
1136 2140 1171 2193 et
1190 2133 1256 2193 na.

58 2250 62 2257 ·
160 2215 267 2274 miano
286 2234 384 2298 aeque
402 2213 560 2295 patricio,
583 2210 719 2273 firmavit
736 2232 801 2297 qno
833 2212 1115 2293 comprehenderet
1137 2224 1256 2277 sumet

162 2298 280 2359 caulem
298 2298 329 2357 iu
345 2297 483 2358 Siciliam
506 2296 690 2372 destinaret,
712 2297 841 2379 ipseque
860 2307 983 2357 teneret
1001 2296 1169 2377 imperium
1181 2318 1254 2358 cum

160 2390 343 2443 matresua.
368 2400 469 2464 porro
491 2381 603 2464 quinto
627 2378 894 2440 idusFohruas-ias
908 2381 1006 2442 sactus
1028 2389 1075 2442 est
1093 2380 1254 2441 horribilis

158 2473 402 2543 terraemotus,
439 2463 483 2525 ita
505 2473 625 2526 utnon
647 2463 778 2525 auderet
808 2464 971 2546 quisquam
993 2463 1080 2523 domi
1100 2465 1354 2549 dormiremus)

155 2549 208 2611 sed
231 2569 337 2610 omnes
358 2549 389 2610 in
416 2547 517 2609 hortis
546 2555 579 2608 et
598 2546 655 2609 suh
682 2543 734 2608 dio
754 2546 963 2607 tabernaculis
983 2546 1071 2607 factis
1091 2556 1124 2608 et
1147 2557 1253 2620 teuto.

156 2634 210 2693 riis
234 2631 365 2695 extensis
397 2631 564 2716 degebant.
620 2639 666 2692 ast
692 2627 880 2712 ‘imperatrix
911 2651 973 2697 noa
1006 2651 1079 2690 cum
1106 2629 1254 2692 filiosuo

155 2735 276 2800 egresse
298 2723 354 2778 'est
380 2714 420 2776 ad
451 2716 482 2775 S.
501 2717 646 2782 Mamaos.
701 2733 772 2776 oum
798 2722 903 2775 autem
925 2714 1090 2776 stauracio
1110 2715 1253 2778 nuntiata

155 2801 265 2862 luisset
284 2799 480 2882 praesignata
509 2819 576 2880 res,
605 2807 784 2882 commovet
804 2801 973 2879 Augustam
1001 2809 1114 2860 contm
1135 2799 1253 2872 filium

156 2903 238 2968 quac
261 2882 501 2965 comprehensos
525 2882 663 2966 homines
686 2881 886 2966 imperatoria
901 2903 1005 2944 omncs
1024 2880 1137 2944 cecidit
1156 2893 1254 2968 atqua

155 2967 305 3045 totondit,
323 2987 385 3028 una
408 2985 478 3027 cum
501 2969 615 3027 loanne
635 2965 893 3047 protospathario
913 2975 946 3028 et
961 2967 1070 3028 baiolo
1094 2967 1107 3026 i
1128 2967 1199 3044 sius,
1220 2975 1253 3030 at

156 3051 248 3113 exilio
268 3050 417 3134 relegavit
445 3049 476 3110 in
506 3049 706 3112 interioribus
732 3047 877 3136 pinibus
907 3071 1007 3134 usque
1034 3049 1066 3110 in
1099 2988 1251 3112 dicilian.

154 3133 286 3197 Petrum
311 3153 389 3196 vero
418 3133 632 3216 magistratum
667 3131 976 3195 dehonestationibus
1004 3133 1187 3196 submittens
1216 3134 1250 3194 ist

155 3217 253 3280 domo
274 3237 329 3280 sua
358 3209 467 3279 sedere
499 3217 677 3299 praecepit,
696 3215 839 3279 similiter
870 3225 903 3278 et
916 3217 1123 3278 Theodorum
1147 3217 1252 3298 patri·

156 3301 250 3363 cium
291 3321 392 3384 porro
407 3295 592 3362 Damianum
614 3301 784 3384 patricium
803 3310 974 3362 caesumet
994 3308 1118 3361 tonsum
1139 3300 1173 3360 in
1190 3321 1250 3361 ea.

155 3396 256 3446 strum
278 3383 515 3466 Apolloniadem
541 3383 661 3446 exulem
682 3384 751 3446 lore
773 3383 947 3446 constituit.
987 3384 1166 3464 percutiens
1190 3405 1251 3444 aaa

154 3477 219 3531 tem
241 3477 275 3531 et
296 3468 395 3530 lilium
411 3467 624 3552 conviciisque
654 3468 758 3532 multis
786 3469 932 3530 taossssas
951 3467 1015 3564 egit
1033 3488 1073 3529 ne
1093 3467 1253 3549 procedo-

156 3561 209 3614 ret
227 3570 287 3639 per
308 3551 373 3616 dias
405 3572 469 3614 uon
495 3571 624 3634 paucos.
672 3551 780 3634 coepit
806 3561 911 3613 autom
932 3549 1153 3614 adsomnaaais
1174 3549 1253 3612 sub-

156 3635 284 3699 mittere
314 3635 449 3722 [iurare]
481 3633 624 3700 militiam
653 3635 715 3702 lam
746 3635 902 3696 dicantem
935 3633 1009 3718 quia
1031 3645 1197 3718 quousque
1214 3644 1251 3696 ta

156 3719 256 3796 visis,
278 3739 341 3782 uon
369 3719 585 3803 permittemus
605 3719 761 3802 imperare
789 3718 886 3778 filium
911 3727 1010 3780 tuum.
1051 3729 1084 3781 et
1104 3717 1252 3780 iurabant

157 3823 264 3866 omnes
287 3805 341 3882 sie,
365 3803 486 3868 nemine
507 3803 725 3866 contradicere
744 3821 842 3884 super
862 3801 923 3865 hoc
944 3800 1087 3866 audente.
1129 3802 1265 3867 interca:
1299 3859 1303 3870 ,
1339 3842 1344 3888 t

156 3887 257 3950 classis
280 3888 418 3950 Arabum
440 3887 470 3948 in
487 3886 630 3971 Cyprum
650 3886 752 3949 exivit.
795 3884 882 3967 quod
903 3905 1170 3968 praecognoscens
1188 3883 1251 3946 ints

157 3971 297 4054 pentria
317 3970 516 4034 coacervavit
536 3979 568 4032 et
589 3971 655 4054 ipse
675 3967 780 4030 omnia
800 3970 940 4030 Romana
962 3969 1092 4052 uvigiu,
1115 3978 1149 4036 et
1168 3969 1252 4041 misit

158 4052 304 4118 adversas
326 4073 389 4118 eos.
431 4075 503 4118 oum
523 4064 627 4116 autem
655 4072 754 4136 usque
775 4055 867 4135 Myra
888 4061 1023 4138 uterque
1044 4062 1176 4136 praetor
1193 4073 1251 4115 vas

157 4139 261 4217 uisset,
292 4138 421 4202 divertit
453 4161 471 4200 a
501 4138 726 4219 promontorio
753 4135 1014 4199 Chelidoniarum
1041 4145 1074 4198 ct
1101 4139 1250 4222 ingressus

157 4221 257 4284 estin
281 4224 540 4288 Attalicasinum.
591 4229 624 4282 at
645 4235 725 4284 vero
747 4220 866 4282 tntu
892 4217 1011 4282 mutia
1033 4221 1353 4311 Cyprs,cunp.721
