3050 4900
312 370 385 451 sot
679 384 721 449 tu
748 380 1028 447 maurusam

310 552 402 615 tionis
424 548 514 615 huius
535 551 675 615 meminit
696 551 892 637 Eginhnrdus
919 550 958 612 ud
980 571 1096 612 annum
1115 547 1188 627 812,
1209 554 1264 636 qui
1287 552 1318 615 ie
1339 576 1401 616 au·

311 660 383 699 ntum
403 634 635 714 succedentem,
664 636 705 699 oh
728 634 929 719 Theophanis
950 634 1085 697 calculos
1105 637 1268 718 septennio
1291 638 1402 699 mino.

309 742 370 793 res,
390 718 506 781 incidit.
551 720 702 781 “Michael
745 716 1001 800 eaerNicephori
1025 720 1200 801 imperator
1219 720 1327 797 factm,
1351 722 1400 784 le·

309 813 397 887 gastos
419 802 615 887 imperatoris
647 740 753 866 Caroli
783 803 838 886 qui
866 802 906 863 ud
926 800 1139 883 Nicephorum
1160 802 1241 864 missi
1259 805 1401 883 luerunt,

311 890 342 949 iu
363 888 424 949 (ΖΡ.
446 888 591 969 suscepit,
614 896 645 949 et
666 885 814 949 absolvite
835 908 908 948 cum
930 886 1042 968 quihus
1062 895 1095 947 at
1113 905 1185 947 suos
1208 888 1325 967 legatos
1346 889 1401 950 ‹li-

310 972 402 1043 rexit,
427 970 609 1032 Michaelem
627 972 817 1053 episcopum,
847 979 880 1032 et
902 968 1104 1053 Arsaphium,
1124 978 1156 1031 at
1180 992 1219 1032 ue
1237 972 1403 1056 Theogni-

309 1063 390 1117 stum
410 1052 722 1137 Protospathariums
754 1063 787 1116 et
813 1074 873 1138 per
895 1074 947 1117 eos
980 1074 1089 1139 pacem
1109 1074 1128 1115 e
1148 992 1325 1140 tlicephoro
1347 1057 1401 1118 in-

311 1149 433 1221 ceptam
455 1138 663 1213 confirmavit,
683 1141 760 1201 etc.”

393 1232 508 1313 774,1.
550 1234 595 1309 εἷς
616 1230 806 1319 Ἀφουοῶινι
829 1238 956 1299 insulem
970 1234 1204 1319 Propontidem
1225 1238 1401 1322 Ophiusam

310 1322 482 1385 correctius
503 1320 629 1399 dixeris,
650 1320 689 1381 ad
718 1342 811 1404 quam
835 1320 944 1405 loseph
963 1320 1313 1401 Thessalonicensis,.et
1332 1323 1401 1387 eius

310 1408 412 1469 freter
433 1406 620 1467 Theodorus
639 1402 753 1467 studita
777 1406 953 1468 erularunt.

393 1504 476 1569 thid.
502 1504 550 1567 18.
605 1501 650 1577 εἷς
684 1499 719 1567 τὸ
747 1498 871 1584 [saysel
902 1505 946 1569 ita
978 1504 1093 1567 Grseci
1128 1466 1251 1568 coslices
1280 1504 1398 1568 cuncti.

312 1588 483 1651 Anastasius
506 1596 540 1651 et
569 1587 703 1650 miscella
725 1588 843 1671 Bagda.
892 1590 1083 1651 recentiores
1103 1587 1225 1671 Bagdas
1252 1609 1399 1671 pronun.

310 1673 398 1733 tisnt¹
440 1672 598 1735 Abraham
629 1672 834 1735 Ecchelleusis
864 1671 896 1733 ia
924 1670 1054 1735 historia
1074 1671 1258 1735 Sarucenica
1289 1674 1400 1735 “Aha-

310 1756 408 1839 gialar
428 1756 572 1819 Ahd-altc
593 1756 728 1831 [ultimus
747 1767 793 1817 est
805 1756 894 1818 huius
916 1756 1047 1818 nominis
1067 1777 1084 1818 a
1104 1754 1295 1840 Theophane
1316 1758 1400 1819 iuter
1504 1809 1508 1815 .

311 1838 450 1903 Arabum
472 1838 629 1923 principes
643 1840 706 1902 sive
720 1838 862 1920 Caliphas
884 1840 1061 1917 recensitus)
1082 1841 1258 1903 construxit
1276 1839 1399 1923 Bagda-

312 1922 398 1997 dum,
420 1922 483 1985 sive
504 1920 711 2005 Babylonem,
732 1932 765 1987 et
784 1922 916 1986 incoluit
938 1946 1006 1987 eam
1026 1945 1109 1985 auno
1127 1923 1296 1987 centesimo
1317 1946 1399 2009 quu-

311 2004 485 2089 drsgcsimo
507 2005 648 2089 quinto.”

393 2104 463 2184 775,
489 2106 537 2169 17.
588 2100 641 2167 διὰ
673 2102 845 2186 σιγιλλίων]
878 2106 960 2169 haud
986 2106 1116 2188 sigillum
1144 2104 1258 2183 modo,
1282 2105 1334 2169 sed
1366 2114 1399 2170 et

311 2187 457 2273 diploma,
478 2190 529 2251 cui
541 2189 620 2250 solat
637 2188 764 2272 epponi,
788 2184 824 2253 si
847 2188 998 2271 usysllsus
1019 2190 1128 2252 refert.
1147 2188 1287 2274 οιριλλίρν
1312 2212 1399 2251 nem-

310 2265 1399 2420 eusutusemitectis?neu:laetam

309 2440 458 2502 Comneni
479 2438 584 2502 Const.
612 2434 721 2514 κοθοὶς
748 2436 804 2503 κατ’
833 2440 868 2503 ἐν
889 2446 955 2514 τοῖς
976 2441 1139 2520 οιγιλλίοις
1165 2438 1228 2502 τῶν
1248 2441 1397 2502 κολοιῶν

309 2518 549 2605 α’ναγριέφοντοι
562 2542 572 2562 ·
587 2539 677 2620 prusa
697 2526 731 2586 ἰιι
749 2537 882 2586 ueterum
902 2523 1119 2608 diplomatibsu
1132 2527 1269 2605 refirtur.
1309 2525 1398 2585 Con.

307 2608 433 2670 stautini
455 2607 492 2670 de
513 2607 686 2673 administr.
709 2611 783 2692 imp.
798 2605 944 2678 δεδωκώς
962 2605 1037 2686 περὶ
1047 2604 1155 2668 αὐτῶν
1170 2604 1226 2669 καί
1245 2609 1398 2684 onycino·

309 2691 343 2752 ἐν
362 2689 402 2772 τῇ
424 2687 505 2788 αὐτῇ
520 2685 735 2770 μητροπόλει·
790 2688 861 2752 dato
892 2693 925 2752 in
945 2693 1012 2776 ipsa
1039 2693 1196 2775 nseuupoli
1211 2691 1254 2780 fi
1271 2693 1398 2752 lomute.

310 2771 461 2834 Methodii
485 2795 515 2834 sn
537 2774 624 2854 epist.
656 2773 695 2835 ad
716 2775 927 2858 Zygomalum.
968 2767 1007 2835 τὰ
1036 2770 1097 2854 γὰρ
1119 2771 1215 2834 πόλοι
1238 2715 1293 2836 gei
1314 2795 1401 2853 χρο·

309 2853 489 2934 cellcillin»
519 2852 573 2918 καί
598 2855 758 2936 σιγιλλίων
786 2855 1009 2937 διακριθέντα·
1065 2877 1141 2940 quae
1173 2858 1323 2941 estendam
1339 2877 1400 2941 per

309 2957 418 3000 αιιικατ
440 2938 550 3016 bullas,
571 2953 601 3001 et
621 2937 795 3024 diplomata
815 2941 999 3003 diiudicata.

391 3035 464 3111 776,
488 3035 519 3100 4.
562 3031 642 3122 ciffi
662 3035 822 3120 προφάσει
848 3041 904 3103 τοῦ
925 3031 1111 3123 Νικηφόρον
1139 3037 1197 3099 τοῦ
1218 3033 1399 3100 καταλύων

310 3119 374 3182 τοῖν
390 3120 593 3202 Χριστιανῶν
613 3119 809 3206 μεμάθηκενΙ
828 3123 869 3186 ad
890 3145 1007 3187 anuum
1028 3121 1195 3206 Nicephori
1215 3119 1234 3184 7
1256 3143 1326 3205 pag.
1335 3115 1399 3183 410
1515 3192 1516 3209 ρ

314 3203 354 3268 ds
374 3203 426 3266 illo
446 3208 587 3287 superius
610 3207 724 3290 agitur.

392 3301 464 3378 779,
501 3303 530 3366 Q.
571 3306 630 3368 τοῦ
656 3297 749 3386 siys'ou
778 3304 979 3392 Χαρίτωνος]
1014 3305 1091 3368 haec
1123 3305 1162 3366 ad
1183 3302 1342 3366 Bethleem
1366 3310 1401 3364 et
1514 3294 1515 3305 ¹

310 3383 451 3449 Rechelis
472 3389 669 3472 sepulchrum
692 3398 857 3466 exstructa,
878 3411 971 3471 quam
984 3389 1092 3452 vidisse
1112 3411 1144 3452 se
1152 3389 1305 3470 Georgius
1315 3387 1399 3470 Syn.
1513 3384 1514 3399 ¹

310 3469 406 3530 cellas
422 3479 553 3533 testetur
573 3471 703 3557 pag.57.
724 3473 810 3534 luum
825 3493 926 3555 porro
940 3475 1037 3536 maius
1055 3471 1276 3536 monasterium
1299 3481 1353 3544 est,
1366 3481 1402 3533 et

310 3551 459 3615 cellarum
480 3555 518 3616 ah
541 3555 672 3618 invicem
693 3555 869 3620 dissimum
888 3567 921 3618 et
940 3579 1000 3640 per
1022 3579 1119 3640 acqua
1140 3555 1399 3638 sputiadistrihu·
1511 3564 1512 3589 ¹

311 3643 415 3698 tarum
436 3637 581 3700 ordinata
601 3641 762 3702 collectio:
792 3639 890 3724 qualis
912 3639 1189 3703 camaldulensium
1211 3639 1259 3700 vel
1281 3638 1399 3698 Cartu-
1455 3687 1465 3706 ,
1510 3656 1511 3683 ι

311 3719 481 3782 siccorum.
523 3721 655 3866 Cprillsu
676 3723 707 3784 in
730 3723 763 3788 S.
777 3723 876 3786 Sahae
887 3724 968 3789 vita:
991 3744 1047 3785 nos
1068 3745 1196 3810 quoque
1216 3721 1257 3784 ad
1277 3741 1400 3784 memo-
1509 3758 1510 3781 l

313 3813 417 3866 ratum
435 3804 569 3890 Synceli
589 3807 711 3887 locum,
733 3817 766 3870 et
789 3807 828 3869 ad
848 3829 918 3890 pag.
930 3806 1001 3870 739.

393 3911 466 3991 783,
488 3911 518 3976 8.
560 3905 604 3986 οἷς
623 3911 757 3995 εὕστβεῖ,
776 3935 810 3976 τε
830 3913 886 3978 sai
902 3912 1128 4002 ἀνδρειοτάτῳ]
1151 3939 1189 3977 en
1213 3938 1275 3977 non
1296 3915 1401 3980 eccle·

311 3993 374 4056 sias
395 3993 519 4059 demam
540 4009 724 4082 persecutor
744 3999 855 4078 factus,
864 3999 978 4062 Christi
1001 4018 1106 4062 servos
1128 3999 1298 4062 crudeliter
1318 4001 1401 4064 effli-

312 4080 378 4140 xit‘l
425 4081 490 4142 eius
514 4081 674 4164 impietate
708 4081 847 4144 nondum
865 4085 1039 4166 patefacte,
1067 4082 1290 4166 Theophanem
1323 4084 1401 4146 haee
1505 4084 1506 4087 ’

312 4161 467 4244 scripsisse
488 4165 688 4228 credendum.
711 4165 777 4250 ipse
797 4187 891 4250 quem
909 4162 1028 4248 οότβῆς
1049 4167 1107 4228 κατ’
1123 4166 1284 4249 θηριώδης
1294 4167 1399 4250 Aser,

312 4245 513 4330 postmodum
532 4247 737 4335 Theophanes
760 4259 904 4332 expertus
927 4260 983 4312 est.
1004 4251 1076 4313 ride
1096 4267 1164 4335 pag.
1186 4247 1278 4316 431..
