3050 4900
278 275 354 350 tto
646 283 688 344 ut
717 281 993 346 ancoratum

280 461 465 526 mulctatum
484 465 695 540 repraesentat
721 459 800 537 bne,
821 469 853 521 et
876 459 976 526 tribus
998 461 1051 544 qui
1128 469 1247 522 nuntnr
1270 461 1367 522 annis.

279 547 344 609 atri
367 545 443 606 tides
463 542 639 605 adhibenda
659 543 796 626 Euagrin
816 543 955 604 Flaviani
978 479 1173 624 tempdiibm
1207 542 1367 620 viciniori,

280 653 319 693 ιιι
338 626 508 712 posteriori
518 625 722 707 Theophani?
762 627 943 688 auctoribus
963 628 1023 688 sois
1039 626 1368 708 innititurThenpha-

282 736 356 776 nes:
381 721 473 773 testes
492 711 619 787 iuratus,
639 730 734 786 senes,
756 731 830 770 cnm
852 710 963 792 quihus
985 707 1024 773 dc
1044 710 1192 772 Flaviano
1212 708 1366 788 disseruit,

279 795 460 877 exceptione
481 791 614 854 maiores
642 791 768 854 adducit
788 794 950 874 Euagrius.
1001 793 1173 856 haereticus
1194 816 1234 853 ιιι
1257 793 1368 854 nrthn·

279 879 393 950 doxus;
414 884 536 940 sanctus
555 897 596 938 an
618 875 729 959 impius
752 877 941 938 Flavianus?
961 875 1106 939 decidant
1125 877 1186 938 alii.
1227 889 1367 940 sanctum

281 961 491 1046 praedicabo,
525 980 618 1042 quem
644 968 764 1021 sanctus
789 959 992 1041 Theophanes
1015 969 1051 1020 nt
1072 960 1201 1043 impium
1222 959 1366 1022 damnat?

280 1045 472 1108 issereticum
492 1063 632 1120 asseram,
653 1065 746 1126 quem
774 1045 912 1106 veritatis
941 1053 972 1106 et
992 1042 1063 1106 fidei
1084 1053 1268 1106 assertorem
1289 1043 1368 1104 hde-

279 1129 315 1192 lis
337 1127 502 1191 historicus
532 1124 684 1209 Euagrius
714 1127 870 1188 celebrat?
920 1137 1091 1212 utrumque
1123 1127 1277 1190 abhorret
1299 1127 1367 1188 ani.

279 1236 355 1276 snus.
397 1219 433 1272 ut
452 1219 490 1272 nt
509 1231 541 1272 se
564 1231 613 1272 res
633 1209 952 1288 haheat,Flavianum
973 1233 1030 1272 suo
1052 1213 1111 1272 iam
1132 1221 1275 1292 tempore
1295 1210 1368 1272 hae-

280 1317 382 1361 reseos
404 1293 611 1356 insimulatum
629 1293 703 1354 mihi
724 1293 862 1377 suggerit
882 1293 1050 1377 Euagrius:
1071 1303 1138 1356 tum
1162 1293 1215 1357 nbi
1237 1315 1305 1378 cap.
1326 1291 1365 1354 31

280 1379 496 1441 Nestoriauum
518 1398 660 1440 errorem
682 1377 826 1460 impingit
845 1377 992 1442 Xena'ias.
1044 1387 1080 1442 ut
1104 1375 1181 1463 quid
1202 1378 1284 1440 enim
1306 1377 1367 1438 Ne-

280 1463 370 1526 storii
397 1461 559 1546 pravitatis
588 1459 734 1524 admissae
766 1483 853 1523 rcum
882 1471 1062 1537 accusaret,
1083 1483 1177 1546 quern
1206 1461 1273 1522 solo
1297 1459 1371 1522 fidei

281 1545 477 1611 orthodoxae
498 1545 623 1606 nomine
649 1550 777 1626 poterat
808 1543 974 1606 damnare?
1025 1545 1088 1608 sala
1115 1543 1187 1606 fidei
1211 1545 1369 1630 integritas

281 1629 400 1692 crimen
423 1637 492 1690 erat
510 1628 541 1688 in
563 1627 728 1690 Flaviano:
751 1648 814 1690 nou
838 1651 872 1690 ex
887 1628 1020 1690 Nestorii
1044 1637 1143 1706 reatu,
1163 1627 1280 1690 crimen
1303 1629 1370 1689 frac-

283 1723 334 1775 rat
356 1713 387 1773 in
399 1711 581 1774 Flavianum
603 1709 839 1791 retundendum,
862 1733 954 1796 quem
973 1711 1035 1773 sola
1049 1710 1124 1794 fidei
1142 1711 1262 1794 puritas
1282 1731 1370 1772 reum

280 1796 401 1880 agebat.
442 1795 661 1856 Nestorianuns
679 1794 785 1878 itaque
809 1795 995 1856 inclamabat
1018 1795 1159 1871 xenaias,
1186 1796 1257 1878 quia
1278 1815 1369 1878 quem

280 1878 494 1964 Eutychianos
513 1899 587 1940 snae
616 1877 776 1940 haerescos
806 1879 961 1940 conscium
986 1886 1018 1939 et
1039 1877 1248 1940 adversarium
1270 1899 1371 1938 norc-

281 1971 340 2038 rat,
362 1961 573 2024 orthodoxum
595 1961 736 2045 probare
758 1963 925 2047 nequibat:
944 1971 1009 2022 tum
1031 1963 1124 2022 etiam
1146 1983 1217 2024 cnm
1239 1984 1305 2046 cap.
1327 1957 1368 2022 32

281 2045 437 2124 seniores,
466 2065 545 2129 quos
575 2055 747 2123 memorat,
778 2047 810 2106 in
839 2045 979 2107 Flaviani
1003 2039 1212 2108 defensionem
1243 2044 1370 2106 adducit

281 2128 457 2208 Eusorius,
493 2147 571 2227 quus
594 2139 681 2192 certe
702 2137 790 2193 tanto
811 2127 926 2206 studio,
948 2129 1034 2226 quasi
1058 2129 1175 2192 iuratos
1196 2137 1285 2192 testes
1307 2149 1369 2190 nna

285 2177 454 2296 prolirret,
479 2212 533 2273 arsi
549 2212 687 2274 Flaviani
711 2235 823 2275 nomen
846 2213 877 2274 in
899 2211 1048 2274 iudicium
1070 2213 1153 2274 trahi
1174 2215 1238 2275 eius
1263 2233 1372 2273 causae

285 2296 380 2356 tutius
409 2295 547 2379 agendae
568 2295 718 2378 providus
753 2319 817 2360 nnn
849 2295 1052 2379 persensisset.
1102 2297 1141 2357 ab
1164 2297 1248 2356 omni
1270 2307 1372 2358 tamen

284 2379 444 2441 lranreseos
463 2378 635 2463 suspicione
654 2379 808 2459 liberasse,
830 2389 861 2442 et
875 2377 1082 2443 orthodoxam
1096 2379 1161 2442 eius
1175 2380 1266 2441 hdcra
1289 2376 1372 2463 apud

286 2486 394 2609 upupps
413 2472 555 2529 testatam
581 2462 713 2529 salubre
741 2462 866 2528 videtur
887 2466 1047 2567 biberetur
1068 2465 1216 2529 breviarii
1240 2486 1305 2546 cap.
1334 2460 1374 2523 18

286 2570 302 2611 e
382 2592 390 2609 .

365 2644 436 2725 23³,
458 2646 488 2708 2.
528 2644 620 2731 ’ntra
637 2647 681 2729 τῷ
709 2644 877 2733 heusinger]
900 2647 985 2708 Eliae
1014 2646 1156 2729 partibus
1179 2642 1371 2717 sustinendis,

283 2728 447 2812 eidemque
468 2729 501 2791 in
519 2728 696 2811 inculpatae
717 2728 789 2790 tidei
811 2730 882 2793 iure
902 2730 1109 2813 protegendo,
1129 2730 1159 2791 in
1180 2726 1306 2809 Euagrii
1326 2725 1375 2787 sel

286 2812 473 2873 calumniam
504 2811 553 2873 vel
582 2833 725 2874 errorem
755 2812 830 2873 totis
860 2814 977 2876 viribus
1007 2813 1130 2874 insudat
1158 2812 1309 2873 Baronius
1331 2809 1371 2872 ad

286 2914 400 2955 nursam
422 2894 453 2956 d.
474 2894 535 2963 512
568 2918 587 2956 a
606 2894 724 2956 uumss
744 2893 784 2957 ad
807 2893 854 2957 18.
896 2894 1046 2959 incassum
1068 2896 1215 2957 omnino:
1241 2916 1276 2956 ex
1297 2914 1373 2955 cor-

287 2978 387 3059 ruptis
408 2977 527 3062 qnippe
547 2978 709 3041 Theodori
743 2980 868 3042 lectoris
898 2980 998 3043 serbis
1026 2980 1178 3042 calumnia
1200 2978 1299 3041 omnis
1319 2998 1374 3039 ex-

235 3117 237 3122 .
285 3061 387 3141 urgit:
422 3082 459 3125 ex
482 3062 605 3145 integro
637 3071 725 3124 textu
751 3080 868 3124 summa
901 3071 1026 3127 tenetur
1048 3066 1111 3125 eius
1133 3063 1207 3139 laus,
1231 3070 1262 3123 et
1284 3062 1375 3121 inno·-

286 3143 389 3207 centia
409 3146 646 3227 comprobatur.
668 3145 880 3208 'Iheodnriani
903 3156 1001 3210 textus
1022 3168 1055 3209 ex
1072 3168 1109 3207 eo
1144 3153 1230 3228 patet
1259 3164 1375 3205 cornu.

284 3228 393 3311 ptela,
419 3229 506 3313 qnod
525 3228 731 3313 Theophanes
751 3230 955 3292 Theodorum
987 3231 1176 3305 exscribens,
1202 3228 1375 3290 Theodoro

286 3314 446 3374 contraria
466 3314 593 3374 scribat.
646 3312 770 3375 vitiatus
801 3313 906 3395 itaque
924 3314 1108 3377 Theodorus
1130 3323 1184 3375 aut
1204 3310 1375 3393 Theopha-

287 3416 358 3456 nes:
382 3406 414 3457 at
434 3416 497 3457 non
518 3396 569 3457 hic
590 3396 676 3459 euius
696 3397 812 3477 scripta
836 3396 936 3459 Elium
963 3396 1167 3459 memorantis
1191 3394 1301 3455 nullius
1320 3414 1376 3456 er-

227 3519 231 3528 ι
282 3481 368 3541 roris
387 3489 571 3563 arguuntur.
615 3480 690 3563 quid
712 3480 808 3561 igitur
830 3490 979 3562 superest,
1002 3502 1092 3563 quarn
1114 3479 1255 3541 vitiatum
1267 3476 1375 3539 Then-

287 3563 417 3638 dorum,
453 3572 484 3622 ct
510 3564 584 3625 licto
613 3564 676 3625 eius
699 3565 776 3623 vitio
809 3561 948 3626 detersum
969 3564 1138 3625 Beronium
1159 3562 1375 3625 admittamus?

285 3646 347 3706 hoc
367 3657 470 3707 autem
492 3657 585 3728 pacto
616 3648 647 3708 in
668 3646 972 3728 Christnphorsonea
992 3648 1128 3725 Eusehii,
1151 3647 1202 3709 cui
1224 3644 1374 3707 Theodo-

286 3750 338 3790 rus
359 3729 549 3806 adiungitur,
573 3730 711 3796 editione
724 3728 911 3791 Theodorus
932 3731 1115 3794 emendatur
1137 3750 1206 3813 pag.
1227 3729 1300 3790 mihi
1316 3724 1374 3788 187

287 3823 361 3874 torn.
385 3815 414 3873 1.
459 3814 554 3874 Ἠλία
574 3815 616 3898 “l
636 3811 793 3897 daxnximp
823 3814 885 3874 ιῶν
902 3810 1128 3895 Ἱεροσολύμων
1149 3814 1335 3891 προσέταξεν
1358 3796 1375 3869 ὅ

285 3890 438 3973 dunelmie
455 3873 588 3956 σι’νσιιον
611 3893 761 3973 ἀθροῖσαι
778 3899 839 3958 suis
852 3892 908 3958 ὕπ’
929 3893 1036 3973 αὐτόν,
1058 3896 1114 3957 και
1128 3892 1209 3956 κατὰ
1227 3896 1281 3972 τῆς
1301 3913 1377 3954 σον-

285 3974 361 4038 όδου
393 3982 609 4060 ψηφίσασθαι.
663 3977 775 4049 Ἠλιός
802 3980 837 4041 di
864 3972 997 4041 ου’νοδον
1016 3980 1075 4058 μὲν
1094 3976 1133 4039 ov’
1154 3972 1377 4058 συνήθροισεν,

287 4057 379 4131 αὐτὸς
401 4062 436 4123 δὲ
468 4060 562 4139 μόνος
597 4060 834 4136 eratspatium
863 4060 1056 4142 Nsnrn'psua,
1077 4062 1134 4123 ani
1150 4052 1301 4139 Εὖινχῆ,
1324 4055 1380 4119 καὶ

288 4140 459 4223 Διόδωρον,
482 4142 535 4207 sni
560 4143 737 4230 Θεόδωρον,
759 4140 816 4225 τήν
840 4146 874 4209 ἐν
903 4142 1084 4229 Χαλκηδόνι
1105 4140 1241 4207 ednodus
1265 4140 1377 4204 niardi·
