3050 4900
300 319 371 400 nt
436 335 645 402 anastasis
677 333 870 400 simoen
898 333 1205 400 accersissem

297 505 360 592 gins
382 505 447 570 illas
467 505 597 567 exuvias.
639 503 746 587 itaque
767 503 865 585 legem
888 504 980 585 ponit
1000 503 1168 564 Persarum
1186 521 1250 580 rex,
1273 503 1387 566 conln.

297 593 416 653 sionem
439 609 503 650 non
522 589 634 664 ferens,
654 609 813 670 nunquam
843 587 903 648 inin
924 588 1090 650 Persarum
1118 607 1222 666 regern
1244 586 1276 646 in
1294 608 1389 668 prae-

298 672 374 736 lium
395 693 598 756 egressurnm.
641 679 673 732 at
694 689 772 732 vero
790 672 948 733 Romanus
979 671 1131 732 exereitus
1151 667 1282 732 Persicis
1301 669 1389 732 adia·

202 758 342 848 pesach
363 755 533 832 aerumnis,
565 761 597 818 et
619 753 657 815 ad
687 753 796 814 intima
821 751 953 815 Persidis
976 754 1181 836 properavit,
1203 763 1236 814 et
1256 755 1390 814 multum

297 840 361 902 illie
380 837 532 902 excidium
555 845 588 900 et
613 837 827 918 captivitatem
857 837 1014 919 patravit,
1037 837 1220 918 perveniens
1240 837 1334 899 etiam
1356 838 1388 898 in

297 921 433 986 medinm
454 921 603 1005 Hyrcanii
621 921 727 982 maris.
771 941 843 981 eum
866 929 970 981 autem
991 919 1085 982 hiems
1100 920 1226 997 adesset,
1250 942 1314 982 non
1337 941 1389 982 re·

297 1015 481 1070 meaverunt
492 1005 631 1084 Quirites
652 1002 690 1064 ad
709 1003 854 1085 propria,
875 1003 929 1064 sed
945 1005 976 1064 in
991 1003 1118 1066 Perside
1136 1001 1269 1065 hiemem
1287 1012 1390 1066 trans·

297 1098 437 1169 morunt.
490 1108 590 1170 porro
621 1087 732 1150 eodem
754 1109 836 1148 anno
859 1087 964 1168 coepit
984 1085 1147 1148 aedificare
1162 1087 1306 1150 Tiberius
1326 1108 1390 1170 pu.

296 1173 414 1236 blicum
428 1170 681 1246 blachernarum,
704 1179 735 1232 et
755 1170 920 1232 renovavit
941 1171 1053 1233 multas
1076 1168 1217 1232 ecclesias
1238 1180 1271 1232 et
1292 1191 1391 1232 xeno.

297 1255 408 1318 doolsia
441 1263 473 1318 et
499 1253 756 1338 gerontocomia,
784 1253 933 1336 iussitque
967 1273 1000 1316 se
1027 1253 1122 1316 scribi
1150 1253 1184 1314 in
1209 1253 1389 1338 phoeniceis

297 1339 409 1404 litteris
430 1339 593 1403 Tiberium
616 1335 867 1398 Constantinum.

382 1449 506 1526 Quarto
529 1443 653 1528 imperii
673 1443 795 1506 Tiberii
815 1463 899 1505 anno
920 1452 1064 1506 mortuns
1084 1452 1131 1508 est
1140 1443 1312 1530 Eutychiae
1331 1465 1389 1527 pa·

297 1529 457 1610 triarcha,
493 1537 526 1592 et
554 1535 720 1611 promotus
746 1537 794 1590 est
816 1537 889 1609 post
920 1526 983 1590 dies
1001 1549 1050 1589 sex
1074 1529 1202 1590 loannes
1221 1528 1390 1605 ieiunatur,

296 1635 427 1698 magnae
447 1613 593 1676 ecelesiae
615 1611 773 1674 decenus.
821 1610 995 1693 imperator
1024 1619 1129 1673 anum
1156 1613 1300 1674 Tiberius
1323 1633 1390 1673 em·

296 1699 358 1780 ptis
382 1695 571 1778 corporibus
594 1693 754 1778 gentilium
774 1693 937 1756 constituit
958 1693 1100 1756 militiam
1117 1695 1149 1756 in
1171 1715 1285 1758 nomen
1308 1715 1391 1778 pro-

298 1781 413 1863 prium,
435 1779 580 1842 amiciens
603 1789 635 1869 pt
654 1798 777 1839 armans
805 1798 858 1839 eos
885 1777 918 1839 iu
937 1777 1024 1840 miliu
1045 1777 1234 1861 quindecim,
1254 1777 1330 1840 dans
1347 1778 1391 1840 eis

299 1865 410 1926 ducem
430 1861 620 1926 Mauricinm
640 1861 787 1923 comitem
808 1858 1053 1939 foederatorum,
1075 1869 1107 1924 et
1128 1861 1297 1925 subducem
1308 1862 1390 1924 Nar.

298 1967 361 2026 sen,
381 1957 414 2010 et
434 1945 516 2007 misit
537 1965 589 2008 eos
620 1953 731 2006 contra
755 1944 874 2006 Perses.
924 1945 1008 2007 bello
1029 1953 1133 2006 antem
1162 1947 1246 2007 facto
1276 1965 1390 2028 magno

298 2029 401 2092 valide
436 2027 569 2090 Romani
597 2028 732 2090 victores
760 2025 955 2104 efficiuntur,
975 2035 1008 2090 et
1036 2027 1232 2090 abstulerunt
1251 2051 1270 2090 a
1289 2029 1390 2091 Persis

299 2113 438 2175 civitates
458 2121 490 2174 et
511 2113 661 2194 regiones,
684 2131 759 2194 quas
781 2109 839 2172 sub
855 2109 1022 2172 lastiniano
1043 2120 1194 2194 ceperant
1213 2120 1245 2174 et
1262 2111 1390 2173 lastino.

299 2196 404 2259 abiens
424 2205 528 2258 autem
557 2195 725 2256 Mauricius
754 2192 1057 2274 Constantinopolim
1083 2204 1241 2277 susceptus
1276 2202 1322 2259 est
1348 2195 1388 2256 ab

298 2279 492 2362 imperatore
513 2299 583 2342 cnm
601 2277 718 2362 ingenti
738 2275 872 2355 honore,
892 2284 924 2339 et
942 2277 1269 2359 publicavitTiberius
1290 2279 1391 2340 victo-

299 2363 359 2424 rias
389 2361 544 2440 lllauricii,
564 2367 597 2424 et
625 2382 775 2444 generum
811 2359 895 2422 hune
928 2359 1049 2423 admisit
1080 2360 1120 2422 ad
1156 2363 1394 2425 Constantinam

300 2447 393 2511 liliam
420 2468 517 2509 suam.
574 2445 715 2508 similiter
743 2454 778 2506 et
805 2446 963 2507 Germano
998 2444 1142 2528 praetori
1172 2445 1271 2509 iunxit
1296 2444 1393 2507 filiam

164 2542 257 2614 puts
274 2542 384 2597 usuam
407 2528 547 2608 Charite,
572 2540 742 2613 utrumque
757 2529 919 2593 Caesarem
941 2550 1058 2591 creans.
1100 2550 1204 2592 mense
1225 2550 1301 2591 vero
1325 2532 1392 2591 llu-

300 2625 389 2699 gusto
412 2635 502 2676 mora
527 2610 691 2675 comedens
713 2612 885 2690 matutina,
920 2612 989 2673 visu
1011 2612 1102 2695 digna
1129 2612 1183 2674 sed
1217 2621 1391 2695 corrupta,

299 2700 415 2779 pthisin
435 2696 578 2757 incurrit.
636 2705 762 2758 etcum
781 2704 858 2757 esset
883 2698 1065 2775 moriturus,
1084 2694 1187 2757 accito
1234 2694 1392 2757 atriarehn

301 2784 417 2843 Ioanne
438 2788 532 2863 atque
553 2786 662 2839 senatu
683 2800 744 2839 nna
765 2797 838 2838 cum
859 2776 1002 2853 militiis,
1019 2778 1051 2838 in
1081 2716 1283 2841 tribunalium
1300 2780 1393 2840 lecti.

301 2886 336 2927 ca
367 2872 413 2925 est
436 2858 640 2944 deportatus}
673 2870 705 2922 et
726 2860 801 3003 (ppia
827 2859 914 2943 loqui
942 2881 1005 2921 uon
1029 2870 1176 2942 poterat,
1197 2883 1256 2945 per
1276 2882 1393 2943 epana-
1512 2890 1517 2895 ·

302 2945 484 3028 gnosticon,
514 2965 594 3027 quae
629 2942 719 3004 rebus
768 2962 955 3003 omanorum
981 2954 1073 3006 erant
1102 2944 1209 3020 utilia,
1232 2946 1393 3007 manifeste

302 3028 423 3113 populo
444 3027 529 3105 fecit,
549 3035 581 3089 et
594 3026 780 3087 Mauricium
799 3046 948 3108 generum
969 3046 1059 3088 sunm
1080 3028 1234 3089 nuntiavit
1255 3029 1392 3111 impera.

302 3121 414 3177 torem.
457 3111 564 3209 itaque
584 3130 656 3171 cum
675 3110 781 3171 omnes
807 3110 1003 3194 imperatoris
1025 3110 1200 3173 laudassent
1229 3112 1392 3173 consilium

302 3207 398 3279 atque
420 3194 607 3257 lllaurteium
628 3194 872 3276 imperatorem,
902 3214 1069 3257 conversus
1090 3194 1235 3257 Tiberius
1256 3194 1391 3257 inlecto

302 3300 358 3423 sduo
378 3278 458 3341 diem
482 3278 572 3357 obiit,
591 3298 663 3353 cnm
684 3285 841 3359 regnasset
861 3276 947 3337 annis
966 3276 1076 3363 trihus,
1097 3278 1254 3340 mensibus
1274 3276 1392 3357 decen,

327 3364 413 3425 iebus
434 3370 519 3423 octo.

387 3446 496 3507 Mundi
515 3466 597 3507 anno
613 3441 851 3520 6075,'divinae
863 3442 1085 3506 incarnationis
1107 3463 1189 3505 anno
1205 3444 1277 3525 575,
1299 3446 1391 3507 Man-

61 3564 65 3573 ·
167 3566 194 3621 p,
205 3548 258 3603 339
277 3529 398 3601 ericius
412 3529 546 3611 imperat
558 3555 566 3601 ;
577 3528 750 3608 eodemque
762 3548 844 3589 anno
863 3527 1018 3609 legatione
1033 3529 1206 3611 funguntur
1216 3531 1329 3590 Avares
1353 3525 1393 3589 ad

304 3614 525 3694 imperatorem
537 3610 732 3686 Mauricinm,
755 3611 810 3694 qui
827 3618 899 3673 ante
911 3612 1007 3672 breve
1020 3622 1140 3693 tempus
1156 3612 1303 3673 Sirmium
1314 3610 1391 3673 sub.

302 3706 449 3777 egerant,
472 3696 620 3777 insignem
634 3694 793 3756 civitatem
807 3694 978 3777 Europae,
1001 3696 1190 3776 postulantes
1213 3695 1392 3778 octuaginta

302 3780 425 3841 milibus
448 3778 530 3857 anri,
552 3799 631 3861 quae
653 3776 847 3857 accipiebant
860 3798 918 3859 per
940 3778 1317 3855 annos,aR01nanisalia
1337 3798 1392 3839 sn.

303 3862 433 3945 peraddi
455 3860 584 3945 viginti:
608 3862 781 3942 imperator
815 3871 920 3923 autem
948 3882 1058 3942 pacem
1078 3860 1222 3926 affectam
1252 3860 1316 3923 hoc
1333 3860 1392 3921 ad-

302 3946 393 4007 misit.
435 3945 547 4029 petivit
559 3952 662 4006 autem
680 3943 718 4005 ad
740 3941 908 4005 videndum
928 3944 988 4007 sibi
1006 3956 1038 4007 et
1050 3944 1257 4029 elephantem,
1278 3944 1392 4006 animal

304 4029 455 4102 indicum,
474 4027 576 4101 misti;
597 4027 649 4089 cui
664 4028 838 4110 imperator
854 4026 1005 4089 maiorem
1022 4030 1164 4091 omnibus
1176 4028 1276 4102 misit;
1298 4050 1393 4112 quem

303 4112 353 4173 ille
374 4113 472 4173 visum
493 4112 610 4175 remisit
631 4110 670 4171 ad
692 4110 926 4191 imperatorem.
979 4112 1122 4173 similiter
1143 4124 1175 4173 et
1196 4114 1309 4175 lectum
1332 4134 1393 4173 an-

271 4231 276 4245 ·
303 4216 391 4257 reum
412 4196 470 4259 sibi
491 4196 573 4259 mitti
595 4196 702 4279 petiit,
726 4192 781 4257 sed
802 4202 835 4260 et
854 4193 917 4257 hoc
939 4196 1114 4278 imperator
1133 4196 1216 4259 misit
1239 4194 1280 4257 ad
1301 4216 1390 4259 eumz
