3050 4900
301 341 350 420 tt
450 351 660 422 tuleram
680 339 876 424 aaronis
903 354 1213 424 uccmsrasricn

298 523 439 588 Eudoxio
459 525 560 608 neptis
568 523 738 590 Theodosii
762 523 913 590 sexdecim
935 547 1031 590 anuos
1051 527 1202 590 lnAtries
1222 547 1295 594 cum
1316 526 1387 592 siro

298 629 355 672 suo
376 609 539 670 Honorino
564 610 695 688 fecisset,
717 618 749 672 et
768 610 1105 694 pucrumGilderioum
1117 633 1154 675 ex
1173 612 1241 693 ipso
1263 611 1386 694 gennis-

297 701 361 770 sot,
389 691 512 756 difficile
545 693 708 756 terebatur
738 715 813 776 erga
842 695 1010 771 maritum,
1036 715 1110 757 cum
1139 703 1218 756 esset
1244 695 1386 758 Arianos.

298 777 382 838 unda
403 773 489 838 aditu
512 775 640 840 invento
661 779 733 860 tuga
761 779 847 860 lapsa
866 778 952 841 venit
980 778 1121 840 Hierosol
1143 800 1235 854 mam,
1256 787 1289 841 et
1307 777 1386 840 ado.

296 860 371 920 ratis
392 860 620 924 venerabilibus
642 861 727 939 locis,
747 861 943 946 salutatoque
961 861 1106 943 sepulcro
1119 800 1278 924 ludousa
1299 863 1387 930 asiae

295 962 380 1022 suaa,
400 963 437 1004 au
459 944 567 1025 paucis
599 945 708 1007 diebus
735 944 768 1006 in
788 953 894 1008 saneta
925 944 1086 1008 demorata
1105 945 1242 1022 civitate,
1260 955 1386 1009 mortua

297 1036 344 1091 est
359 1027 393 1088 ia
415 1047 502 1108 pace,
525 1027 667 1089 omnihus
686 1035 811 1090 sauctm
830 1029 1064 1092 Resurrectioni
1084 1027 1221 1091 dimissis.

140 1145 169 1200 P·
181 1125 232 1183 ¹3⁶
254 1128 288 1184 ¹⁶
379 1133 487 1196 Mundi
518 1157 599 1197 anno
619 1133 710 1214 5967,
732 1134 855 1198 divinae
884 1136 1105 1199 iucarnationis
1127 1157 1209 1197 anno
1230 1125 1306 1213 thil,
1323 1135 1387 1196 Ba-

295 1217 411 1280 siliacus
439 1218 471 1278 in
502 1220 620 1302 Campo
655 1218 845 1282 acclamatur
867 1220 1053 1304 imperator.
1114 1222 1257 1281 Marcum
1287 1219 1386 1280 lilium

295 1303 459 1366 Caesarem
479 1303 562 1380 facit,
591 1310 622 1364 et
641 1303 812 1364 Zenobiam
842 1323 971 1366 uxorem
989 1325 1075 1366 suam
1099 1305 1265 1388 Augustam
1286 1320 1386 1364 coro-

296 1386 392 1463 navit,
416 1387 570 1448 utstatim
591 1397 702 1448 eontra
724 1387 818 1450 iidem
837 1388 1003 1468 praeliatus
1022 1394 1078 1463 est,
1098 1387 1234 1448 Zenobia
1254 1387 1385 1446 maxima

294 1469 443 1530 incitante
467 1469 552 1532 illum
574 1469 612 1532 ad
634 1468 734 1547 istud,
755 1470 1020 1554 'timotheumque
1040 1471 1193 1532 fleturum
1223 1468 1385 1532 revocavit

294 1572 354 1634 per
374 1561 494 1636 typum,
515 1561 548 1615 ct
567 1553 695 1616 Petrum
720 1553 887 1637 Cnaphea,
909 1555 964 1640 qni
987 1554 1150 1616 absconsus
1172 1560 1241 1614 erat
1260 1553 1292 1613 in
1312 1573 1384 1613 mo-

295 1637 431 1698 nasterio
467 1637 743 1698 Acoemetensiam.
795 1646 828 1700 et
866 1645 1026 1722 quotquot
1054 1637 1107 1698 aiii
1136 1635 1254 1698 inimici
1284 1637 1383 1698 sancti

292 1719 548 1784 Chalcedonensis
578 1729 669 1782 erent
696 1719 836 1798 concilii,
872 1721 1060 1784 fiducialiter
1089 1729 1201 1782 contra
1218 1720 1383 1782 veritatem

294 1805 437 1883 agebant.
490 1803 624 1866 Helorus
655 1811 759 1865 autem
799 1806 995 1889 cougregatis
1033 1803 1178 1888 inquietis
1209 1803 1399 1945 quibusque¹

292 1884 515 1966 Alexandrinis,
537 1885 592 1968 qui
614 1887 886 1970 Constantinopoli
915 1889 1210 1972 peregrinabantur,
1232 1886 1271 1948 dc
1293 1907 1333 1967 pa
1346 1908 1384 1947 a·

291 1971 337 2030 tio
359 1991 430 2030 cum
453 1968 564 2030 letania
585 1970 670 2032 acuit
690 1971 721 2031 in
747 1971 917 2052 ecclesiam,
939 1981 1044 2034 vectus
1066 1969 1168 2045 asino;
1191 1969 1245 2054 qui
1266 1991 1381 2051 perve-

291 2053 376 2113 niens
398 2052 429 2112 in
462 2053 566 2114 locum
600 2053 654 2137 qni
685 2053 802 2116 dieitur
827 2055 1026 2138 Octngonus,
1047 2074 1249 2137 expavescens
1269 2053 1382 2134 pedem

289 2136 456 2211 contrivit,
482 2143 513 2197 et
541 2157 612 2198 cam
633 2137 816 2200 confusione
837 2160 978 2200 resersus
1000 2147 1055 2201 est
1097 2137 1257 2199 Basiliscus
1277 2146 1382 2200 autem

288 2217 373 2280 hunc
395 2215 610 2280 Alexandriam
632 2241 704 2282 cum
735 2221 817 2305 typis
844 2231 956 2284 contra
975 2221 1129 2306 synodum
1149 2221 1242 2297 misit,
1264 2229 1296 2281 et
1317 2220 1380 2282 Pe·

287 2305 375 2363 trnm
407 2301 550 2386 Cnaphea
590 2303 802 2386 Antiochiam,
844 2313 958 2367 contra
994 2306 1157 2368 veritatem
1199 2304 1380 2366 confortans

287 2395 470 2470 utrumque.
527 2386 708 2449 Timotheus
742 2397 845 2449 autem
868 2387 1098 2472 Salophaeialns
1129 2387 1291 2472 episcopus
1306 2387 1379 2447 Ale-

286 2469 463 2554 xandrinus,
485 2470 679 2553 comperiens
700 2471 903 2535 Timotheum
912 2474 1064 2536 lielurum
1085 2469 1244 2545 advenire,
1272 2490 1378 2532 reces-

285 2554 326 2615 sit
347 2555 385 2615 ad
409 2556 596 2617 monasteria
619 2556 750 2639 Canopi.
771 2557 875 2620 multis
898 2568 1003 2619 autem
1026 2555 1145 2616 afflictis
1167 2556 1301 2617 llelnrus
1321 2554 1379 2615 Ti-

285 2637 448 2699 matheum
468 2636 591 2701 laedere
609 2660 672 2700 non
697 2640 815 2715 valuit,
837 2660 875 2703 eo
898 2639 984 2722 quud
1005 2637 1190 2720 diligeretur
1211 2639 1250 2699 ab
1274 2638 1379 2698 omni.

286 2720 352 2781 bus.
374 2742 509 2803 cumque
530 2721 750 2805 ingrederetur
770 2720 903 2783 Helorus
914 2721 1140 2801 Alexandriam,
1161 2721 1379 2783 vdciferabau·

186 2828 214 2885 p.
227 2812 278 2867 188
287 2812 340 2865 tur
359 2803 491 2865 studiosi
511 2803 587 2882 aias,
608 2804 685 2865 illud
706 2814 803 2888 turpe
823 2804 960 2868 dicentes
974 2804 1106 2867 “cibasti
1132 2804 1273 2867 inimicos
1293 2814 1376 2879 tuos,
1484 2864 1489 2872 ,

286 2890 397 2969 papa.”
438 2894 485 2947 ast
504 2888 670 2949 sceleratus
697 2897 810 2950 contra
840 2889 994 2951 clamabat
1014 2888 1130 2951 “ctiam
1150 2910 1225 2951 rere
1244 2888 1379 2951 cibavi.’'

286 2968 339 3031 bic
359 2968 471 3051 impius
507 2972 600 3031 etiam
619 2968 868 3035 Chalcedoneusc
899 2972 1065 3035 concilium
1087 2970 1380 3034 anathematizabat.

285 3053 421 3115 lulianus
441 3062 546 3117 autem
576 3054 786 3117 Antiocheam
818 3056 982 3138 episcopus
1011 3077 1088 3139 prae
1118 3056 1245 3117 tristitia
1265 3075 1379 3117 eornm

285 3156 366 3220 quac
387 3138 503 3200 fiebant
525 3138 687 3199 defunctus
708 3147 762 3203 est
784 3140 896 3201 Petrus
916 3137 1196 3219 auteannpbeus
1216 3136 1379 3207 adsedem

308 3221 468 3283 ervenicns
493 3220 525 3283 in
542 3220 740 3284 anathemata
760 3232 792 3284 et
813 3223 1007 3284 turbationes
1028 3222 1143 3304 erupit.
1184 3219 1379 3283 hinocaedcs

164 3378 167 3386 Ι
283 3241 447 3367 liominum
479 3316 512 3366 et
541 3305 670 3387 rapinae
700 3316 836 3387 propter
862 3305 1110 3368 additamentum
1138 3304 1258 3389 trisagii
1277 3306 1380 3367 laetae

283 3398 365 3449 sunt.
408 3394 570 3471 practerea
592 3386 749 3449 Basiliscus
771 3400 848 3473 typo
868 3388 1005 3473 generali
1019 3386 1270 3451 chalcedonense
1292 3388 1380 3449 ahie-

285 3473 328 3533 cit
350 3470 538 3549 concilium,
567 3472 675 3533 iubens
696 3474 809 3536 Acacio
840 3472 1188 3556 Constantinopolitano
1216 3472 1247 3533 id
1277 3473 1380 3552 ipsum

284 3554 409 3617 faceres
446 3554 500 3619 scd
527 3561 594 3617 totu
617 3556 724 3619 civitas
746 3579 817 3619 cum
847 3556 1028 3619 mulieribus
1048 3565 1080 3619 et
1101 3555 1205 3618 liberis
1229 3555 1260 3616 in
1280 3556 1380 3617 eccle-

106 3710 110 3717 ,
150 3638 495 3719 praemisissemus
522 3638 699 3703 Basiliscum
730 3640 918 3703 conveniens
944 3640 1006 3703 hoc
1034 3641 1104 3702 ficri
1124 3640 1234 3701 vetuit.
1275 3658 1377 3720 porro

283 3720 370 3785 clero
385 3730 417 3786 et
437 3721 593 3784 monachis
607 3724 958 3806 constantinopolitanis
969 3745 1029 3807 pro
1041 3720 1284 3785 chalcedonensi
1303 3743 1378 3805 syn..

285 3806 348 3867 odo
380 3807 672 3891 propugnantibus,
706 3808 817 3871 timeus
839 3808 966 3870 Aeacius
987 3806 1218 3868 multitudinem
1240 3827 1311 3864 curn
1334 3804 1377 3866 eis

283 3888 482 3953 concordare
508 3890 686 3964 simulabat;
716 3892 799 3953 unde
832 3897 940 3953 coram
965 3890 1099 3953 ambone
1130 3898 1240 3951 contra
1263 3887 1373 3948 Basili.

254 4025 259 4033 .
283 3994 371 4038 scum
393 3984 424 4037 et
444 3974 602 4037 Zenonem
632 3974 831 4039 acclamabat.
882 3974 1040 4035 Basiliscus
1072 3982 1176 4036 autem
1207 3969 1378 4053 compertis

283 4050 339 4131 bis,
358 4065 494 4121 metucns
526 4059 686 4121 fervorem
713 4059 829 4141 plebis,
851 4078 870 4118 e
889 4058 1017 4119 civitate
1040 4058 1133 4134 exiit,
1158 4057 1265 4117 iubens
1286 4075 1377 4115 sena.

194 4214 199 4227 Ι
283 4139 329 4201 tui
353 4142 503 4205 sicininum
528 4142 615 4225 loqui
640 4164 711 4203 cam
731 4141 856 4202 Acacio.
897 4142 1042 4201 futurum
1065 4142 1145 4202 casim
1167 4147 1237 4201 crat
1259 4146 1377 4221 utpo.

282 4226 372 4307 palus
396 4226 579 4288 incenderet
600 4226 718 4287 arlrcm.
763 4224 874 4286 Daniel
895 4234 998 4287 antem
1020 4225 1167 4287 mirabilis
1189 4223 1305 4308 stylites
1326 4243 1374 4283 as·
