3050 4900
285 355 333 426 70
442 361 654 428 anhsrasn
683 359 877 426 HISTORIA
913 359 1221 428 Eeamrasrlca

283 529 338 592 clt.
393 544 493 613 porro
522 527 629 592 heatus
657 551 739 612 popu
765 529 829 592 Leo
858 528 982 611 scripsit
1008 529 1187 604 Marciano,
1207 536 1314 612 petens
1337 540 1373 592 ut

283 635 364 698 quae
377 623 576 697 praesumpta
588 614 713 674 fuerant
727 637 745 674 a
754 613 910 675 Dioscoro
924 621 956 673 et
962 613 1105 695 Eutyche
1117 612 1203 694 apud
1215 612 1373 694 Ephesum

282 697 315 758 in
336 697 368 758 S.
389 697 570 758 Flavianum
598 697 841 780 requirerentur
869 717 978 759 coram
998 697 1165 760 universali
1183 695 1318 780 synodo,
1339 707 1373 760 et

150 779 238 850 ptos
255 780 368 842 diussit
387 779 561 862 imperator
593 780 698 864 colligi
728 788 857 842 cunctos
885 780 1058 862 episcopos.
1106 780 1243 844 secundo
1265 781 1373 863 itaque

280 865 406 945 imperii
425 864 575 926 Marcioni
605 884 687 925 anno
720 863 917 926 Chalcedone
946 871 1051 924 sancta
1081 872 1193 945 quarte
1220 864 1301 926 factu
1324 871 1372 926 est

278 946 422 1032 synodus,
442 949 721 1026 menseOetobrio,
743 947 915 1010 indictione
936 947 1057 1032 quinte.
1099 946 1244 1012 omnibus
1264 956 1369 1008 autem

278 1031 432 1112 episcopis
454 1033 484 1091 in
505 1033 658 1115 martyrio
679 1033 713 1094 S.
735 1030 928 1114 Euphemiee
948 1051 1010 1092 uns
1030 1051 1101 1092 cum
1122 1038 1232 1092 senatu
1249 1051 1369 1094 conve-

278 1114 442 1191 nientibus,
464 1113 594 1177 discusse
614 1126 686 1177 snnt
707 1135 787 1200 quse
808 1114 840 1174 in
860 1115 964 1197 primu
995 1113 1169 1176 indictione
1186 1135 1282 1195 super
1301 1113 1371 1174 Eu..

159 1262 164 1274 ,
276 1199 370 1282 tyche
399 1209 483 1282 gesta
513 1208 603 1281 snat,
634 1207 667 1260 et
686 1219 768 1281 quae
797 1198 880 1279 apud
904 1197 1062 1281 Ephesum
1081 1205 1154 1259 sunt
1174 1219 1191 1260 a
1211 1197 1369 1259 Dioscoro

276 1289 395 1343 temere
423 1289 612 1364 perpetratu.
659 1281 820 1366 queritans
850 1289 955 1343 eutem
985 1281 1158 1342 Dioscorus
1188 1280 1228 1342 de
1260 1280 1308 1342 his
1328 1279 1370 1342 ad

274 1365 483 1449 ignorantiam
504 1375 661 1450 gestorum
684 1365 845 1448 confugit:
865 1365 920 1427 sed
941 1365 1078 1448 effugere
1097 1364 1364 1455 adornationem,

273 1471 355 1591 puae
385 1450 415 1508 ia
446 1449 520 1511 actis
550 1450 753 1523 efferebatur,
783 1468 848 1508 non
875 1448 977 1510 valens
1007 1447 1180 1526 deficiebat,
1200 1456 1233 1510 et
1252 1448 1367 1510 veritos

296 1532 502 1594 condebatur.
533 1543 630 1594 'tnnc
659 1532 889 1594 excusationem
920 1553 984 1594 non
1011 1530 1126 1594 habeus
1145 1532 1290 1593 confusus
1309 1539 1367 1592 est.

272 1614 306 1675 hi
326 1636 404 1676 vero
427 1615 482 1699 qni
504 1635 576 1677 cum
597 1638 635 1676 eo
657 1615 834 1676 latrocinali
854 1615 989 1677 concilio
1013 1615 1232 1692 consederunt,
1253 1615 1366 1677 reder-

272 1699 409 1780 guebant
445 1721 516 1760 eum
549 1719 645 1780 super
673 1698 824 1761 violentie
852 1706 885 1760 et
911 1701 1091 1761 necessitate
1120 1720 1214 1782 qnam
1235 1699 1275 1758 ab
1297 1699 1364 1779 ipso

272 1783 485 1864 pertulerant,
519 1782 693 1844 streniam
726 1803 745 1842 u
775 1781 894 1866 synodo
914 1781 1105 1864 postulantes
1130 1781 1251 1862 recepti
1273 1792 1364 1854 sunt;

271 1859 409 1948 quorum
444 1885 522 1925 unus
557 1873 627 1927 erat
659 1865 809 1927 Iuvenalis
849 1865 1149 1949 Hierosolymitanus
1185 1865 1361 1946 episcopus.

270 1968 405 2030 curaque
437 1944 594 2012 defecisset
623 1949 813 2026 Dioscorus,
838 1969 902 2009 non
921 1949 1036 2012 habens
1057 1949 1285 2011 excusatoriam
1307 1971 1364 2010 ro-

272 2031 399 2112 tionem,
421 2033 504 2092 ultra
523 2031 558 2094 in
575 2030 695 2117 synodo
718 2036 874 2116 apparere
900 2053 990 2094 susus
1009 2053 1074 2092 non
1095 2041 1150 2094 est.
1191 2039 1267 2094 tunc
1287 2053 1363 2114 syn..

270 2113 367 2191 odas,
404 2124 568 2195 praesente
603 2136 732 2199 quoque
764 2115 959 2196 imperatore
990 2117 1151 2178 Marciano
1173 2125 1207 2177 et
1234 2127 1361 2192 senatu,

269 2197 454 2261 sententiam
474 2200 610 2280 protulit
632 2209 744 2261 contre
766 2201 957 2262 Dioscorum
987 2209 1019 2261 et
1041 2197 1225 2282 Eutychen,
1247 2220 1362 2282 eosque

270 2279 426 2363 deposuit.
446 2282 618 2363 imperetur
636 2291 740 2344 antem
749 2284 938 2344 Dioscornrn
957 2281 1083 2366 quidem
1105 2283 1139 2344 in
1148 2283 1281 2365 Gangris
1295 2282 1363 2344 exi-

227 2371 232 2382 '
267 2363 312 2425 lio
334 2365 492 2447 relegavit,
512 2367 667 2449 synodum
683 2375 788 2429 autem
807 2366 933 2428 laudans
956 2367 1034 2429 dixit
1052 2365 1186 2449 “gratias
1207 2366 1362 2427 confiteor

267 2448 412 2509 maximas
433 2451 574 2512 omnium
601 2458 785 2513 nostrorum
809 2449 888 2527 deo,
911 2452 1062 2535 quoniam
1081 2451 1184 2513 ablata
1206 2447 1360 2512 discordia

267 2532 300 2593 in
322 2553 415 2593 naam
446 2533 637 2617 eandemque
653 2532 889 2597 confessionem
923 2535 1029 2596 cuncti
1058 2534 1295 2604 convenimur
1327 2543 1360 2595 et

268 2616 443 2677 amabiliter
456 2616 614 2679 honorans
627 2626 786 2681 sexcentos
797 2617 866 2679 illos
880 2626 912 2679 et
924 2616 1054 2699 triginta
1069 2624 1184 2699 patres,
1205 2618 1246 2679 ad
1262 2638 1316 2677 suo
1327 2617 1360 2677 in

267 2718 346 2781 pace
366 2721 621 2784 unumquemque
645 2701 788 2763 absolvit.
829 2721 931 2782 porro
958 2709 1156 2763 consecratus
1179 2709 1225 2764 cst
1243 2701 1360 2763 Prote-

268 2781 331 2842 rius
352 2802 414 2865 pro
435 2784 590 2845 Dioscoro
611 2784 775 2866 episcopus
797 2783 1008 2846 Alexandriae.

113 2920 141 2973 p.
155 2893 205 2954 164
226 2898 260 2953 n
350 2888 459 2951 Mundi
484 2909 564 2950 anno
586 2888 678 2971 5945,
700 2888 823 2953 divinae
844 2891 1066 2954 incarnationis
1087 2912 1171 2953 enno
1191 2888 1263 2969 445,
1283 2889 1359 2951 Pul·

268 2970 375 3033 cheria
397 2972 486 3033 besta
521 2984 553 3035 et
582 2973 636 3055 piu
658 2974 808 3037 dormivit
841 2974 873 3036 in
898 2976 1033 3053 Christo,
1056 2995 1136 3060 quae
1154 2975 1252 3035 multa
1272 2975 1358 3036 hona

268 3054 342 3115 lecit
360 3063 392 3117 et
427 3054 531 3117 omnin
552 3078 607 3119 sua
637 3058 829 3141 pauperibus
850 3058 1038 3143 dereliquit;
1067 3080 1148 3142 quae
1170 3057 1358 3134 Marcianus,

267 3158 339 3199 cum
360 3138 456 3201 multa
479 3151 596 3218 essent,
619 3142 767 3204 alacriter
787 3141 883 3206 dedit.
934 3144 1106 3204 construxit
1127 3150 1230 3203 eutem
1250 3141 1358 3203 eudem

267 3230 299 3284 et
320 3224 418 3286 multa
440 3225 599 3303 oratoria,
630 3224 802 3309 domosque
831 3226 1020 3307 pauperibus
1042 3237 1074 3287 et
1096 3225 1278 3307 hospitibus,
1301 3244 1358 3285 nee

267 3326 329 3365 non
354 3314 386 3367 et
405 3306 545 3387 sepulcra
568 3310 738 3391 peregrinis
763 3308 956 3382 aedificusit3
978 3310 1062 3371 inter
1082 3330 1163 3390 quae
1181 3309 1213 3368 S.
1237 3316 1358 3390 marty.

111 3412 139 3466 p.
155 3394 206 3449 los
225 3390 308 3449 llris
331 3390 488 3451 Laurentii
509 3391 660 3472 templum
681 3392 867 3454 construxit.
923 3404 1053 3454 atvero
1075 3391 1267 3453 Theodosius
1289 3411 1358 3451 mo-

266 3470 397 3550 nachus,
420 3474 468 3533 vir
488 3475 635 3555 pestifer,
660 3497 731 3536 cum
752 3474 957 3537 descendisset
977 3477 1092 3537 cursim
1115 3472 1357 3536 chalcedonensi

264 3558 347 3617 fracto
372 3558 507 3618 concilio
528 3558 785 3643 Hierosolymam,
806 3570 838 3621 et
861 3558 1016 3622 didicisset
1037 3559 1123 3644 quod
1136 3558 1356 3641 AugustuEu-

264 3640 355 3701 docio
378 3661 451 3723 erga
472 3642 661 3704 Dioscoruna
682 3666 699 3702 a
724 3641 845 3725 synodo
869 3644 1045 3727 depositum
1062 3644 1173 3703 allecta
1194 3643 1353 3725 flagraret,

263 3726 367 3805 coepit
404 3726 539 3787 clamare
570 3726 713 3788 adversus
741 3724 895 3808 synodum
915 3728 1000 3809 quasi
1024 3734 1141 3787 rectam
1164 3724 1258 3786 fidem
1279 3725 1355 3785 suh-

262 3818 447 3887 vertentem,
466 3816 499 3871 et
519 3809 671 3891 surreptis
691 3810 828 3893 Augusta
850 3821 882 3872 et
901 3810 1070 3887 monachis,
1092 3809 1229 3892 propriis
1244 3808 1356 3891 ,caedi-

260 3892 318 3954 bus
340 3912 411 3955 usus
432 3912 521 3953 more
544 3892 729 3963 barbarico,
759 3892 1000 3956 archieraticum
1029 3892 1179 3955 thronum
1200 3892 1302 3975 rapit,
1324 3900 1356 3952 et

260 3974 401 4038 homines
423 3980 577 4058 Augustae
597 3976 753 4036 ministros
777 3973 893 4039 hahens
920 3978 1082 4059 episcopos
1106 3984 1276 4056 promovet
1295 3996 1355 4056 per

260 4058 410 4135 civitates,
433 4080 504 4121 cnm
525 4058 664 4141 episcopi
683 4057 785 4121 adhuc
804 4072 904 4123 essent
925 4062 956 4122 in
975 4059 1107 4144 synodo.
1148 4060 1354 4121 Severianum

261 4152 367 4203 autem
398 4144 580 4223 episcopum
613 4141 861 4227 scythopoleos,
890 4144 946 4228 qui
979 4165 1042 4205 non
1064 4144 1167 4207 fuerat
1187 4144 1251 4205 eins
1271 4144 1354 4205 melu

262 4226 411 4309 opinione
430 4226 587 4309 deceptus,
607 4248 623 4287 a
641 4226 767 4291 civitate
778 4228 895 4310 pellens
909 4228 1046 4302 occidit;
1066 4238 1099 4292 ct
1112 4226 1257 4292 excitavit
1277 4248 1354 4311 per·
