3050 4900
619 375 769 446 norae.
1172 370 1247 450 tos

157 555 280 618 asiniani
294 548 336 618 39
350 557 525 622 recensenti
543 554 628 622 haud
647 516 813 622 convenite
837 579 873 622 ac
884 557 993 623 tustini
1005 557 1248 626 imbecillitatem

166 663 184 701 a
216 639 410 724 Septembris
439 639 491 704 dis
527 643 660 728 septimo
694 643 879 728 prorupisse
899 652 1019 707 namot.

240 771 312 853 360,
335 773 384 839 13.
432 773 476 862 τῷ
494 775 526 838 d’
545 767 633 838 crissi
662 772 740 860 χρὸν
787 776 892 858 γέγονε
911 772 1059 858 πόλεμος]
1079 779 1249 862 Theopha-

160 879 212 920 nes
233 859 396 942 Byzantius
417 857 500 941 apud
521 841 677 924 Pbolinm.
730 796 923 942 {lapsioris
951 857 971 922 sl
997 863 1056 925 rosi
1071 859 1249 926 'loums'snu

159 942 218 1003 rosi
236 939 392 1022 βασιλέως
413 937 604 1026 ἐξάδελφος,
625 945 681 1025 τῆς
700 937 742 1004 ἕω
763 939 996 1023 χειροτονηθεΐς
1015 941 1187 1026 στρατηγὸς
1203 945 1249 1020 εἰς

158 1020 213 1086 τὸν
233 1022 313 1106 πρὸς
332 1021 480 1107 Χοσρὸην
507 1024 646 1106 πόλεμον
665 1023 764 1112 ὀγδόῳ
792 1020 856 1088 ἔτει
878 1025 935 1106 τῆς
955 1025 1130 1090 ’tavernou
1151 1031 1249 1108 βασι-

158 1101 244 1181 λείας
280 1107 545 1184 ἐξαποστέλλεται.
598 1109 775 1172 Macrianus
800 1109 912 1172 tustini
937 1111 1077 1195 imperat.
1101 1111 1249 1197 pasnselh

161 1191 295 1259 Orientis
312 1191 380 1254 duae
399 1194 465 1256 iens
482 1195 680 1271 marmeians,
700 1195 735 1254 in
752 1193 976 1278 expeditionem
999 1195 1145 1260 aduena
1153 1193 1249 1261 Gbos.

157 1293 243 1336 ruens
260 1289 370 1339 octauo
390 1275 513 1360 imperii
525 1277 635 1338 trusisti
651 1295 733 1339 assae
753 1279 857 1340 missus
876 1289 927 1340 est.

240 1397 323 1462 lbet
347 1396 394 1462 16.
450 1389 549 1479 ἦλθον
573 1391 603 1462 oi
622 1392 782 1484 Ἀβᾶρεις]
814 1409 961 1484 excerpta
983 1399 1023 1466 de
1042 1401 1248 1488 legationibus

157 1503 194 1544 ex
215 1481 388 1545 Menandro
421 1482 542 1546 cladem
562 1503 582 1544 a
600 1483 731 1547 Tiberio
759 1491 920 1568 acceptam
941 1485 1084 1566 referum
1103 1487 1248 1551 editionis

156 1566 270 1652 Regiae
283 1587 354 1652 pag.
374 1564 444 1632 115.
1228 1583 1231 1590 '

149 1763 153 1768 .
240 1689 320 1754 trid.
343 1687 394 1754 20.
430 1685 602 1769 Ὀρμίσδας
623 1685 699 1754 dil
724 1685 878 1770 βασιλεύς
898 1689 1052 1776 tlepoo'is]
1075 1693 1155 1756 leves
1174 1694 1248 1758 istos

156 1778 371 1840 Romanorum
403 1781 437 1836 et
456 1774 622 1836 Persarum
644 1771 827 1851 conflictus,
856 1777 902 1856 (ex
939 1775 1052 1860 quibus
1080 1777 1248 1841 Persarum

156 1859 247 1922 rebus
269 1857 337 1921 talis
356 1857 488 1920 accessio
509 1859 601 1935 lacta)
625 1857 690 1921 fuse
714 1857 863 1921 describit
881 1857 1034 1944 Euagrius
1058 1857 1078 1924 l.
1098 1859 1118 1922 5
1139 1882 1166 1923 c.
1186 1859 1248 1924 89

157 1952 191 2006 ct
213 1940 264 2004 10.
307 1951 427 2024 tempus
447 1961 484 2004 ex
503 1940 647 2025 Tbeopb.
674 1941 802 2033 Byzant
824 1941 998 2026 colligiturz
1020 1943 1075 2027 qui
1094 1943 1251 2008 Marciani

156 2023 321 2089 inducens
344 2023 539 2089 institutione
559 2047 641 2089 anuo
663 2026 771 2090 lustiai
795 2035 908 2090 octavo
933 2025 1093 2110 assignata,
1116 2027 1248 2092 mcxli.

152 2111 294 2176 heratam
304 2109 443 2186 Nisibin,
456 2111 595 2173 etDaras
616 2108 728 2174 urbem
745 2109 871 2174 sPersis
892 2117 1016 2193 captam
1038 2119 1155 2188 narrat,
1166 2133 1247 2197 qaae

155 2217 192 2258 ex
209 2191 410 2276 Theophanis
430 2193 531 2255 nostri
544 2193 663 2257 calendo
685 2194 717 2256 in
732 2215 850 2256 annum
868 2193 1086 2257 succedentem
1107 2215 1249 2280 congrus

156 2284 286 2359 possunt
307 2273 455 2340 incidere.
502 2297 604 2359 porro
633 2276 689 2360 qui
709 2279 840 2341 Martius
867 2275 1053 2361 Theophani
1078 2289 1199 2358 nostro,
1224 2279 1248 2342 is

156 2360 307 2446 Byzantio
342 2367 375 2422 et
391 2359 530 2442 Euagrio
558 2361 750 2422 Marcianus:
787 2361 841 2444 qui
871 2361 1043 2424 Artabanes
1076 2361 1196 2434 eidem
1225 2363 1250 2426 is

156 2444 295 2543 Euagrio
312 2443 545 2519 'Aduarmaues;
572 2443 722 2529 Byzantio
740 2444 945 2507 Baramaaues
967 2443 1069 2522 audit,
1090 2445 1124 2507 in
1146 2467 1251 2508 exem.

156 2530 239 2614 plara
257 2550 336 2593 sero
365 2528 539 2591 Barberino
566 2524 764 2606 Artabane,
785 2527 818 2590 in
834 2526 979 2590 Palatino
1000 2526 1186 2591 Adarmauea
1206 2527 1251 2593 le.

157 2614 254 2697 gitur.
308 2610 476 2675 Archelaus
512 2632 615 2695 porro
649 2610 734 2696 apud
761 2608 1114 2695 Euagriumeeodori
1135 2632 1249 2677 nomen

157 2697 250 2781 gerit.
291 2695 416 2758 auctori
435 2694 559 2759 demum
572 2716 692 2758 summe
711 2694 917 2757 adversantur
929 2694 1104 2779 Bysautius,
1125 2696 1250 2759 etEua.

181 2780 244 2844 rius
266 2778 414 2843 uictorias
434 2778 487 2841 hic
507 2787 693 2845 memoratas
714 2776 850 2842 Chosrol
872 2786 1076 2859 recensentes,
1123 2800 1176 2841 uas
1199 2778 1253 2843 ille'

159 2802 226 2925 llio
247 2862 412 2926 Ormisdae
443 2864 540 2928 refert
572 2870 731 2946 acceptare
761 2862 848 2925 ouius
870 2858 1054 2923 discriminis
1074 2800 1190 2926 iuhicio
1210 2862 1250 2927 ad

158 2946 366 3010 Menandrum
384 2948 415 3008 in
436 2946 587 3031 excerptis
607 2947 721 3024 delato,
733 2944 939 3030 Theophanes
960 2954 1067 3010 noster
1088 2944 1249 3013 damnatus

160 3028 322 3094 alucedets
351 3028 529 3093 Ormisdam
556 3030 675 3116 qnippe
695 3030 820 3093 nonnisi
839 3030 970 3092 Tiberio
1002 3028 1109 3092 lustini
1128 3052 1251 3094 succes·

159 3135 231 3178 sore
258 3113 344 3175 annis
370 3112 432 3176 iam
466 3114 587 3199 aliquot
619 3115 795 3197 imperante
824 3114 907 3196 regit
941 3112 1040 3175 cidari
1070 3112 1250 3177 redimitum

185 3198 346 3261 renuntiat
367 3217 439 3281 pag.
462 3196 531 3275 168,
561 3196 714 3281 Euagrius
748 3215 876 3283 qnoque
904 3194 999 3262 lih.5
1029 3218 1097 3280 cap.
1121 3197 1170 3258 15.
1212 3220 1249 3261 ea
1323 3248 1334 3274 ,

160 3219 285 3345 lernam
304 3281 394 3344 clade
411 3290 538 3365 accepta
560 3279 724 3381 pnsssssllo
745 3300 783 3343 ex
813 3280 907 3343 animi
929 3299 1077 3345 moerore
1097 3280 1248 3345 lustinum

160 3365 302 3428 invasisse
321 3364 431 3427 scribit
458 3367 611 3449 Euagrius
632 3385 704 3447 cap.
728 3362 784 3441 11,
815 3384 878 3463 gua
908 3362 1053 3427 laborans
1085 3364 1249 3429 Tiberium

160 3448 352 3513 renuntiavit
372 3449 543 3526 Caesarem,
563 3458 596 3513 et
617 3448 696 3531 reip.
718 3446 1016 3511 administrationem
1037 3445 1068 3511 ei
1087 3448 1251 3511 commiste

160 3536 247 3595 cuius
268 3530 314 3596 rei
335 3541 438 3617 gestas
458 3534 490 3595 in
512 3554 626 3595 anunm
710 3540 836 3595 uentem
857 3540 971 3594 auctor
989 3528 1152 3595 historiam
1172 3530 1250 3593 reii-

161 3618 215 3688 cits
246 3616 439 3701 eandemque
465 3616 639 3679 chronicon
669 3614 910 3679 texandrianm
938 3622 1052 3677 octavo
1081 3634 1250 3699 perperam

160 3699 331 3765 exhibuisse
351 3699 443 3779 dices,
468 3700 525 3763 nisi
537 3708 614 3763 tuac
626 3720 694 3763 eam
706 3698 803 3763 levius
823 3698 938 3781 tulisse,
953 3698 1005 3762 hic
1024 3698 1126 3765 eidem
1148 3698 1250 3763 omni-

162 3806 205 3847 no
225 3784 420 3847 succubuisse
441 3784 666 3868 imperatorem
686 3782 898 3847 affinnaveris.

242 3898 317 3979 381,
341 3904 390 3969 16.
429 3900 598 3974 Ἴονστῑυος
619 3891 635 3960 i
658 3874 821 3981 ducitavit]
844 3910 991 3983 excerpts
1011 3898 1050 3962 de
1070 3898 1160 3984 legat.
1180 3898 1249 3966 bic-

161 3983 272 4047 nnndri
293 3985 346 4048 lib.
368 3986 398 4067 2,
419 3984 573 4071 Euagrius
593 3984 716 4066 citatus,
735 3984 941 4067 Fredegarius
961 3982 1169 4047 scholasticus·

102 4182 105 4186 ,
244 4101 318 4179 382,
339 4098 371 4166 3.
412 4100 470 4186 τὴν
491 4096 675 4183 συναγωγὴν
695 4098 759 4164 sais
784 4092 950 4185 liliputer]
971 4100 1105 4187 origines
1126 4096 1188 4161 ΟΡ.

245 4219 324 4283 lbs‘d.
348 4222 397 4286 10.
438 4214 595 4300 Εόῐῦχιος
628 4214 780 4302 ἀπέλαβε]
811 4218 965 4301 Euagrius
993 4216 1045 4281 lib
1069 4214 1089 4279 5
1109 4236 1177 4300 esp.
1200 4216 1248 4293 16,
