3050 4900
262 343 338 420 400
634 355 676 417 ΙΝ
705 347 983 416 mmrntnnn

264 525 373 607 copias
394 518 534 588 debello
553 519 702 586 Gottbieo
721 521 778 584 sub
799 519 932 598 initium,
955 517 1123 582 lomander
1143 515 1183 580 de
1204 536 1289 604 regn.
1312 543 1357 585 nc·

265 618 360 690 temp.
382 605 586 685 successione,
616 614 711 689 atque
729 607 844 668 iterum
871 603 1020 666 derebus
1040 601 1156 664 Geticis
1176 603 1229 666 lib.
1247 626 1351 668 versus

265 687 367 753 linem.
417 699 561 771 tempora
586 697 618 751 et
637 709 732 751 anuos
757 687 924 750 observant
936 687 1068 764 Murius,
1089 685 1295 768 Cassiodorus,
1316 700 1350 753 et

267 772 465 840 Marcellinus
486 773 518 833 in
539 773 703 836 chronicis.

270 963 308 1027 ¹8
332 880 422 1026 ¹303z
435 878 485 1026 hg)
504 875 534 942 oi
552 880 609 964 τῆς
628 871 781 960 ἀνατολῆς
802 873 977 959 ἐπίσκοποι]
999 878 1149 962 Euagrius
1162 878 1241 942 lib.3
1262 899 1352 966 capp.

390 985 407 1026 e
484 1005 493 1026 .

352 1066 426 1152 904,
437 1069 467 1132 6.
509 1069 636 1151 Πέτρος
658 1063 831 1153 ὅγνοφούς
845 1065 881 1132 τὸ
895 1063 923 1148 β’
942 1063 997 1152 ἔτη
1011 1065 1062 1150 γ’]
1082 1091 1234 1132 annorum
1254 1071 1353 1132 trium

268 1177 417 1233 summam
437 1154 511 1216 huic
536 1175 641 1216 omnes
668 1153 759 1216 codd.
791 1152 977 1232 attribuunt,
1000 1155 1087 1216 cuins
1111 1154 1183 1216 unni
1201 1155 1357 1236 sigillatim

222 1254 225 1258 “
270 1237 443 1302 enumerati
469 1235 510 1299 ad
539 1247 690 1320 quattuor
715 1236 880 1299 ascendere
901 1237 1150 1318 comperiuntur.
1191 1237 1262 1300 ride
1281 1259 1354 1320 pag.

270 1345 333 1406 seq.
354 1320 447 1386 Barb.
469 1317 567 1384 codex
589 1321 643 1406 qui
666 1331 729 1386 tres
756 1329 916 1398 recenset,
938 1319 1105 1384 secundnm
1126 1329 1269 1405 repetere
1290 1342 1355 1382 non

271 1415 410 1469 veretur.

353 1529 436 1591 [bid.
478 1521 600 1590 ἔκδικον
621 1519 774 1608 ἔπεμψεν]
798 1525 1052 1589 libellanelicis
1072 1527 1111 1588 ad
1134 1527 1278 1589 Acacium
1297 1525 1358 1587 ha..

270 1616 326 1678 bet
347 1611 499 1674 Baronius
519 1609 560 1672 ud
590 1631 706 1671 aunum
726 1612 761 1672 C.
785 1604 849 1672 483
870 1633 953 1672 num.
973 1609 1015 1672 46
1038 1620 1070 1672 et
1090 1608 1141 1690 47,
1163 1633 1226 1694 qno
1248 1610 1359 1672 delen-

174 1756 176 1759 .
271 1697 347 1762 soris
380 1695 464 1758 istius
491 1713 606 1755 nomen
634 1693 760 1774 promit.
809 1693 872 1756 “nd
900 1717 992 1776 quarn
1020 1697 1127 1767 rem,'’
1149 1695 1275 1778 inquit,
1296 1695 1358 1755 “dc

272 1780 401 1863 collegio
435 1788 540 1839 nostro
568 1777 681 1838 fratres
709 1786 742 1837 et
761 1777 957 1860 coepiscopos
984 1787 1124 1854 nostros,
1155 1799 1224 1840 curn
1247 1777 1359 1860 quibus

274 1861 361 1926 illum
382 1883 400 1924 a
419 1862 518 1922 latere
539 1866 646 1921 nostro
667 1857 874 1922 fidelissimum
893 1861 1028 1922 Felicem
1050 1861 1242 1923 defensorem
1261 1864 1291 1924 S.
1305 1881 1359 1922 ec-

273 1948 382 2008 clesiae
402 1947 559 2008 Romanae
577 1940 776 2004 ordinatione
806 1944 999 2008 direximm.''
1041 1937 1161 2016 ἔκδικος
1177 1946 1283 2028 itaque
1305 1943 1360 2004 de·

276 2031 381 2090 fensor
402 2036 458 2104 est,
480 2025 535 2109 qni
556 2025 703 2088 ecclcsiae
731 2027 813 2102 iura,
834 2035 949 2089 statuta
973 2033 1005 2088 et
1027 2027 1188 2110 privilegia
1208 2037 1289 2090 sarta
1310 2035 1363 2088 te·-

274 2123 325 2173 cta
347 2117 510 2173 conservat
530 2117 563 2170 et
593 2107 749 2171 defendit:
777 2109 859 2170 unde
882 2110 1022 2173 defensor
1044 2111 1188 2174 ecclesiae
1207 2111 1258 2173 bic
1281 2107 1362 2173 idem

274 2196 359 2260 Felix
377 2193 526 2257 scribitur
546 2214 566 2253 a
585 2191 731 2254 Liberata
751 2193 900 2256 breviarii
920 2215 987 2276 cap.
1010 2196 1061 2260 18.
1302 2197 1305 2202 “

359 2301 442 2362 lem.
462 2299 494 2364 9.
543 2297 608 2361 νόν
628 2293 690 2360 o'nd
706 2294 830 2380 Ῥώμης
860 2299 1079 2383 πεμφθέντων]
1102 2299 1215 2384 legatos
1237 2299 1365 2361 iniurias

278 2383 451 2448 huiusmodi
472 2383 738 2467 Constantinopoli
767 2405 866 2466 passos
897 2393 1030 2448 testatur
1057 2385 1205 2446 liberatus
1237 2384 1265 2443 in
1285 2383 1366 2443 bre-

278 2472 386 2549 viario.
407 2470 507 2531 “itum
529 2468 646 2532 estCP.
667 2478 699 2530 et
719 2468 872 2551 praedicti
891 2468 1029 2553 episcopi
1050 2470 1082 2529 in
1103 2468 1270 2531 custodiam
1290 2476 1365 2540 sunt

281 2554 410 2631 redacti,
432 2551 547 2613 chartis
573 2551 718 2630 sublatis,
740 2572 780 2613 ne
801 2552 968 2629 catholicis,
991 2552 1102 2635 quibus
1123 2553 1274 2635 scriptum
1296 2550 1366 2609 lue.

281 2646 340 2715 rat,
362 2636 583 2699 redderentur.
648 2656 703 2696 uos
726 2636 842 2695 iterum
863 2646 934 2718 post
960 2634 1184 2697 bacchamur
1202 2634 1239 2696 dc
1260 2642 1367 2695 custo-

280 2721 333 2783 dia
352 2720 476 2782 eiiciens
493 2738 597 2779 mcum
625 2656 701 2777 iecit
721 2716 911 2799 procedere,
933 2728 968 2781 ut
990 2720 1076 2801 quusi
1098 2719 1280 2783 confirmato
1303 2716 1366 2779 Pe-

282 2803 326 2866 tri
345 2800 520 2863 sacerdotio
541 2798 806 2861 dimittcr·entnr.''

364 2904 522 2975 1bid13.
568 2901 696 2986 Πέτρος
714 2900 771 2989 ἔτη
789 2900 826 2989 γ’,
845 2903 891 2989 γ’]
922 2906 1090 2989 palladium
1119 2909 1249 2994 eiusque
1270 2932 1365 2974 annos

283 2992 390 3063 decem
411 2997 539 3052 annotat
556 2988 608 3053 bic
623 2989 751 3075 Peyrez.
770 2992 914 3054 collatum
924 2991 1077 3070 Palatino,
1091 2992 1152 3055 imo
1169 3016 1283 3058 anunm
1301 2996 1367 3059 eius

282 3075 419 3158 primum
441 3083 473 3136 et
494 3072 693 3136 decurrentes
714 3074 860 3157 deinceps
889 3075 1001 3158 incipit
1021 3096 1194 3139 numerare.

365 3182 445 3246 lbid.
470 3180 519 3249 rl.
559 3171 660 3252 Ἴλλος
690 3180 746 3242 καί
773 3176 920 3259 Λεόπος]
955 3183 1120 3267 lornnndes
1148 3184 1187 3247 de
1220 3204 1304 3269 regn.
1333 3206 1371 3247 ac

285 3276 379 3350 temp.
400 3264 599 3343 successione,
623 3264 805 3326 Theodorus
826 3264 925 3327 lector
946 3266 1000 3329 lib.
1024 3268 1053 3329 9„
1252 3312 1255 3317 .

366 3372 450 3440 thid.
476 3376 525 3441 19.
569 3368 707 3455 κοντούς]
727 3372 823 3435 babet
842 3372 1006 3437 lornandes
1029 3376 1162 3437 hastilia.

287 3494 291 3503 ·
336 3559 340 3565 ¹
367 3480 449 3543 ibid.
488 3480 589 3562 πέραν
619 3478 664 3551 εἷς
689 3478 819 3563 Σοκαῖς]
852 3480 890 3541 ad
916 3480 1042 3544 boreale
1072 3482 1132 3544 ΟΡ.
1162 3483 1240 3545 latus
1261 3490 1374 3565 portus

286 3573 340 3640 est,
364 3563 451 3624 ultra
468 3585 562 3646 quem
583 3564 669 3646 regio
688 3564 828 3645 opposita
860 3564 940 3625 Pera
961 3575 1100 3641 vocatur,
1123 3568 1195 3649 quia
1216 3564 1298 3647 πέρα
1316 3562 1375 3627 τοῦ

284 3648 427 3725 λιμένος,
450 3655 482 3708 et
503 3648 630 3708 inferius
652 3648 763 3707 Galata
791 3670 808 3707 a
830 3646 918 3709 luctis
935 3651 1026 3731 copia
1048 3650 1120 3711 inde
1135 3652 1166 3709 in
1187 3650 1297 3721 urbem
1318 3648 1374 3711 de-

285 3739 428 3815 portata,
459 3730 546 3791 euius
572 3730 610 3791 ab
629 3730 754 3811 optimis
775 3731 891 3791 ficubus
911 3732 1026 3795 ibidem
1047 3734 1241 3795 nascentibus
1264 3732 1374 3808 Σοκαῖ,

287 3813 452 3898 antiquum
474 3834 598 3878 nomen.
639 3814 837 3873 Iustinianam
862 3835 985 3897 qnoque
1007 3817 1122 3879 dictem
1143 3816 1375 3878 ohservatSte-

286 3898 406 3979 phanns
435 3896 474 3957 dc
491 3898 631 3961 urbibus.
662 3898 751 3979 plura
775 3897 963 3959 Pancirollus
992 3899 1029 3962 de
1063 3901 1102 3967 14
1119 3900 1295 3983 regionibus
1316 3920 1376 3957 ur.

285 3980 332 4040 bis
352 3982 411 4042 GP.
434 3981 475 4042 ud
495 3980 635 4042 notitiam
656 3979 791 4062 imperii,
813 3991 844 4043 et
873 3982 991 4067 Gyllius
1010 3984 1040 4043 in
1063 3981 1272 4067 topographia
1293 3981 1354 4041 CP.

371 4094 442 4173 205,
465 4098 492 4161 l.
535 4092 552 4154 d
575 4088 735 4175 δὲΖὴνονν
753 4096 794 4180 τῇ
814 4098 915 4179 βουλῇ
936 4094 1093 4179 Ἀνανίου]
1117 4097 1279 4161 historiam
1295 4101 1377 4157 hoa..

289 4178 329 4239 cii
349 4199 472 4242 omnem
492 4179 579 4243 nobis
598 4200 678 4263 pene
698 4181 885 4263 incognitam
906 4188 1036 4245 testatur
1051 4183 1181 4246 Photins
1202 4180 1310 4249 codice
1334 4176 1378 4243 42
