3050 4900
582 297 824 368 arnasano.
1142 257 1146 266 ’
1202 298 1223 364 7

65 485 67 508 ¹
159 469 342 552 napolitanae
357 479 464 532 tenens
479 471 634 552 ecclcsiae,
654 470 807 556 praedicti
829 473 933 554 operis
954 469 1001 534 sui
1016 471 1128 555 stylum
1148 491 1227 553 pro-

64 569 66 588 *
157 555 249 615 traxit.
291 556 344 638 qni
366 563 470 616 autem
503 553 564 616 sint
584 557 633 616 isti
660 557 801 619 breviter
821 555 988 617 annotabo.
1029 555 1144 616 boram
1167 556 1227 637 igi.

153 646 200 698 tnr
218 637 291 699 alter
312 639 408 700 electa
430 639 598 699 monautica
621 641 684 701 vita
705 638 887 722 mundoque
907 646 1089 721 contempto
1111 638 1226 698 Christi

61 715 64 770 ἶ
151 741 178 781 sc
197 721 251 781 levi
270 721 343 804 iugo
368 729 400 784 et
421 720 508 783 suavi
527 721 668 785 sarcinae
688 723 887 805 mancipavit.
929 733 1094 803 praeterea
1113 730 1226 783 contra

151 803 307 868 haereticos
331 804 492 868 incessanti
506 825 604 888 agone
622 806 782 882 desudans,
803 805 909 866 mundi
932 806 1127 888 principibus
1150 825 1228 866 con·

151 893 192 947 tra
208 888 350 950 ecclesiae
365 889 460 950 ritum
477 889 696 967 metientibus,
716 890 820 950 multis
834 889 1015 951 verberibus
1037 889 1227 971 diversisque

150 972 244 1052 poenis
262 973 386 1034 affectus
408 981 462 1036 est.
505 973 646 1055 sicergo
668 973 809 1055 stigmata
823 971 938 1034 Christi
959 973 991 1032 in
1011 991 1147 1053 corpore
1167 992 1225 1033 sno

148 1063 282 1134 portans,
302 1063 366 1116 tam
387 1075 449 1136 pro
471 1055 543 1118 lidei
572 1077 645 1118 suae
666 1056 837 1118 constantia
862 1077 955 1140 qnam
974 1076 1037 1137 pro
1055 1055 1225 1116 multarum

146 1137 287 1200 virtutum
313 1137 482 1220 insignibus
513 1150 636 1202 sanctae
666 1139 836 1202 memoriae
854 1139 984 1215 Tarasii,
1015 1139 1118 1222 regiae
1140 1138 1224 1200 urbis

146 1221 298 1300 praesulis,
332 1222 482 1306 syncellus
513 1223 638 1286 effectus
669 1233 724 1285 est.
778 1223 832 1285 sed
861 1243 900 1285 ne
924 1221 1021 1282 multo
1042 1242 1226 1305 prosequar,

146 1301 276 1368 sufficere
297 1306 440 1367 arbitror
464 1305 504 1368 ad
523 1307 728 1389 praeconium
744 1306 808 1367 eius
831 1304 916 1388 qnod
938 1327 956 1365 a
977 1304 1048 1369 sede
1063 1305 1225 1388 approba.

146 1396 186 1448 tus
206 1387 244 1449 sit
265 1387 447 1470 apostolica,
467 1390 592 1476 quando
624 1389 741 1452 scilicet
760 1390 869 1450 vicarii
898 1390 962 1450 eius
983 1411 1043 1449 una
1065 1411 1137 1450 cum
1157 1398 1226 1451 tre-

146 1471 230 1532 centis
250 1473 477 1556 quinquaginta
499 1476 639 1557 patribus
660 1473 692 1534 in
714 1474 828 1536 Nicaea
848 1473 930 1534 urba
949 1472 1086 1535 secundo
1108 1493 1225 1534 conve·

146 1552 253 1617 cientes
275 1554 481 1618 universalem
510 1558 662 1642 synodum
685 1557 906 1632 celebrarunt,
926 1556 1079 1638 siquidem
1103 1565 1134 1619 et
1160 1556 1224 1615 lans
1316 1621 1323 1634 θ

143 1637 197 1698 eius
217 1639 246 1700 in
270 1637 382 1701 eodem
400 1642 532 1724 septimo
563 1651 594 1704 et
625 1648 732 1716 sancto
755 1639 888 1700 concilio
913 1643 1079 1720 reperitur.
1121 1658 1223 1721 porro

142 1721 174 1782 de
192 1720 292 1784 altero
316 1722 392 1804 quid
426 1724 546 1785 dicam?
588 1745 660 1786 cum
688 1732 721 1788 et
743 1725 808 1786 eius
830 1725 1007 1804 conscripta
1029 1726 1101 1799 vita,
1123 1723 1224 1806 qnali-

141 1811 183 1864 ter
201 1805 346 1868 videlicet
365 1806 473 1889 amplis
502 1806 697 1890 patrimoniis
730 1806 862 1869 venditis
891 1827 1015 1868 cracem
1036 1827 1122 1866 suam
1141 1805 1222 1866 tule-

140 1887 194 1963 rit,
214 1889 389 1973 qualiterve
410 1900 532 1953 secutus
554 1890 720 1967 Chn'stnm,
740 1890 861 1952 abbatis
883 1890 914 1949 in
932 1889 1123 1951 monasterio
1146 1887 1221 1971 Agri

139 1971 250 2034 lunctsrs
272 1971 387 2046 officio,
412 1975 584 2036 virtutibus
606 1974 746 2053 fulserit,
775 1973 932 2034 miraculis
954 1972 1168 2034 coruscaverit
1189 1981 1221 2034 et

137 2056 287 2117 masessor
310 2057 443 2135 obierit,
468 2059 540 2120 satis
568 2068 740 2142 aperteque
766 2079 826 2137 per
844 2057 1025 2140 Byzantium
1047 2067 1079 2118 et
1100 2058 1218 2118 circum

136 2157 267 2222 quasque
289 2141 446 2222 regiones,
466 2141 521 2202 his
541 2141 594 2224 qui
621 2161 720 2223 propa
742 2149 775 2202 et
796 2139 842 2200 his
865 2139 920 2222 qui
942 2141 1033 2223 longe
1055 2148 1135 2217 snat,
1156 2139 1219 2199 cla-

134 2231 199 2282 met.
241 2222 296 2284 scd
313 2232 344 2284 et
362 2223 462 2285 studia
484 2225 548 2286 eius
570 2226 608 2286 ad
625 2245 680 2286 nos
698 2243 794 2306 usque
810 2224 940 2305 perlata,
962 2225 1030 2307 qois
1042 2223 1091 2286 acl
1115 2243 1217 2307 quan.

133 2310 176 2362 tus
193 2305 243 2366 air
267 2307 324 2368 iste
356 2307 451 2370 suerit
478 2309 642 2370 solertibus
670 2307 877 2370 manifestant.
928 2328 963 2368 ex
993 2307 1109 2368 horum
1140 2325 1216 2388 ergo

133 2385 401 2473 chronographiae
419 2392 632 2455 amoenissimo
653 2392 806 2477 quaedam
828 2391 993 2473 decerpam
1007 2391 1115 2469 horto,
1135 2410 1217 2473 qnae

132 2472 331 2553 amplissimae
351 2476 397 2534 tui
417 2478 520 2558 operis
541 2497 663 2538 mensae
681 2476 828 2538 obediens
850 2474 1018 2535 obsecutos·
1039 2495 1214 2556 apponam

131 2576 204 2637 quae
228 2557 378 2619 nimirum
410 2568 611 2621 contemnere
637 2580 702 2619 non
731 2558 842 2634 debes,
862 2556 915 2617 sed
934 2558 1016 2618 inter
1035 2566 1089 2617 tua
1107 2557 1214 2618 saltem

128 2640 296 2701 secundum
316 2644 579 2704 sensussirtatem
603 2642 668 2705 sine
683 2640 807 2703 fastidio
829 2638 995 2717 collocare,
1014 2635 1118 2720 primo
1140 2638 1213 2722 qnia

129 2727 180 2781 tuo
200 2733 276 2785 sunt
296 2724 396 2785 elicita
416 2727 463 2787 lrc
487 2726 573 2786 uenti
592 2746 722 2808 prorsus
744 2724 883 2799 hortatu,
902 2720 1015 2784 deinde
1037 2724 1109 2805 qnia
1131 2723 1212 2782 inter

129 2804 253 2867 crebras
275 2818 306 2869 et
322 2819 451 2870 assuetas
466 2748 595 2870 tdelicias
609 2830 832 2891 nonnunquam
845 2806 951 2866 silium
964 2826 1104 2867 escarum
1126 2803 1212 2889 qussi

128 2884 351 2953 delectabilium
372 2893 577 2974 requiruntur
597 2890 708 2971 edulia,
739 2892 835 2952 tertio
858 2889 942 2973 qnia,
964 2890 1066 2951 donec
1085 2909 1211 3033 propo·

125 2970 196 3035 sitae
218 2996 299 3057 opus
321 2975 469 3039 historiae
500 2996 560 3057 per
589 2983 621 3037 te
649 2976 689 3037 ad
720 2975 945 3057 perlectionem
967 2973 1064 3034 suerit
1107 2994 1145 3033 co
1166 2974 1211 3032 la·

125 3064 212 3117 sente
232 3058 439 3140 perductum,
468 3059 588 3141 poterit
606 3060 690 3121 forte
719 3067 860 3119 nostrum
881 3077 944 3118 esse
966 3054 1210 3118 desiderantibus

125 3138 345 3223 aliquantisper
364 3143 397 3203 in
419 3164 517 3218 mum,
540 3142 640 3225 etqui
661 3140 766 3222 opima
785 3150 886 3201 vestra
900 3141 1048 3222 consequi
1066 3159 1130 3198 non
1153 3160 1209 3197 ra-

125 3219 248 3299 luerint,
269 3233 363 3287 erunt
386 3227 512 3287 interim
534 3226 579 3285 his
600 3226 726 3286 exilibus
751 3224 865 3284 nostris
877 3232 1036 3305 utcunque
1059 3220 1208 3283 contenti.

123 3302 194 3366 huic
213 3330 287 3369 sane
310 3308 400 3390 operi
424 3319 526 3370 ratum
548 3308 619 3370 clusi
644 3308 724 3370 beati
754 3305 922 3387 Nicephori
943 3305 1209 3386 Constantinopo-

122 3386 204 3449 litani
227 3392 365 3475 episcopi
393 3390 676 3475 chronographiam
698 3410 897 3472 proponere,
924 3398 960 3450 nt
979 3388 1095 3450 scilicet
1116 3397 1149 3450 et
1169 3410 1205 3450 er

120 3476 273 3554 capessis
293 3474 484 3559 aliquantula
499 3496 638 3555 carpere,
658 3482 691 3535 et
711 3472 809 3533 sicnhi
821 3472 957 3533 fortassis
977 3471 1036 3533 hac
1055 3470 1207 3533 utendum

119 3554 317 3637 indicaveris,
342 3570 428 3620 tuam
449 3580 512 3620 non
534 3558 628 3621 lateat
647 3558 777 3618 omnino
797 3557 950 3615 notitiam.
995 3555 1125 3617 obsecro
1147 3577 1205 3614 au.

119 3647 181 3701 tem
203 3644 367 3703 caritatem
387 3650 490 3719 tuam,
513 3662 593 3724 qnae
623 3638 726 3702 omnia
748 3639 918 3701 secundnm
939 3639 1113 3719 apostolum
1139 3638 1205 3697 sn'f.

117 3722 192 3801 sert,
217 3733 250 3785 ct
270 3745 332 3785 non
356 3724 480 3809 quaerit
500 3747 580 3809 quae
600 3746 653 3786 sua
672 3731 762 3799 sunt,
781 3756 824 3769 -
844 3724 940 3784 iusmo
961 3743 1019 3803 per
1040 3742 1089 3782 me
1112 3720 1204 3781 obse.

116 3817 186 3866 crat
208 3809 348 3869 universa
368 3808 552 3869 Latinorum
582 3806 709 3869 ccclesia
735 3814 772 3867 ut
792 3806 836 3867 sic
862 3804 1044 3867 scribendae
1067 3812 1134 3865 ate
1154 3803 1202 3863 in.

115 3886 250 3950 choetnr
271 3912 347 3972 opns
366 3891 535 3966 historiae,
565 3899 601 3951 ut
622 3912 701 3973 qnae
725 3890 765 3949 ah
789 3888 854 3971 ipso
880 3887 992 3947 Christi
1013 3888 1149 3948 adventu
1172 3885 1203 3946 in

114 3974 245 4035 eeclesia
265 3984 347 4054 gesta
369 3982 441 4037 sunt
464 3983 496 4035 ct
518 3984 603 4035 textu
624 3971 846 4034 ecclesiasticae
863 3970 1011 4033 historiae
1033 3992 1097 4031 non
1118 3968 1202 4029 indi.

114 4064 229 4117 cantur
248 4056 381 4139 indigna,
403 4058 488 4118 nullo
511 4058 607 4117 modo
631 4055 880 4137 praetermittas,
900 4052 1034 4135 exceptis
1054 4053 1100 4114 bis
1122 4053 1206 4112 sorte

116 4160 197 4221 quae
218 4138 365 4205 Eruebius
385 4140 597 4205 Theodoritus
628 4142 773 4203 Socrates
793 4148 825 4202 et
843 4138 1030 4201 Summanus
1052 4134 1206 4219 scripsisse
