3050 4900
291 287 315 362 4
607 299 819 365 nannows
845 299 1031 366 aacrom.

291 483 379 524 mone
400 463 486 546 regni
507 461 595 523 caria
617 481 738 544 praeses
758 461 971 544 amplissimus,
993 462 1094 544 magni
1115 461 1253 543 parcatis
1266 482 1376 543 magna

289 545 420 607 soboles.
465 545 519 606 sed
556 553 588 606 et
612 547 711 627 gratia
739 544 882 605 habenda
899 553 946 606 eat
972 545 1174 606 illustrissimo
1199 555 1231 606 et
1250 546 1377 606 eximiae

290 627 451 706 doctrinam
471 629 541 690 viro
563 631 602 694 D.
623 629 736 689 Carolo
759 627 975 704 deMoochai,
998 627 1231 710 archiepiscopo
1253 629 1376 688 Tholo.

289 731 374 788 saao,
396 713 449 794 qui
470 711 689 773 bibliothecam
701 735 786 772 suam
803 733 874 772 cum
888 713 994 794 paucis
1014 711 1256 794 comparandam
1277 711 1377 773 doctis

290 795 433 856 omnibns
454 803 562 875 patara
587 795 669 856 vult:
690 793 831 856 codicem
853 816 964 874 nempe
987 817 1080 855 manu
1102 796 1292 878 descriptum
1316 816 1377 856 no.

289 877 335 939 bis
355 876 565 940 commodavit
591 877 672 939 idem
704 879 753 938 vir
775 878 1011 956 illustrissimus,
1031 878 1116 938 cuius
1135 877 1272 941 subsidio
1295 897 1377 938 non.

290 961 373 1022 nulla
396 961 566 1022 sanavimus
596 971 628 1023 ct
649 961 782 1043 pristino
805 961 903 1022 nitori
931 962 1127 1023 restituimus.
1169 969 1331 1044 praeterea
1351 960 1377 1020 si

289 1065 370 1128 qnae
401 1053 490 1106 erant
517 1044 707 1106 subobscura
733 1043 764 1104 in
786 1043 844 1105 hac
865 1044 1030 1121 versione,
1060 1067 1095 1105 aa
1117 1045 1233 1107 Gracci
1260 1043 1376 1105 codicis

288 1127 455 1188 collatione
472 1135 505 1188 ot
524 1128 657 1188 aliorum
679 1137 843 1189 auctorum
864 1127 962 1188 anatis
991 1128 1065 1188 iocis
1087 1127 1322 1204 illustravimus,
1341 1135 1377 1186 nt

289 1211 418 1272 omnino
441 1231 540 1292 pauca
558 1211 620 1271 sint
642 1231 721 1308 quaa
753 1209 953 1272 mediocriter
980 1211 1073 1274 ctiam
1094 1211 1212 1273 eruditi
1235 1231 1298 1272 non
1321 1231 1377 1270 ca.

289 1294 386 1377 piant,
405 1291 429 1354 si
454 1315 525 1354 cum
546 1297 673 1354 Graecis
693 1314 878 1376 comparare
902 1311 965 1353 non
986 1304 1163 1376 gravantur.
1206 1315 1242 1356 cx
1260 1295 1377 1376 glossa.

290 1377 343 1437 riis
364 1385 466 1438 autern
489 1379 600 1454 nostris
619 1376 703 1439 hunc
734 1378 872 1438 fructum
891 1377 1066 1458 percipias,
1088 1388 1123 1438 ut
1145 1378 1375 1438 Gracco-bar·

288 1461 366 1521 bara
388 1460 496 1536 Latiae
517 1467 548 1522 at
568 1461 708 1522 Latino.
722 1460 856 1523 barbara
878 1463 999 1523 Graeca
1021 1463 1133 1525 efferre
1155 1460 1263 1544 possis.
1284 1460 1373 1524 Vale.
