3050 4900
280 364 355 445 ,tte
664 380 1007 449 iuramentum

364 544 436 627 439,
461 553 512 619 16.
563 550 623 613 τοῦ
655 552 692 615 δὲ
723 548 910 633 Μαυρικίου
938 548 995 616 τὸν
1018 549 1095 614 θεὸν
1122 546 1323 629 ἱκττετῖοντες]
1353 575 1373 615 a

280 636 450 699 simocatta
468 634 522 695 lib.
541 633 563 697 8
584 654 652 719 cap.
681 640 715 703 11
742 638 882 697 breviter
902 638 1081 719 perstricta.

362 738 434 823 440,
457 742 486 805 5.
527 740 571 827 τῷ
589 741 743 828 πορφυρῷ
761 738 909 829 ὄμφαλίρν
929 743 973 829 τῷ
991 742 1104 819 tutes]
1128 744 1208 827 orig.
1228 743 1289 807 GP.
1330 742 1367 807 sai

280 823 473 905 καλούμενον
490 821 707 925 μεσόμφαλον,
728 830 825 905 μέσον
846 826 915 888 ἐστι’
940 828 1004 889 τοῖν
1023 821 1102 888 ἑπτά
1124 824 1242 910 λόφων,
1265 818 1330 907 ἤως
1349 822 1370 908 'l

278 910 338 991 μία
358 916 456 991 μοῖρα
485 910 542 991 τῆς
568 913 684 981 πολεως
713 902 780 987 ἔχει
800 916 883 987 τρεῖς
910 904 1039 992 λόφους,
1059 907 1150 991 καὶὴ
1170 904 1264 989 ἑτέρα
1284 914 1371 991 τρεῖς

278 994 408 1075 λόφους,
431 993 487 1053 καί
504 992 601 1069 μέσον
632 988 703 1053 ἐστι’
720 992 824 1054 τοῦτο.
877 995 1010 1057 medum
1028 998 1081 1079 ραι·
1099 1007 1223 1055 comeus
1244 996 1369 1055 umbili·
1404 1054 1415 1078 ρ

278 1099 339 1153 cass,
362 1076 475 1137 meduss
496 1089 541 1137 cst
558 1076 636 1137 inter
653 1088 768 1159 septem
787 1076 892 1138 colles:
912 1078 968 1138 lsoc
987 1091 1040 1157 est,
1057 1099 1133 1161 pars
1154 1096 1214 1137 una
1232 1078 1367 1136 αιύιῖσοίτ

278 1162 347 1223 tim
369 1174 436 1237 tres,
456 1160 526 1221 s'nde
545 1160 634 1221 colles
651 1159 728 1221 alios
748 1172 808 1221 tres
832 1160 941 1222 habet:
970 1180 1074 1222 comm
1096 1161 1210 1222 medisss
1230 1171 1288 1234 est,
1308 1178 1367 1235 με·

277 1240 452 1323 capipulos.
471 1243 657 1325 πορφυροῦν
675 1250 779 1305 tamen
798 1232 943 1327 ἔμφυλον
963 1243 1179 1307 tatemerem
1198 1255 1313 1306 metam
1333 1244 1367 1302 in

277 1325 394 1411 palatio
416 1324 545 1388 colloco.

181 1438 187 1447 '
278 1424 279 1429 ἵ
360 1434 441 1500 Ibs'd.
467 1430 515 1500 14.
569 1426 903 1511 ὅπαρακοιμοὸμτνος]
931 1432 1140 1497 excubitorum
1174 1432 1250 1495 clim
1268 1453 1369 1497 comes

279 1518 393 1594 dictus,
414 1524 446 1579 ct
458 1515 497 1577 ad
515 1518 714 1599 imperatoris
728 1515 829 1578 cubile
846 1516 1016 1581 aecastor.-
1037 1514 1076 1583 de
1096 1538 1161 1603 quo
1174 1539 1238 1580 noo
1264 1516 1370 1587 ieiune

149 1666 152 1674 ,
277 1601 309 1665 in
330 1598 485 1673 Codicum
506 1600 711 1663 dissernimus.

360 1722 432 1801 449,
454 1722 484 1789 3.
532 1723 589 1803 τῆς
613 1720 719 1786 τοίνυν
748 1721 964 1803 μετοπωρινῆς
996 1715 1082 1804 ὥρας
1101 1719 1366 1802 καταλαμβανσό.

277 1807 409 1975 ρριῐέηὲο
423 1808 625 1871 Simccsttam
644 1804 742 1890 cap·8
762 1814 795 1869 et
815 1827 901 1892 seqq.
923 1805 1155 1891 decerpendum
1166 1806 1366 1871 radis'rhao-

359 1993 434 2077 443,
457 1996 488 2059 8.
529 1990 760 2078 προβάλλονται
793 1989 929 2081 ἔξαρχον
948 1990 1232 2079 Φανᾶν1ἒξαρχον
1254 1999 1366 2061 ducam

275 2082 437 2161 exercitus,
457 2090 490 2143 et
510 2080 629 2143 consilii
657 2078 832 2165 principem
862 2087 894 2145 et
911 2090 1123 2163 executorem,
1144 2102 1202 2145 nec
1221 2103 1284 2145 non
1305 2082 1366 2142 im·

275 2164 357 2263 perii
385 2162 584 2226 candidatum
613 2164 829 2246 interpretor:
865 2165 1003 2248 quamvis
1030 2166 1168 2227 Phocum
1196 2166 1260 2227 iam
1287 2172 1365 2228 tunc

276 2258 501 2333 imperatorem
520 2248 732 2311 renuntiatum
753 2246 872 2309 scribat
888 2248 1035 2311 Zonaras.
1054 2250 1226 2311 simocatta
1247 2269 1314 2331 cap.
1328 2247 1364 2311 7.

274 2324 407 2413 ἔξαρχον
437 2326 489 2394 τὸν
516 2326 747 2410 ἑκατόνταρχον
766 2326 1151 2414 contrementem.
1193 2331 1366 2415 κένταρχον

277 2426 368 2480 νοσοῖ
387 2414 601 2500 Theophanes,
623 2428 738 2478 centum
760 2414 905 2478 virorum
916 2417 1097 2503 principem.

354 2541 436 2607 thid.
460 2539 508 2608 14
563 2539 816 2622 Κυνσταντϊνος,
843 2539 901 2601 και*
918 2539 1136 2619 Δοραντιολος]
1164 2539 1364 2625 imperatoris

273 2624 426 2688 molestias
458 2625 597 2708 propriis
622 2622 754 2708 querelis
784 2632 876 2708 auget
896 2624 1100 2688 Prasinorum
1133 2626 1248 2703 factio,
1269 2635 1302 2688 et
1323 2621 1364 2686 sd

272 2711 424 2790 angustias
446 2717 595 2770 extremas
625 2707 787 2768 redactum
813 2707 907 2769 etiam
928 2729 1000 2768 cum
1025 2709 1218 2770 Constantini
1239 2717 1272 2770 et
1289 2710 1363 2769 Do-

274 2791 426 2871 mentioli,
448 2811 526 2875 quos
546 2790 700 2851 malorum
731 2811 861 2852 sucrum
881 2789 1016 2853 credidit
1037 2803 1191 2870 suctores,
1211 2793 1363 2874 pernicie,

272 2874 331 2936 sibi
351 2875 455 2938 favere
487 2872 654 2956 compellit.
709 2882 777 2935 erat
804 2882 907 2935 autem
932 2874 1161 2953 Domenticlus,
1188 2875 1362 2938 Simccatta

273 2967 351 3018 teste
374 2957 455 3019 libro
476 2957 496 3020 3
518 2978 586 3040 cap.
599 2955 630 3035 3,
645 2955 695 3018 vir
714 2956 961 3038 spectatissimos,
982 2967 1015 3020 et
1032 2960 1217 3042 imperatori
1238 2958 1361 3038 marus,

273 3048 368 3124 atque
391 3041 474 3104 inter
508 3043 661 3124 primores
684 3039 883 3102 'consiliarios
913 3043 1118 3125 conspicuus:
1140 3043 1360 3106 Constantinus

271 3135 376 3186 autem
406 3136 614 3208 cognomento
637 3123 768 3207 Lardys‚
804 3121 915 3186 eodem
939 3126 1095 3208 scriptore
1121 3127 1174 3190 lib.
1195 3125 1217 3188 8
1236 3147 1306 3209 cap.
1327 3123 1359 3203 9,

270 3209 321 3270 vir
342 3231 360 3268 a
384 3219 492 3272 senatu
512 3209 747 3282 illustrissimus,
776 3215 809 3266 ct
828 3207 961 3288 patricis
991 3210 1141 3293 dignitate
1169 3209 1359 3272 cohonesta-

271 3302 329 3369 tus,
350 3301 382 3354 et
404 3301 492 3355 antea
524 3293 652 3354 tributis
681 3289 890 3352 Orientalibus
925 3292 1110 3374 recipiendis
1144 3287 1196 3369 (ὃν
1217 3287 1359 3372 ἔπαρχον

269 3377 491 3458 πραιτωρίαν,
512 3377 614 3459 inquit
647 3373 717 3452 ille,
749 3369 903 3436 εἰώθασιν
930 3371 1096 3454 ὀνομάζειν
1122 3371 1290 3458 Ῥωμαῖοι)
1317 3376 1358 3437 ab

271 3459 346 3542 imp.
366 3460 585 3542 praepositus:
615 3479 713 3542 quare
743 3465 878 3539 uterque
906 3465 974 3520 tum
1001 3460 1155 3522 amicitiae
1183 3481 1257 3542 erga
1278 3459 1354 3541 imp.

269 3549 337 3604 tum
354 3563 519 3604 munerum
534 3563 615 3626 qnae
645 3541 796 3625 gerebant
824 3540 930 3620 titulis,
950 3543 1071 3628 populo
1093 3543 1193 3606 odiosi
1213 3542 1358 3626 querela·

269 3647 341 3689 rom
362 3627 557 3688 occasionem
578 3626 698 3710 populo
719 3624 955 3708 praestiterunt.

357 3733 439 3800 Ibid.
463 3734 510 3800 16.
553 3731 803 3812 παρτνοχλσιῖσιν
834 3727 887 3792 ἵνα
912 3728 929 3792 ὃ
961 3726 1092 3815 κροόκης
1127 3732 1281 3818 διοικήσῃ]
1305 3731 1358 3794 Ιιῐ-

268 3817 366 3878 storia
387 3817 529 3894 miscella,
553 3817 657 3900 “plebi
679 3824 751 3878 tuae
765 3816 919 3878 molestias
949 3817 1103 3898 ingerant,
1124 3825 1161 3877 ut
1185 3837 1292 3878 cruces
1310 3813 1359 3876 his

268 3907 430 3982 ponantur
450 3903 481 3961 in
503 3921 538 3961 ea
560 3919 639 3984 quae
658 3897 812 3961 habemus·
831 3900 994 3982 peccatis.''
1037 3903 1227 3963 Anastasius:
1249 3899 1355 3984 “plebi

268 3993 341 4047 tuae
360 3985 524 4067 molestias,
549 3993 580 4045 et
602 4003 708 4044 crocos
739 3985 885 4068 ingerere
905 3983 1074 4068 deponunt
1094 3986 1126 4046 in
1146 4006 1181 4047 ea
1200 4005 1281 4069 qnae
1299 3983 1358 4044 ha·

267 4068 374 4130 homas
394 4071 551 4151 peccata.”
592 4069 615 4128 si
637 4066 712 4150 quid
731 4067 837 4150 sepios
855 4067 1097 4131 “Constantinus
1113 4078 1145 4131 et
1165 4067 1357 4131 Dementia-

269 4151 313 4211 lus
345 4149 618 4214 administrationis
654 4171 726 4210 susa
757 4151 913 4235 pravitate
941 4155 973 4213 in
1001 4173 1151 4214 summam
1185 4149 1356 4235 augustiam

267 4233 409 4318 palulum
434 4234 652 4298 adduxerant:
682 4237 760 4298 adeo
790 4243 827 4298 ut
854 4235 975 4298 Phocas
1001 4245 1153 4323 tyrannos
1173 4235 1356 4314 cruciarias,
