3050 4900
533 352 587 415 Π
612 344 876 421 ulmum.
1175 342 1243 417 ¹91

153 520 261 603 potuit
280 518 426 601 affugere,
444 526 477 583 st
489 518 589 585 Dama
606 518 712 585 adime
725 519 938 585 Chsaaroram
956 541 990 585 ss
1007 520 1155 608 poposcit
1173 520 1248 583 olra-

152 605 224 685 gaui
244 604 406 665 obtutibus
442 607 655 686 praesentaris
703 606 737 668 nl
757 628 829 669 unna
849 607 896 668 rei
915 606 1180 669 oirounutantiam
1197 604 1249 665 di·

152 688 298 761 diuisset,
329 689 465 770 susoapit
493 710 565 750 euna
589 710 665 751 oum
681 626 812 753 honoro
841 678 972 772 ingenti,
995 699 1029 752 et
1051 688 1181 752 tradidit
1200 690 1247 750 illi

152 771 185 833 in
209 790 339 835 uxorem
362 770 564 833 Theodoram
587 794 766 856 germanam
788 793 933 836 sororem
952 796 1049 839 suam.
1089 784 1163 856 post
1176 792 1249 832 nro..

152 854 260 916 alinum
278 873 357 915 vero
370 856 518 937 temporis
537 876 632 939 prauo
655 855 759 919 oblata
780 857 921 941 chagano
941 855 1100 921 deseendit
1121 855 1248 917 inPho·

152 932 330 1021 unguriarn',
353 948 386 1001 et
407 939 470 1000 illio
491 938 625 1023 degebat
643 960 717 1003 onm
735 935 917 1003 Theodora.
964 942 1009 1003 hia
1028 938 1140 1002 auditis
1161 938 1250 1001 atsi.

149 1043 259 1085 marus
278 1022 377 1085 mittit
410 1020 453 1084 ad
470 1021 655 1106 chaganrun,
678 1026 866 1106 promittens
893 1026 920 1086 si
943 1024 1096 1107 praehere
1117 1044 1248 1085 munera

150 1108 263 1181 multa,
284 1104 312 1168 ri
336 1106 539 1169 lastinianum
561 1108 619 1169 sibl
641 1106 792 1171 duntaxat
815 1109 922 1169 vivum
941 1109 1178 1183 transmitteret,
1198 1106 1254 1169 sin-

150 1199 269 1267 antem,
291 1198 387 1272 caput
407 1190 482 1251 eius.
526 1192 638 1253 cedant
657 1212 734 1275 argo
754 1190 909 1274 chaganus
930 1190 1144 1253 huiuscemodi
1163 1192 1249 1273 peti-

151 1274 244 1351 tioni,
265 1274 438 1335 custodiam
460 1274 488 1335 ei
510 1275 604 1353 misit,
626 1296 664 1337 ne
683 1276 769 1359 quasi
800 1298 818 1337 a
838 1274 1068 1337 contribulibus
1091 1275 1153 1337 suis
1175 1274 1250 1334 insi-

151 1356 218 1419 dias
238 1365 423 1441 pateretur,
447 1358 594 1422 mandans
614 1358 775 1441 Paputaio,
800 1359 855 1443 qui
876 1366 946 1420 erat
965 1360 1030 1421 illio
1048 1360 1080 1421 iu
1098 1378 1251 1441 monae

150 1462 227 1503 suae
246 1440 316 1503 vice
336 1446 362 1515 *l
395 1438 582 1525 deputatus,
604 1450 637 1505 et
653 1442 804 1526 Balgitain
831 1442 1009 1524 prinoipem
1030 1440 1194 1523 Bosphori,
1215 1449 1252 1501 ut
1300 1438 1333 1508 ,’

150 1546 226 1587 cum
247 1524 462 1589 renuntiatum
486 1526 578 1603 foret,
598 1524 730 1587 eundem
751 1522 949 1589 trucidarent
969 1526 1185 1589 lastinianum.
1205 1520 1250 1589 his

151 1618 258 1670 autem
280 1618 338 1689 per
358 1628 483 1670 servum
504 1608 637 1691 chagani
655 1608 844 1673 'theodorae
863 1610 1011 1671 nuntiatis
1024 1620 1057 1673 et
1080 1607 1249 1680 lastiniani)

150 1691 325 1775 patelaotis,
348 1700 536 1754 convocatos
556 1692 618 1756 iam
644 1690 743 1755 dietus
766 1694 916 1775 Papatrin
935 1704 969 1757 et
987 1690 1138 1777 Balgitain
1158 1691 1249 1773 prin-

150 1777 256 1855 oipem
285 1773 324 1835 ad
352 1774 595 1859 oolloquendnm
620 1786 741 1839 secreto
762 1775 882 1838 chorda
904 1774 1090 1861 strangulari
1115 1775 1247 1851 curavit,

150 1856 590 1941 confestimqne'l'heodoram
605 1860 635 1921 in
658 1860 841 1923 Chaaariaan
863 1860 971 1939 mittit,
992 1869 1024 1922 et
1046 1861 1112 1943 ipse
1133 1855 1355 1929 apte-pora.

150 1942 284 2024 angoris
307 1942 386 2003 ulam
413 1942 532 2026 fugiens
553 1944 674 2005 Tomen
697 1942 877 2023 deseendit,
899 1952 931 2005 et
948 1944 1074 2007 inventa
1094 1959 1174 2005 nare
1192 1962 1250 2025 pa-

150 2034 221 2089 rata
245 2025 383 2087 ascendit
419 2024 451 2087 in
471 2046 560 2104 eam,
582 2036 615 2089 et
628 2026 780 2111 'navigans
811 2027 896 2089 iuxta
916 2028 1025 2089 littora
1044 2025 1130 2089 venit
1150 2044 1250 2108 usquo

149 2108 189 2170 ad
199 2110 383 2194 Symbolum
398 2108 482 2171 iuxta
501 2110 711 2187 chersonam,
732 2110 877 2195 adquam
894 2110 1021 2174 mittens
1034 2108 1156 2173 ooeulte
1176 2106 1251 2171 tulit

148 2192 376 2254 Bashaourium
399 2201 432 2255 at
452 2193 582 2257 fratrem
604 2194 679 2271 eius,
701 2196 827 2256 saliban
849 2214 976 2281 qnoque
999 2215 1037 2256 ao
1056 2192 1250 2277 Stephanum

149 2286 182 2340 et
206 2276 429 2361 Meropaulnm
463 2298 525 2339 una
560 2298 631 2339 enm
659 2276 850 2361 Tbeophllo.
904 2277 958 2362 qui
989 2279 1062 2340 oum
1083 2276 1252 2360 navigasset

148 2382 224 2423 oum
246 2359 298 2437 eis,
318 2359 483 2424 Chersonis
503 2359 639 2444 pharum
652 2362 807 2438 transivit,
826 2360 933 2447 sicque
955 2358 1078 2423 demum
1100 2360 1250 2423 transfre-

146 2446 252 2507 tantes
278 2442 454 2530 Necropyla
483 2465 537 2509 seu
571 2445 649 2507 ostia
671 2444 811 2526 Danapn‘
843 2453 874 2506 et
895 2443 1034 2507 Danistri
1066 2451 1250 2525 tempestato
1278 2505 1285 2518 ,

146 2531 233 2592 hatra
253 2549 348 2628 super
363 2529 461 2590 salute
489 2549 543 2590 sua
564 2527 719 2612 desperati
746 2537 819 2590 sunt
838 2547 953 2590 omnes.
1010 2529 1131 2612 Mysces
1158 2544 1249 2604 vero,

146 2613 310 2676 familiaris
334 2612 428 2673 homo
449 2612 551 2694 ipsius.
573 2611 649 2674 dixit
668 2611 697 2675 ei
710 2613 805 2674 “eece
825 2611 990 2689 morimur,
1012 2610 1146 2676 domine.
1167 2622 1249 2676 vote

145 2697 211 2760 deo
234 2711 295 2780 pro
316 2695 415 2760 salute
436 2703 500 2773 tun,
521 2703 558 2756 nt
576 2695 600 2759 si
622 2695 695 2758 deus
716 2693 882 2776 imperinm
911 2694 969 2756 tihi
989 2703 1079 2758 tunm
1102 2691 1251 2757 reddidei·

146 2783 212 2858 rit,
245 2781 276 2840 in
304 2779 424 2842 nullum
455 2788 585 2842 tuorum
614 2777 771 2842 ulclaoaris
797 2777 1027 2842 inimicorum.”
1068 2785 1102 2840 at
1126 2777 1178 2840 illa
1196 2798 1250 2840 re-
1361 2853 1364 2858 Ι

143 2863 522 3009 tttltlttill‘t
539 2861 1251 3030 dltleltlt‘ptftle‘llllllll:

145 3031 204 3093 illo
228 3029 338 3107 exivit,
372 3039 404 3091 et
426 3030 569 3092 introivit
600 2997 834 3094 inhiantium
866 3050 999 3091 amnem.
1054 3050 1125 3092 uum
1145 3035 1250 3091 autem

143 3115 280 3176 misisset
301 3113 496 3195 Stephanum
517 3113 557 3175 ad
577 3115 736 3178 Terbelliu
759 3111 920 3177 dominum
934 3113 1113 3196 vulgariae,
1136 3123 1173 3174 ut
1191 3113 1249 3174 sibi

144 3199 297 3260 auxilium
340 3206 514 3280 praestaret
556 3197 595 3258 ad
637 3196 843 3260 obtinendum
888 3196 1049 3280 parentale
1083 3195 1249 3278 imperium

143 3305 251 3357 snum,
276 3281 455 3363 repromisit
476 3279 504 3342 ei
526 3279 661 3366 plurimu
682 3301 714 3343 se
742 3281 826 3344 dona
848 3279 996 3342 daturam
1016 3287 1048 3342 et
1068 3279 1164 3340 filiam
1185 3277 1249 3342 elus

144 3367 179 3427 in
203 3365 364 3427 mulierem
398 3374 599 3446 accepturum
633 3365 691 3448 ipsi
716 3385 755 3426 ue
791 3364 824 3425 in
845 3365 964 3426 cunctis
994 3361 1198 3426 obediturum
1217 3364 1249 3423 et

144 3469 398 3524 concussurum,
423 3445 626 3510 iureiurando
657 3387 825 3531 pdhicitns.
880 3467 944 3532 quo
965 3446 1017 3509 ille
1037 3467 1108 3509 oum
1128 3444 1247 3530 ingenti

142 3531 273 3594 honora
291 3539 453 3614 suscepto,
482 3541 660 3594 commoret
691 3531 868 3594 universnm
892 3531 950 3592 sihi
969 3532 1165 3615 suppositum
1186 3549 1247 3613 po.

143 3614 277 3700 pulum,
299 3613 473 3699 Vulgarum
502 3615 638 3696 seilicet,
661 3624 756 3702 atque
775 3612 919 3695 proximo
946 3635 1028 3676 anuo
1051 3614 1089 3680 ad
1112 3630 1247 3700 regnan-

143 3709 212 3762 tem
233 3699 344 3761 urbem
365 3706 530 3766 venerunt.

232 3809 323 3870 Anno
346 3805 468 3892 imperii
502 3805 656 3872 Absimari
675 3806 807 3892 septimo
837 3814 981 3872 mortuus
1001 3812 1048 3870 est
1067 3802 1281 3889 thimeleohp·
1299 3811 1386 3875 5734
1459 3789 1468 3796 ,

183 4015 256 4088 ')in
274 4031 407 4086 personae
425 4032 490 4070 snas
507 4011 577 4090 viee]
607 4015 639 4071 ἐκ
654 4013 814 4086 uponalnov
837 4011 932 4071 αὐτοῦ.
962 4013 1127 4067 Glossarium
1146 4013 1243 4066 Noni·

219 4101 294 4138 euna:
313 4087 440 4158 praeripier
466 4085 481 4141 d
509 4089 540 4141 lx
563 4083 730 4156 upondnou.
765 4087 921 4138 Anastasius
948 4085 976 4137 in
994 4084 1092 4136 collat.
1110 4083 1137 4136 S.
1154 4085 1242 4137 idam

218 4169 251 4208 ex
267 4171 400 4226 pereum
419 4159 554 4220 urdirlt,
580 4154 649 4210 essu
669 4157 808 4226 cpolitani
832 4157 963 4226 praesulis
981 4156 1086 4208 missus.
1104 4155 1173 4209 illst.
1192 4157 1243 4210 tri·

217 4235 287 4296 part.
308 4229 324 4281 7
343 4227 376 4281 3:
396 4229 590 4283 convenientes
611 4245 645 4281 ox
665 4243 782 4300 parrona
808 4229 1015 4300 opiscoporum..
1042 4226 1123 4280 Fur.
