3050 4900
291 326 363 399 606
658 338 701 401 ΙΝ
728 334 1005 402 unumunurn

288 512 390 567 tnrncn
407 502 574 569 indictione
593 504 702 590 quintu
715 506 806 569 fuine
815 506 969 589 signeturn
978 506 1104 569 cononis
1117 504 1205 569 tertii
1216 506 1378 569 convincit

287 589 508 653 testimonium.
528 590 719 688 συνορῶμεν,
739 583 789 650 ότι
810 585 885 663 roric
905 584 983 652 doni
1002 583 1116 669 νόμοις
1133 589 1377 689 πορρτταρόντος,

288 672 345 735 καί
361 672 459 752 μέχρι
478 672 533 753 τῆς
555 691 584 732 ιτ
611 672 669 733 τοῦ
680 670 891 753 παρελθόντες
908 670 1106 754 Ἰανουαρίοο
1125 692 1221 753 μηνος
1240 673 1295 753 τῆς
1314 696 1378 733 πα.

288 752 463 839 ρτλθοόσης
482 752 672 829 ίνδικτιοῖνος
696 749 856 837 τετάρτης.
905 777 1016 819 rernm
1045 756 1100 839 qni
1122 778 1141 817 ο
1162 754 1375 819 munditiae

288 840 435 921 septimos
458 860 495 901 ec
517 838 677 901 vicesimus
700 860 795 900 onnus
814 848 871 917 est,
893 840 947 924 qni
969 838 1097 923 quintae
1118 838 1295 901 indictionis
1316 859 1377 901 no.

287 931 351 1001 tem
372 922 469 997 feret,
493 942 530 983 ac
564 942 626 983 non
657 923 762 1006 potius
788 931 908 1001 sertae,
929 944 1001 985 cum
1023 921 1133 986 circuli
1154 923 1290 998 alterius,
1313 922 1377 985 hoc

288 1014 334 1067 est
354 1004 516 1087 penultimi
537 1005 707 1069 indictione
729 1026 811 1067 none
825 1006 960 1091 synodus
981 1015 1075 1083 sexto,
1096 1014 1132 1067 ut
1153 1006 1218 1069 eius
1239 1016 1308 1067 octn
1327 1014 1378 1067 te.

286 1098 427 1165 stentur,
457 1100 565 1150 coacte
597 1090 713 1151 suerit?
762 1088 791 1151 9.
817 1089 1002 1151 lastinianus
1030 1088 1198 1152 secundum
1220 1090 1376 1171 imperaris

288 1171 488 1233 indictionem
509 1172 663 1255 quintum,
692 1194 753 1256 que
775 1174 911 1257 synodus
939 1175 972 1235 in
990 1172 1101 1235 Troilo
1122 1172 1240 1247 habite,
1259 1172 1376 1233 nullum

287 1255 480 1317 numeravits
516 1254 622 1319 eadem
644 1278 720 1319 vero
747 1257 780 1317 in
802 1256 867 1319 eins
888 1259 1026 1340 primum
1047 1257 1228 1339 imperantis
1248 1278 1375 1333 ensium,

288 1338 431 1423 quintum
452 1338 560 1400 mundi
587 1361 663 1403 vero
695 1336 777 1401 6183
805 1338 923 1405 incidit.
973 1338 1004 1406 3.
1035 1360 1167 1402 conones
1196 1338 1228 1401 in
1261 1338 1373 1400 Troilo

287 1422 396 1499 editos,
420 1421 507 1483 Pauli
529 1420 727 1503 patriarchae
747 1424 956 1507 suscriptione
977 1425 1115 1485 firmatos
1137 1444 1169 1485 se
1194 1422 1305 1484 vidisse
1323 1432 1374 1483 te-

287 1514 401 1567 statum
425 1506 552 1589 reliquit
584 1506 733 1569 Blestnres
752 1506 786 1566 in
816 1509 1038 1569 nomocsnonis
1058 1507 1240 1589 prooemio:
1261 1500 1377 1583 ἧγτμό·

285 1608 337 1662 τές
375 1582 413 1669 dp
437 1588 471 1650 όν
493 1586 576 1673 αὐτῇ
596 1587 798 1668 ίγνοτρίζοντο
823 1591 958 1663 Παῦλος
983 1591 1062 1652 ΚΠ.
1083 1590 1216 1662 Παῦλος
1231 1586 1377 1661 Ἀλεξαν-

286 1670 340 1753 όρε
356 1692 403 1751 ας,
426 1672 457 1734 Γ
454 1666 583 1746 εοόργτος
602 1670 806 1755 Ἀντιοχείας,
828 1668 1033 1744 ’Λναοτόστος
1049 1666 1284 1753 Ἱεροσολύμων,
1307 1668 1376 1733 'Io-

285 1748 379 1836 όννης
408 1754 479 1830 νέας
500 1750 860 1834 Ὶοοοτιντανοοττόλεως,
881 1756 1051 1826 Βασιλείας
1077 1757 1140 1819 τῶν
1171 1756 1202 1819 Γ
1200 1751 1376 1833 ορτοναίτον

284 1833 506 1937 μητροπόλεως
529 1836 583 1916 τῆς
598 1836 728 1921 Κρήτης
745 1833 851 1917 νήσου.
873 1838 928 1899 καί
946 1835 999 1900 τὸν
1018 1832 1112 1900 τόκον
1131 1837 1255 1916 airizam
1272 1834 1375 1917 νεότης

284 1939 339 1999 της
360 1916 494 1983 coridon
516 1919 570 2000 τῆς
590 1918 681 2001 ἁγίας
701 1922 867 2020 ἐκκλησίας
882 1916 1028 2003 Ῥτόμης·
1071 1915 1153 1983 orire
1172 1915 1234 2001 γὰρ
1255 1922 1375 1981 κολοτ-

285 2008 332 2073 ote
354 1996 484 2083 εὕρηται
502 2004 638 2083 βιβλίοις
658 2000 737 2082 μετὰ
759 2025 816 2085 την
843 2006 900 2067 τοῦ
918 2003 1074 2083 βασιλέως
1093 1996 1282 2085 ότιογροφῆν
1302 2002 1375 2061 ἓκαὲ

284 2104 359 2157 στος
378 2086 442 2148 τοῖν
461 2086 666 2166 πατριαρχαῖν
681 2107 726 2167 τε,
751 2082 808 2149 καί
824 2088 887 2150 τῶν
905 2084 1318 2169 μητροπολττῶνότιογραφῇ
1337 2080 1374 2147 τό

284 2168 398 2230 elacior
420 2168 672 2250 appetendarum
694 2160 804 2251 ὄνομα,
818 2170 874 2232 καί
893 2168 1029 2249 ἀξίωμα.
1049 2172 1203 2255 principes
1226 2172 1288 2229 cau
1302 2186 1375 2247 ryn-

282 2252 337 2313 odi
365 2252 614 2331 celebrabantur,
644 2254 762 2317 Paullo
792 2252 855 2315 ΟΡ.
885 2256 967 2316 aller
995 2254 1107 2315 Paulus
1132 2248 1372 2330 Alexandriae,

287 2336 430 2419 Georgius
447 2338 633 2417 Antiochiae,
651 2339 836 2401 Anastasius
856 2336 1144 2416 Hierosolymorum,
1166 2336 1295 2399 Ioarmes
1315 2356 1373 2395 no-

283 2440 346 2482 uae
370 2420 656 2508 lastinianopolcos,
690 2422 827 2484 Basilica
857 2420 1012 2504 Gortyna
1039 2420 1240 2504 metropoleos
1272 2418 1374 2480 Cretes

284 2505 408 2583 insulae,
429 2525 466 2565 ac
486 2509 573 2567 totius
592 2505 701 2586 synodi
720 2520 845 2567 sanctae
867 2507 1022 2567 Romanae
1051 2504 1199 2566 ecclesiae
1217 2503 1301 2563 vices
1319 2523 1373 2582 ge·

285 2609 364 2655 rens.
405 2589 454 2650 ita
475 2607 607 2671 nanrqne
624 2602 695 2670 post
712 2591 788 2674 imp.
808 2588 1325 2730 nrbxripuonem‚sutriarciranrm
1344 2598 1376 2646 et

285 2671 547 2754 metropolitarum
567 2673 680 2752 singuli
694 2673 859 2756 proprium
887 2691 994 2733 nomen
1010 2691 1048 2731 ac
1087 2671 1239 2750 ignitatcm
1259 2667 1374 2728 veteri-

282 2753 386 2814 busin
406 2753 491 2814 libers
517 2756 723 2836 signaverunt.
771 2755 795 2816 is
818 2763 922 2817 entem
942 2753 1054 2815 Paulus
1076 2773 1140 2813 non
1163 2753 1219 2813 nisi
1238 2750 1294 2813 snb
1317 2752 1371 2812 ln-

284 2835 416 2896 stininno
458 2836 597 2934 primum
629 2845 779 2922 regnante
804 2840 905 2900 tenuit
935 2836 1184 2919 patriarchatum
1211 2857 1246 2896 ex
1277 2833 1371 2916 ipsius

281 2918 480 3002 Theophanis
499 2919 647 2982 chronica
672 2923 808 2984 rationes
831 2922 986 3006 reliquum
1013 2931 1059 2982 est
1079 2919 1185 3002 ituque
1205 2928 1241 2980 nt
1255 2918 1370 2979 exectis

281 3011 353 3086 post
373 3011 488 3065 sertem
516 3003 667 3087 synodum
698 3008 784 3067 annis
816 3005 941 3079 decern,
967 3003 1024 3064 sub
1052 3002 1183 3086 irnperio
1208 3000 1370 3063 lmtinieni

283 3085 398 3169 primo,
422 3085 591 3150 indictione
614 3089 733 3173 quinte,
755 3089 864 3150 mundi
879 3086 961 3150 5183
981 3087 1121 3148 Trulleni
1133 3106 1265 3147 canones
1283 3083 1372 3146 evul-

280 3169 344 3253 geti
363 3171 491 3232 suerint.
513 3173 591 3234 elter
612 3193 713 3255 porro
737 3191 883 3234 numeros
900 3193 992 3253 quem
1005 3171 1044 3232 eb
1065 3171 1144 3232 orbe
1165 3167 1293 3230 condito
1313 3189 1371 3228 on.

280 3251 486 3316 norum5199
504 3254 600 3318 habet
620 3277 720 3318 conon
744 3256 863 3338 tertius,
885 3257 976 3316 eliam
998 3251 1218 3336 e'l'heophnne
1240 3247 1372 3335 putendi

281 3337 436 3400 rationem
456 3341 608 3422 sequitur.

362 3443 434 3523 655,
455 3445 485 3506 4.
529 3438 715 3530 Νικηφόρον
735 3441 775 3528 η’]
797 3467 909 3508 novem
930 3445 1045 3507 scribet
1068 3443 1140 3505 loco
1164 3443 1310 3527 proprio.

361 3569 443 3630 Ibid.
464 3567 495 3636 8.
537 3565 720 3632 όττοοτόλλει
743 3569 921 3652 Ἀβιμέλεχ]
944 3567 1168 3631 dedbirnelech
1193 3565 1373 3629 nominibus

277 3651 412 3798 plurime
434 3653 556 3752 curiose
579 3663 788 3750 exposuerunt
803 3651 1218 3736 Leunclnrius,etdhrehum
1238 3649 1372 3713 Ecclscl·

295 3757 382 3814 ensis,
405 3746 488 3820 gestu
509 3757 557 3798 vix
582 3745 762 3820 attigerunt.

363 3841 433 3926 556,
457 3844 504 3906 12.
546 3841 768 3916 inverencunde
796 3839 949 3921 ντοίτορος
967 3832 1027 3924 cir,
1045 3839 1090 3914 οός
1111 3837 1150 3913 ις’
1170 3837 1305 3919 χρόνων]
1328 3842 1375 3902 itu

276 3915 471 4024 iliceplrorus
487 3949 515 4024 τΙ
534 3928 589 4010 qui
610 3929 705 4008 penio
741 3929 871 3992 inferius
890 3927 1106 3990 Libonitarnm
1126 3925 1260 3986 rnilitum
1282 3947 1373 3986 orno·

278 4019 402 4075 tionem
425 4033 531 4096 paucis
555 4020 703 4072 recenset.

361 4119 447 4182 lttd.
462 4117 511 4195 16,
552 4112 769 4194 Βοολκακίαν]
789 4116 934 4195 miscella,
955 4118 1166 4197 Hyrearuirms
1188 4115 1374 4192 euastatis,

280 4201 448 4264 Bueaniam
458 4223 462 4240 ·
474 4201 585 4266 reddit.
605 4203 731 4287 Peyrez.
747 4196 947 4264 Βοολκανίαν
966 4203 1097 4284 scripsit
