<?xml version="1.0" encoding="UTF-8"?>
<!DOCTYPE html PUBLIC "-//W3C//DTD XHTML 1.0 Transitional//EN"
    "http://www.w3.org/TR/xhtml1/DTD/xhtml1-transitional.dtd">
<html xmlns="http://www.w3.org/1999/xhtml" xml:lang="en" lang="en">
 <head>
  <title>
</title>
<meta http-equiv="Content-Type" content="text/html;charset=utf-8" />
  <meta name='ocr-system' content='tesseract 3.04.00' />
  <meta name='ocr-capabilities' content='ocr_page ocr_carea ocr_par ocr_line ocrx_word'/>
</head>
<body>
  <div class='ocr_page' id='page_1' title='image "./corpusscriptoru34theogoog_0022.png"; bbox 0 0 3050 4900; ppageno 0'>
   <div class='ocr_carea' id='block_1_1' title="bbox 514 317 1252 392">
    <p class='ocr_par' dir='ltr' id='par_1_1' title="bbox 514 317 1252 392">
     <span class='ocr_line' id='line_1_1' title="bbox 514 317 1252 392; baseline 0 -4"><span class='ocrx_word' id='word_1_1' title='bbox 514 323 565 388; x_wconf 83' lang='lat' dir='ltr'><strong>EX</strong></span> <span class='ocrx_word' id='word_1_2' title='bbox 593 323 830 392; x_wconf 82' lang='lat' dir='ltr'><strong>NlCEPHORO</strong></span> <span class='ocrx_word' id='word_1_3' title='bbox 861 323 923 389; x_wconf 84' lang='lat' dir='ltr'><strong>GP.</strong></span> <span class='ocrx_word' id='word_1_4' title='bbox 1210 317 1252 380; x_wconf 79' lang='lat' dir='ltr'><strong>ll</strong></span> 
     </span>
    </p>
   </div>
   <div class='ocr_carea' id='block_1_2' title="bbox 177 471 1256 658">
    <p class='ocr_par' dir='ltr' id='par_1_2' title="bbox 177 471 1256 658">
     <span class='ocr_line' id='line_1_2' title="bbox 177 471 1256 562; baseline 0.001 -28"><span class='ocrx_word' id='word_1_5' title='bbox 177 475 258 536; x_wconf 87' lang='lat' dir='ltr'><strong>annis</strong></span> <span class='ocrx_word' id='word_1_6' title='bbox 275 471 317 536; x_wconf 87' lang='grc'><strong>30</strong></span> <span class='ocrx_word' id='word_1_7' title='bbox 336 475 506 539; x_wconf 85' lang='lat' dir='ltr'><strong>secundum</strong></span> <span class='ocrx_word' id='word_1_8' title='bbox 526 475 747 562; x_wconf 79' lang='lat' dir='ltr'>Septuaginta,</span> <span class='ocrx_word' id='word_1_9' title='bbox 778 476 946 539; x_wconf 87' lang='lat' dir='ltr'><strong>secundnm</strong></span> <span class='ocrx_word' id='word_1_10' title='bbox 970 474 1159 536; x_wconf 87' lang='lat' dir='ltr'><strong>Hebraicnm</strong></span> <span class='ocrx_word' id='word_1_11' title='bbox 1178 495 1256 535; x_wconf 79' lang='lat' dir='ltr'><strong>vero</strong></span> 
     </span>
     <span class='ocr_line' id='line_1_3' title="bbox 177 557 1255 658; baseline -0.001 -39"><span class='ocrx_word' id='word_1_12' title='bbox 177 557 316 621; x_wconf 84' lang='lat' dir='ltr'><strong>annis50.</strong></span> <span class='ocrx_word' id='word_1_13' title='bbox 336 561 394 622; x_wconf 90' lang='lat' dir='ltr'><strong>sub</strong></span> <span class='ocrx_word' id='word_1_14' title='bbox 410 561 455 622; x_wconf 92' lang='lat' dir='ltr'><strong>his</strong></span> <span class='ocrx_word' id='word_1_15' title='bbox 473 563 706 646; x_wconf 86' lang='lat' dir='ltr'><strong>prophetabant</strong></span> <span class='ocrx_word' id='word_1_16' title='bbox 716 561 886 658; x_wconf 80' lang='lat' dir='ltr'><strong>Hieremias</strong></span> <span class='ocrx_word' id='word_1_17' title='bbox 894 558 1071 642; x_wconf 86' lang='lat' dir='ltr'><strong>Sophouias</strong></span> <span class='ocrx_word' id='word_1_18' title='bbox 1080 567 1113 620; x_wconf 88' lang='lat' dir='ltr'><strong>et</strong></span> <span class='ocrx_word' id='word_1_19' title='bbox 1121 558 1255 620; x_wconf 87' lang='lat' dir='ltr'><strong>Barueh.</strong></span> 
     </span>
    </p>
   </div>
   <div class='ocr_carea' id='block_1_3' title="bbox 176 679 1259 935">
    <p class='ocr_par' dir='ltr' id='par_1_3' title="bbox 176 679 1259 935">
     <span class='ocr_line' id='line_1_4' title="bbox 254 679 1258 764; baseline -0.002 -23"><span class='ocrx_word' id='word_1_20' title='bbox 254 679 361 744; x_wconf 83' lang='lat' dir='ltr'><strong>lachaa</strong></span> <span class='ocrx_word' id='word_1_21' title='bbox 376 705 493 746; x_wconf 90' lang='lat' dir='ltr'><strong>menses</strong></span> <span class='ocrx_word' id='word_1_22' title='bbox 503 683 534 764; x_wconf 85' lang='lat'><strong>3,</strong></span> <span class='ocrx_word' id='word_1_23' title='bbox 558 685 729 748; x_wconf 88' lang='lat' dir='ltr'><strong>Heliachim</strong></span> <span class='ocrx_word' id='word_1_24' title='bbox 747 705 844 747; x_wconf 89' lang='lat' dir='ltr'><strong>annos</strong></span> <span class='ocrx_word' id='word_1_25' title='bbox 859 683 907 760; x_wconf 88' lang='grc'><strong>10,</strong></span> <span class='ocrx_word' id='word_1_26' title='bbox 929 679 1087 743; x_wconf 90' lang='lat' dir='ltr'><strong>lechonias</strong></span> <span class='ocrx_word' id='word_1_27' title='bbox 1100 701 1216 743; x_wconf 89' lang='lat' dir='ltr'><strong>menses</strong></span> <span class='ocrx_word' id='word_1_28' title='bbox 1228 681 1258 757; x_wconf 86' lang='grc'><strong>3,</strong></span> 
     </span>
     <span class='ocr_line' id='line_1_5' title="bbox 177 763 1259 832; baseline -0.002 -7"><span class='ocrx_word' id='word_1_29' title='bbox 177 763 311 826; x_wconf 76' lang='lat' dir='ltr'><strong>sedecias</strong></span> <span class='ocrx_word' id='word_1_30' title='bbox 332 788 428 828; x_wconf 87' lang='lat' dir='ltr'><strong>anuos</strong></span> <span class='ocrx_word' id='word_1_31' title='bbox 452 769 502 829; x_wconf 91' lang='lat'><strong>11.</strong></span> <span class='ocrx_word' id='word_1_32' title='bbox 546 769 629 832; x_wconf 89' lang='lat' dir='ltr'><strong>hune</strong></span> <span class='ocrx_word' id='word_1_33' title='bbox 649 769 760 832; x_wconf 82' lang='lat' dir='ltr'><strong>effossis</strong></span> <span class='ocrx_word' id='word_1_34' title='bbox 783 767 879 831; x_wconf 89' lang='lat' dir='ltr'><strong>oculis</strong></span> <span class='ocrx_word' id='word_1_35' title='bbox 895 763 1185 828; x_wconf 79' lang='lat' dir='ltr'><strong>Nabuchodonosor</strong></span> <span class='ocrx_word' id='word_1_36' title='bbox 1204 783 1259 826; x_wconf 91' lang='lat' dir='ltr'><strong>rex</strong></span> 
     </span>
     <span class='ocr_line' id='line_1_6' title="bbox 176 849 1259 935; baseline 0.003 -28"><span class='ocrx_word' id='word_1_37' title='bbox 176 850 328 930; x_wconf 80' lang='lat' dir='ltr'><strong>captivum</strong></span> <span class='ocrx_word' id='word_1_38' title='bbox 347 852 430 929; x_wconf 89' lang='lat' dir='ltr'><strong>tulit,</strong></span> <span class='ocrx_word' id='word_1_39' title='bbox 452 861 484 914; x_wconf 90' lang='lat' dir='ltr'><strong>et</strong></span> <span class='ocrx_word' id='word_1_40' title='bbox 512 855 661 935; x_wconf 89' lang='lat' dir='ltr'><strong>templum</strong></span> <span class='ocrx_word' id='word_1_41' title='bbox 684 851 863 916; x_wconf 83' lang='lat' dir='ltr'><strong>incenditur</strong></span> <span class='ocrx_word' id='word_1_42' title='bbox 890 858 964 932; x_wconf 87' lang='lat' dir='ltr'><strong>post</strong></span> <span class='ocrx_word' id='word_1_43' title='bbox 980 870 1097 910; x_wconf 84' lang='lat' dir='ltr'><strong>menses</strong></span> <span class='ocrx_word' id='word_1_44' title='bbox 1118 849 1259 932; x_wconf 89' lang='lat' dir='ltr'><strong>quinque</strong></span> 
     </span>
    </p>
   </div>
   <div class='ocr_carea' id='block_1_4' title="bbox 174 932 1258 1078">
    <p class='ocr_par' dir='ltr' id='par_1_4' title="bbox 174 932 1258 1078">
     <span class='ocr_line' id='line_1_7' title="bbox 175 932 1258 1076; baseline -0.001 -84"><span class='ocrx_word' id='word_1_45' title='bbox 175 932 401 1076; x_wconf 35' lang='lat' dir='ltr'><strong>mihim*</strong></span> <span class='ocrx_word' id='word_1_46' title='bbox 421 957 492 998; x_wconf 88' lang='lat' dir='ltr'><strong>cum</strong></span> <span class='ocrx_word' id='word_1_47' title='bbox 515 935 728 1018; x_wconf 80' lang='lat' dir='ltr'><strong>perdurasset,</strong></span> <span class='ocrx_word' id='word_1_48' title='bbox 748 958 784 1000; x_wconf 93' lang='lat' dir='ltr'><strong>ex</strong></span> <span class='ocrx_word' id='word_1_49' title='bbox 806 955 869 1020; x_wconf 89' lang='lat' dir='ltr'><strong>quo</strong></span> <span class='ocrx_word' id='word_1_50' title='bbox 892 939 1109 996; x_wconf 87' lang='lat' dir='ltr'><strong>constructum</strong></span> <span class='ocrx_word' id='word_1_51' title='bbox 1125 941 1179 1012; x_wconf 83' lang='lat' dir='ltr'><strong>est,</strong></span> <span class='ocrx_word' id='word_1_52' title='bbox 1200 953 1258 992; x_wconf 90' lang='lat' dir='ltr'><strong>an-</strong></span> 
     </span>
     <span class='ocr_line' id='line_1_8' title="bbox 174 1037 686 1078; baseline 0.008 -5"><span class='ocrx_word' id='word_1_53' title='bbox 174 1037 217 1078; x_wconf 79' lang='lat' dir='ltr'><strong>nas</strong></span> <span class='ocrx_word' id='word_1_54' title='bbox 300 1057 309 1076; x_wconf 89' lang='lat'><strong>.</strong></span> <span class='ocrx_word' id='word_1_55' title='bbox 684 1037 686 1047; x_wconf 57' lang='lat'><strong>¹</strong></span> 
     </span>
    </p>
   </div>
   <div class='ocr_carea' id='block_1_5' title="bbox 154 1121 1260 1270">
    <p class='ocr_par' dir='ltr' id='par_1_5' title="bbox 154 1121 1260 1270">
     <span class='ocr_line' id='line_1_9' title="bbox 154 1121 1260 1211; baseline 0 -27"><span class='ocrx_word' id='word_1_56' title='bbox 154 1157 157 1166; x_wconf 91' lang='lat'>·</span> <span class='ocrx_word' id='word_1_57' title='bbox 249 1123 349 1184; x_wconf 88' lang='lat' dir='ltr'><strong>Simul</strong></span> <span class='ocrx_word' id='word_1_58' title='bbox 372 1145 477 1186; x_wconf 87' lang='lat' dir='ltr'><strong>omnes</strong></span> <span class='ocrx_word' id='word_1_59' title='bbox 498 1123 538 1186; x_wconf 91' lang='lat' dir='ltr'><strong>ah</strong></span> <span class='ocrx_word' id='word_1_60' title='bbox 560 1125 651 1188; x_wconf 88' lang='lat' dir='ltr'><strong>initio</strong></span> <span class='ocrx_word' id='word_1_61' title='bbox 672 1126 760 1211; x_wconf 80' lang='lat' dir='ltr'><strong>regni</strong></span> <span class='ocrx_word' id='word_1_62' title='bbox 781 1125 956 1190; x_wconf 85' lang='lat' dir='ltr'><strong>Salomonis</strong></span> <span class='ocrx_word' id='word_1_63' title='bbox 978 1121 1136 1210; x_wconf 87' lang='lat' dir='ltr'><strong>usquead</strong></span> <span class='ocrx_word' id='word_1_64' title='bbox 1159 1123 1260 1206; x_wconf 90' lang='lat' dir='ltr'><strong>capti-</strong></span> 
     </span>
     <span class='ocr_line' id='line_1_10' title="bbox 173 1202 481 1270; baseline 0.013 -4"><span class='ocrx_word' id='word_1_65' title='bbox 173 1207 296 1268; x_wconf 84' lang='lat' dir='ltr'><strong>vitatem</strong></span> <span class='ocrx_word' id='word_1_66' title='bbox 317 1206 390 1268; x_wconf 88' lang='lat' dir='ltr'><strong>anni</strong></span> <span class='ocrx_word' id='word_1_67' title='bbox 409 1202 481 1270; x_wconf 87' lang='grc'><strong>448.</strong></span> 
     </span>
    </p>
   </div>
   <div class='ocr_carea' id='block_1_6' title="bbox 108 1311 1352 1902">
    <p class='ocr_par' dir='ltr' id='par_1_6' title="bbox 171 1311 1352 1813">
     <span class='ocr_line' id='line_1_11' title="bbox 247 1311 1352 1400; baseline -0.001 -23"><span class='ocrx_word' id='word_1_68' title='bbox 247 1315 324 1378; x_wconf 87' lang='lat' dir='ltr'><strong>Post</strong></span> <span class='ocrx_word' id='word_1_69' title='bbox 345 1315 559 1397; x_wconf 85' lang='lat' dir='ltr'><strong>captivitatem</strong></span> <span class='ocrx_word' id='word_1_70' title='bbox 578 1325 682 1379; x_wconf 88' lang='lat' dir='ltr'><strong>autem</strong></span> <span class='ocrx_word' id='word_1_71' title='bbox 693 1315 881 1379; x_wconf 89' lang='lat' dir='ltr'><strong>ludaeorum</strong></span> <span class='ocrx_word' id='word_1_72' title='bbox 895 1317 927 1378; x_wconf 92' lang='lat' dir='ltr'><strong>in</strong></span> <span class='ocrx_word' id='word_1_73' title='bbox 942 1315 1133 1400; x_wconf 77' lang='lat' dir='ltr'><strong>Babylonem</strong></span> <span class='ocrx_word' id='word_1_74' title='bbox 1147 1326 1181 1377; x_wconf 90' lang='lat' dir='ltr'><strong>et</strong></span> <span class='ocrx_word' id='word_1_75' title='bbox 1200 1314 1256 1377; x_wconf 88' lang='lat' dir='ltr'><strong>de·</strong></span> <span class='ocrx_word' id='word_1_76' title='bbox 1265 1311 1352 1385; x_wconf 72' lang='lat' dir='ltr'><strong>praa</strong></span> 
     </span>
     <span class='ocr_line' id='line_1_12' title="bbox 174 1398 1258 1484; baseline 0.002 -26"><span class='ocrx_word' id='word_1_77' title='bbox 174 1398 356 1462; x_wconf 77' lang='lat' dir='ltr'><strong>solationem</strong></span> <span class='ocrx_word' id='word_1_78' title='bbox 375 1399 437 1460; x_wconf 91' lang='lat' dir='ltr'><strong>loci</strong></span> <span class='ocrx_word' id='word_1_79' title='bbox 456 1401 528 1461; x_wconf 86' lang='lat' dir='ltr'><strong>anui</strong></span> <span class='ocrx_word' id='word_1_80' title='bbox 542 1398 593 1478; x_wconf 89' lang='grc'><strong>70,</strong></span> <span class='ocrx_word' id='word_1_81' title='bbox 616 1401 670 1484; x_wconf 90' lang='lat' dir='ltr'><strong>qui</strong></span> <span class='ocrx_word' id='word_1_82' title='bbox 691 1400 889 1483; x_wconf 81' lang='lat' dir='ltr'><strong>complentur</strong></span> <span class='ocrx_word' id='word_1_83' title='bbox 904 1401 1042 1462; x_wconf 89' lang='lat' dir='ltr'><strong>secundo</strong></span> <span class='ocrx_word' id='word_1_84' title='bbox 1061 1421 1144 1460; x_wconf 93' lang='lat' dir='ltr'><strong>anno</strong></span> <span class='ocrx_word' id='word_1_85' title='bbox 1167 1400 1258 1461; x_wconf 90' lang='lat' dir='ltr'><strong>Darii</strong></span> 
     </span>
     <span class='ocr_line' id='line_1_13' title="bbox 175 1482 1258 1568; baseline -0.003 -24"><span class='ocrx_word' id='word_1_86' title='bbox 175 1483 339 1545; x_wconf 81' lang='lat' dir='ltr'><strong>Persarum</strong></span> <span class='ocrx_word' id='word_1_87' title='bbox 351 1483 441 1564; x_wconf 78' lang='lat' dir='ltr'><strong>regis,</strong></span> <span class='ocrx_word' id='word_1_88' title='bbox 462 1482 516 1568; x_wconf 89' lang='lat' dir='ltr'><strong>qui</strong></span> <span class='ocrx_word' id='word_1_89' title='bbox 539 1491 570 1546; x_wconf 88' lang='lat' dir='ltr'><strong>et</strong></span> <span class='ocrx_word' id='word_1_90' title='bbox 584 1484 766 1567; x_wconf 88' lang='lat' dir='ltr'><strong>populumu</strong></span> <span class='ocrx_word' id='word_1_91' title='bbox 786 1483 967 1566; x_wconf 84' lang='lat' dir='ltr'><strong>captivitate</strong></span> <span class='ocrx_word' id='word_1_92' title='bbox 983 1482 1104 1546; x_wconf 82' lang='lat' dir='ltr'><strong>reduxit</strong></span> <span class='ocrx_word' id='word_1_93' title='bbox 1124 1490 1156 1544; x_wconf 89' lang='lat' dir='ltr'><strong>et</strong></span> <span class='ocrx_word' id='word_1_94' title='bbox 1177 1493 1258 1544; x_wconf 87' lang='lat' dir='ltr'><strong>tem.</strong></span> 
     </span>
     <span class='ocr_line' id='line_1_14' title="bbox 173 1564 1260 1650; baseline 0.001 -25"><span class='ocrx_word' id='word_1_95' title='bbox 173 1566 255 1646; x_wconf 87' lang='lat' dir='ltr'><strong>plum</strong></span> <span class='ocrx_word' id='word_1_96' title='bbox 287 1564 506 1650; x_wconf 83' lang='lat' dir='ltr'><strong>Hierosolymis</strong></span> <span class='ocrx_word' id='word_1_97' title='bbox 545 1569 718 1630; x_wconf 87' lang='lat' dir='ltr'><strong>renovavit.</strong></span> <span class='ocrx_word' id='word_1_98' title='bbox 773 1569 893 1648; x_wconf 89' lang='lat' dir='ltr'><strong>primus</strong></span> <span class='ocrx_word' id='word_1_99' title='bbox 932 1567 1098 1629; x_wconf 85' lang='lat' dir='ltr'><strong>Persarum</strong></span> <span class='ocrx_word' id='word_1_100' title='bbox 1118 1567 1260 1647; x_wconf 80' lang='lat' dir='ltr'><strong>regnavit</strong></span> 
     </span>
     <span class='ocr_line' id='line_1_15' title="bbox 173 1647 1258 1735; baseline -0.005 -26"><span class='ocrx_word' id='word_1_101' title='bbox 173 1649 268 1732; x_wconf 82' lang='lat' dir='ltr'><strong>Cyrus</strong></span> <span class='ocrx_word' id='word_1_102' title='bbox 289 1650 376 1712; x_wconf 87' lang='lat' dir='ltr'><strong>annis</strong></span> <span class='ocrx_word' id='word_1_103' title='bbox 390 1647 441 1711; x_wconf 87' lang='grc'><strong>30.</strong></span> <span class='ocrx_word' id='word_1_104' title='bbox 484 1649 647 1735; x_wconf 84' lang='lat' dir='ltr'><strong>Cambyses</strong></span> <span class='ocrx_word' id='word_1_105' title='bbox 661 1651 748 1714; x_wconf 86' lang='lat' dir='ltr'><strong>aunis</strong></span> <span class='ocrx_word' id='word_1_106' title='bbox 761 1651 791 1728; x_wconf 89' lang='grc'><strong>0,</strong></span> <span class='ocrx_word' id='word_1_107' title='bbox 811 1651 925 1712; x_wconf 84' lang='lat' dir='ltr'><strong>Darius</strong></span> <span class='ocrx_word' id='word_1_108' title='bbox 946 1649 1025 1712; x_wconf 83' lang='lat' dir='ltr'><strong>filius</strong></span> <span class='ocrx_word' id='word_1_109' title='bbox 1042 1649 1186 1734; x_wconf 87' lang='lat' dir='ltr'><strong>Hystaspi</strong></span> <span class='ocrx_word' id='word_1_110' title='bbox 1201 1671 1258 1710; x_wconf 87' lang='lat' dir='ltr'><strong>an.</strong></span> 
     </span>
     <span class='ocr_line' id='line_1_16' title="bbox 171 1731 1259 1813; baseline -0.001 -21"><span class='ocrx_word' id='word_1_111' title='bbox 171 1733 213 1794; x_wconf 86' lang='lat' dir='ltr'><strong>nis</strong></span> <span class='ocrx_word' id='word_1_112' title='bbox 232 1731 286 1794; x_wconf 90' lang='grc'><strong>37.</strong></span> <span class='ocrx_word' id='word_1_113' title='bbox 330 1733 419 1794; x_wconf 89' lang='lat' dir='ltr'><strong>huius</strong></span> <span class='ocrx_word' id='word_1_114' title='bbox 439 1754 520 1795; x_wconf 87' lang='lat' dir='ltr'><strong>anno</strong></span> <span class='ocrx_word' id='word_1_115' title='bbox 549 1734 703 1813; x_wconf 89' lang='lat' dir='ltr'><strong>secundo,</strong></span> <span class='ocrx_word' id='word_1_116' title='bbox 722 1744 760 1797; x_wconf 92' lang='lat' dir='ltr'><strong>ut</strong></span> <span class='ocrx_word' id='word_1_117' title='bbox 780 1735 841 1795; x_wconf 90' lang='lat' dir='ltr'><strong>iam</strong></span> <span class='ocrx_word' id='word_1_118' title='bbox 863 1734 981 1794; x_wconf 90' lang='lat' dir='ltr'><strong>dictum</strong></span> <span class='ocrx_word' id='word_1_119' title='bbox 1002 1742 1057 1810; x_wconf 78' lang='lat' dir='ltr'><strong>est,</strong></span> <span class='ocrx_word' id='word_1_120' title='bbox 1076 1731 1218 1795; x_wconf 89' lang='lat' dir='ltr'><strong>Hierosol</strong></span> <span class='ocrx_word' id='word_1_121' title='bbox 1241 1772 1259 1786; x_wconf 87' lang='lat'>-</span> 
     </span>
    </p>

    <p class='ocr_par' dir='ltr' id='par_1_7' title="bbox 108 1813 1258 1902">
     <span class='ocr_line' id='line_1_17' title="bbox 108 1813 1258 1902; baseline -0.003 -20"><span class='ocrx_word' id='word_1_122' title='bbox 108 1877 111 1882; x_wconf 92' lang='lat'>.</span> <span class='ocrx_word' id='word_1_123' title='bbox 170 1816 223 1880; x_wconf 85' lang='lat' dir='ltr'><strong>mis</strong></span> <span class='ocrx_word' id='word_1_124' title='bbox 243 1825 431 1880; x_wconf 87' lang='lat' dir='ltr'><strong>renovatum</strong></span> <span class='ocrx_word' id='word_1_125' title='bbox 451 1824 498 1879; x_wconf 89' lang='lat' dir='ltr'><strong>est</strong></span> <span class='ocrx_word' id='word_1_126' title='bbox 517 1817 675 1901; x_wconf 89' lang='lat' dir='ltr'><strong>templum.</strong></span> <span class='ocrx_word' id='word_1_127' title='bbox 698 1819 778 1880; x_wconf 87' lang='lat' dir='ltr'><strong>liunt</strong></span> <span class='ocrx_word' id='word_1_128' title='bbox 796 1840 872 1902; x_wconf 76' lang='lat' dir='ltr'><strong>ergo</strong></span> <span class='ocrx_word' id='word_1_129' title='bbox 887 1816 1000 1901; x_wconf 88' lang='lat' dir='ltr'><strong>reliqui</strong></span> <span class='ocrx_word' id='word_1_130' title='bbox 1014 1816 1102 1878; x_wconf 89' lang='lat' dir='ltr'><strong>Darii</strong></span> <span class='ocrx_word' id='word_1_131' title='bbox 1122 1816 1194 1878; x_wconf 88' lang='lat' dir='ltr'><strong>anni</strong></span> <span class='ocrx_word' id='word_1_132' title='bbox 1229 1813 1258 1878; x_wconf 89' lang='grc'><strong>4.</strong></span> 
     </span>
    </p>
   </div>
   <div class='ocr_carea' id='block_1_7' title="bbox 169 1923 1260 2410">
    <p class='ocr_par' dir='ltr' id='par_1_8' title="bbox 169 1923 1260 2410">
     <span class='ocr_line' id='line_1_18' title="bbox 249 1923 1259 2004; baseline 0.002 -18"><span class='ocrx_word' id='word_1_133' title='bbox 249 1926 369 1987; x_wconf 82' lang='lat' dir='ltr'><strong>Xerxes</strong></span> <span class='ocrx_word' id='word_1_134' title='bbox 390 1923 481 1988; x_wconf 86' lang='lat' dir='ltr'><strong>Darii</strong></span> <span class='ocrx_word' id='word_1_135' title='bbox 501 1947 597 1987; x_wconf 89' lang='lat' dir='ltr'><strong>annos</strong></span> <span class='ocrx_word' id='word_1_136' title='bbox 619 1924 669 2004; x_wconf 87' lang='grc'><strong>04,</strong></span> <span class='ocrx_word' id='word_1_137' title='bbox 690 1927 861 1988; x_wconf 88' lang='lat' dir='ltr'><strong>Artabanes</strong></span> <span class='ocrx_word' id='word_1_138' title='bbox 882 1947 1000 1986; x_wconf 91' lang='lat' dir='ltr'><strong>menses</strong></span> <span class='ocrx_word' id='word_1_139' title='bbox 1023 1923 1054 2000; x_wconf 87' lang='lat'><strong>8,</strong></span> <span class='ocrx_word' id='word_1_140' title='bbox 1075 1928 1259 1988; x_wconf 81' lang='lat' dir='ltr'><strong>Artaxerxes</strong></span> 
     </span>
     <span class='ocr_line' id='line_1_19' title="bbox 170 2008 1259 2093; baseline 0.004 -26"><span class='ocrx_word' id='word_1_141' title='bbox 170 2009 377 2091; x_wconf 80' lang='lat' dir='ltr'><strong>Longimanus</strong></span> <span class='ocrx_word' id='word_1_142' title='bbox 391 2009 612 2072; x_wconf 77' lang='lat' dir='ltr'><strong>annos41.sub</strong></span> <span class='ocrx_word' id='word_1_143' title='bbox 624 2011 686 2071; x_wconf 93' lang='lat' dir='ltr'><strong>hoc</strong></span> <span class='ocrx_word' id='word_1_144' title='bbox 698 2031 779 2093; x_wconf 88' lang='lat' dir='ltr'><strong>qnae</strong></span> <span class='ocrx_word' id='word_1_145' title='bbox 790 2018 873 2093; x_wconf 80' lang='lat' dir='ltr'><strong>gesta</strong></span> <span class='ocrx_word' id='word_1_146' title='bbox 882 2019 953 2071; x_wconf 87' lang='lat' dir='ltr'><strong>sunt</strong></span> <span class='ocrx_word' id='word_1_147' title='bbox 963 2009 1002 2069; x_wconf 92' lang='lat' dir='ltr'><strong>de</strong></span> <span class='ocrx_word' id='word_1_148' title='bbox 1013 2008 1124 2071; x_wconf 84' lang='lat' dir='ltr'><strong>Hester</strong></span> <span class='ocrx_word' id='word_1_149' title='bbox 1134 2013 1259 2072; x_wconf 88' lang='lat' dir='ltr'><strong>etMar·</strong></span> 
     </span>
     <span class='ocr_line' id='line_1_20' title="bbox 172 2090 1260 2177; baseline 0.005 -26"><span class='ocrx_word' id='word_1_150' title='bbox 172 2090 322 2171; x_wconf 81' lang='lat' dir='ltr'><strong>dochaap,</strong></span> <span class='ocrx_word' id='word_1_151' title='bbox 342 2093 424 2154; x_wconf 86' lang='lat' dir='ltr'><strong>lacta</strong></span> <span class='ocrx_word' id='word_1_152' title='bbox 444 2101 623 2155; x_wconf 88' lang='lat' dir='ltr'><strong>narrantur.</strong></span> <span class='ocrx_word' id='word_1_153' title='bbox 667 2095 785 2156; x_wconf 83' lang='lat' dir='ltr'><strong>Xerxes</strong></span> <span class='ocrx_word' id='word_1_154' title='bbox 806 2093 882 2154; x_wconf 90' lang='lat' dir='ltr'><strong>alius</strong></span> <span class='ocrx_word' id='word_1_155' title='bbox 902 2113 1018 2153; x_wconf 86' lang='lat' dir='ltr'><strong>menses</strong></span> <span class='ocrx_word' id='word_1_156' title='bbox 1029 2093 1058 2169; x_wconf 92' lang='grc'><strong>0,</strong></span> <span class='ocrx_word' id='word_1_157' title='bbox 1082 2092 1260 2177; x_wconf 86' lang='lat' dir='ltr'><strong>Sogdoancs</strong></span> 
     </span>
     <span class='ocr_line' id='line_1_21' title="bbox 169 2175 1258 2256; baseline 0.005 -21"><span class='ocrx_word' id='word_1_158' title='bbox 169 2195 286 2238; x_wconf 85' lang='lat' dir='ltr'><strong>menses</strong></span> <span class='ocrx_word' id='word_1_159' title='bbox 297 2175 327 2251; x_wconf 88' lang='lat'><strong>7,</strong></span> <span class='ocrx_word' id='word_1_160' title='bbox 347 2175 462 2238; x_wconf 88' lang='lat' dir='ltr'><strong>Darius</strong></span> <span class='ocrx_word' id='word_1_161' title='bbox 477 2177 554 2238; x_wconf 89' lang='lat' dir='ltr'><strong>alius</strong></span> <span class='ocrx_word' id='word_1_162' title='bbox 569 2198 665 2239; x_wconf 82' lang='lat' dir='ltr'><strong>aranos</strong></span> <span class='ocrx_word' id='word_1_163' title='bbox 679 2177 728 2256; x_wconf 82' lang='lat'><strong>18,</strong></span> <span class='ocrx_word' id='word_1_164' title='bbox 740 2180 921 2240; x_wconf 76' lang='lat' dir='ltr'><strong>Artaxerxes</strong></span> <span class='ocrx_word' id='word_1_165' title='bbox 934 2178 1079 2236; x_wconf 85' lang='lat' dir='ltr'><strong>Mnemon</strong></span> <span class='ocrx_word' id='word_1_166' title='bbox 1101 2198 1196 2239; x_wconf 89' lang='lat' dir='ltr'><strong>annos</strong></span> <span class='ocrx_word' id='word_1_167' title='bbox 1206 2175 1258 2256; x_wconf 92' lang='grc'><strong>40,</strong></span> 
     </span>
     <span class='ocr_line' id='line_1_22' title="bbox 170 2259 1259 2343; baseline 0.004 -25"><span class='ocrx_word' id='word_1_168' title='bbox 170 2263 352 2321; x_wconf 88' lang='lat' dir='ltr'><strong>Artaxerxes</strong></span> <span class='ocrx_word' id='word_1_169' title='bbox 375 2259 430 2343; x_wconf 88' lang='lat' dir='ltr'><strong>qui</strong></span> <span class='ocrx_word' id='word_1_170' title='bbox 459 2269 491 2323; x_wconf 88' lang='lat' dir='ltr'><strong>et</strong></span> <span class='ocrx_word' id='word_1_171' title='bbox 520 2261 647 2322; x_wconf 89' lang='lat' dir='ltr'><strong>Hocbus</strong></span> <span class='ocrx_word' id='word_1_172' title='bbox 670 2281 766 2322; x_wconf 91' lang='lat' dir='ltr'><strong>annos</strong></span> <span class='ocrx_word' id='word_1_173' title='bbox 788 2259 847 2338; x_wconf 88' lang='grc'><strong>06,</strong></span> <span class='ocrx_word' id='word_1_174' title='bbox 878 2265 968 2322; x_wconf 83' lang='lat' dir='ltr'><strong>Arses</strong></span> <span class='ocrx_word' id='word_1_175' title='bbox 989 2259 1092 2322; x_wconf 89' lang='lat' dir='ltr'><strong>Hochi</strong></span> <span class='ocrx_word' id='word_1_176' title='bbox 1112 2283 1208 2326; x_wconf 84' lang='lat' dir='ltr'><strong>annos</strong></span> <span class='ocrx_word' id='word_1_177' title='bbox 1226 2262 1259 2340; x_wconf 93' lang='grc'><strong>4,</strong></span> 
     </span>
     <span class='ocr_line' id='line_1_23' title="bbox 169 2339 592 2410; baseline 0.014 -6"><span class='ocrx_word' id='word_1_178' title='bbox 169 2341 281 2406; x_wconf 87' lang='lat' dir='ltr'><strong>Darius</strong></span> <span class='ocrx_word' id='word_1_179' title='bbox 302 2342 423 2404; x_wconf 86' lang='lat' dir='ltr'><strong>Arsami</strong></span> <span class='ocrx_word' id='word_1_180' title='bbox 444 2339 592 2410; x_wconf 80' lang='lat' dir='ltr'><strong>annuali.</strong></span> 
     </span>
    </p>
   </div>
   <div class='ocr_carea' id='block_1_8' title="bbox 168 2448 1356 3039">
    <p class='ocr_par' dir='ltr' id='par_1_9' title="bbox 168 2448 1356 3039">
     <span class='ocr_line' id='line_1_24' title="bbox 248 2448 1356 2537; baseline -0.005 -24"><span class='ocrx_word' id='word_1_181' title='bbox 248 2452 320 2514; x_wconf 89' lang='lat' dir='ltr'><strong>Hoc</strong></span> <span class='ocrx_word' id='word_1_182' title='bbox 342 2463 526 2537; x_wconf 87' lang='lat' dir='ltr'><strong>perempto,</strong></span> <span class='ocrx_word' id='word_1_183' title='bbox 549 2461 582 2515; x_wconf 87' lang='lat' dir='ltr'><strong>et</strong></span> <span class='ocrx_word' id='word_1_184' title='bbox 600 2449 759 2514; x_wconf 86' lang='lat' dir='ltr'><strong>destructo</strong></span> <span class='ocrx_word' id='word_1_185' title='bbox 781 2453 945 2515; x_wconf 84' lang='lat' dir='ltr'><strong>Persarum</strong></span> <span class='ocrx_word' id='word_1_186' title='bbox 967 2451 1167 2534; x_wconf 89' lang='lat' dir='ltr'><strong>principatu,</strong></span> <span class='ocrx_word' id='word_1_187' title='bbox 1187 2448 1356 2523; x_wconf 66' lang='lat' dir='ltr'><strong>Ale-pila</strong></span> 
     </span>
     <span class='ocr_line' id='line_1_25' title="bbox 168 2532 1260 2619; baseline 0.003 -25"><span class='ocrx_word' id='word_1_188' title='bbox 168 2532 283 2598; x_wconf 81' lang='lat' dir='ltr'><strong>rander</strong></span> <span class='ocrx_word' id='word_1_189' title='bbox 307 2535 436 2599; x_wconf 84' lang='lat' dir='ltr'><strong>Macedo</strong></span> <span class='ocrx_word' id='word_1_190' title='bbox 467 2534 611 2619; x_wconf 83' lang='lat' dir='ltr'><strong>regnavit</strong></span> <span class='ocrx_word' id='word_1_191' title='bbox 638 2536 726 2597; x_wconf 90' lang='lat' dir='ltr'><strong>annis</strong></span> <span class='ocrx_word' id='word_1_192' title='bbox 745 2532 786 2612; x_wconf 87' lang='grc'><strong>6,</strong></span> <span class='ocrx_word' id='word_1_193' title='bbox 806 2555 878 2597; x_wconf 89' lang='lat' dir='ltr'><strong>cum</strong></span> <span class='ocrx_word' id='word_1_194' title='bbox 898 2535 959 2594; x_wconf 91' lang='lat' dir='ltr'><strong>iam</strong></span> <span class='ocrx_word' id='word_1_195' title='bbox 979 2544 1150 2618; x_wconf 83' lang='lat' dir='ltr'><strong>regnasset,</strong></span> <span class='ocrx_word' id='word_1_196' title='bbox 1174 2544 1260 2597; x_wconf 88' lang='lat' dir='ltr'><strong>ante-</strong></span> 
     </span>
     <span class='ocr_line' id='line_1_26' title="bbox 168 2618 1259 2701; baseline 0.001 -22"><span class='ocrx_word' id='word_1_197' title='bbox 168 2638 260 2699; x_wconf 86' lang='lat' dir='ltr'><strong>quam</strong></span> <span class='ocrx_word' id='word_1_198' title='bbox 276 2623 458 2701; x_wconf 82' lang='lat' dir='ltr'><strong>peremisset</strong></span> <span class='ocrx_word' id='word_1_199' title='bbox 478 2618 631 2696; x_wconf 76' lang='lat' dir='ltr'><strong>Dariur&#39;n,</strong></span> <span class='ocrx_word' id='word_1_200' title='bbox 653 2630 689 2682; x_wconf 90' lang='lat' dir='ltr'><strong>ut</strong></span> <span class='ocrx_word' id='word_1_201' title='bbox 711 2620 839 2695; x_wconf 86' lang='lat' dir='ltr'><strong>lerunt,</strong></span> <span class='ocrx_word' id='word_1_202' title='bbox 859 2618 945 2679; x_wconf 87' lang='lat' dir='ltr'><strong>annis</strong></span> <span class='ocrx_word' id='word_1_203' title='bbox 971 2618 1021 2680; x_wconf 90' lang='grc'><strong>10.</strong></span> <span class='ocrx_word' id='word_1_204' title='bbox 1065 2630 1097 2681; x_wconf 91' lang='lat' dir='ltr'><strong>et</strong></span> <span class='ocrx_word' id='word_1_205' title='bbox 1116 2627 1259 2680; x_wconf 88' lang='lat' dir='ltr'><strong>mortuus</strong></span> 
     </span>
     <span class='ocr_line' id='line_1_27' title="bbox 169 2701 1258 2788; baseline 0.002 -26"><span class='ocrx_word' id='word_1_206' title='bbox 169 2711 213 2762; x_wconf 87' lang='lat' dir='ltr'><strong>cst</strong></span> <span class='ocrx_word' id='word_1_207' title='bbox 232 2704 318 2786; x_wconf 90' lang='lat' dir='ltr'><strong>apud</strong></span> <span class='ocrx_word' id='word_1_208' title='bbox 337 2703 528 2788; x_wconf 89' lang='lat' dir='ltr'><strong>Babylonem</strong></span> <span class='ocrx_word' id='word_1_209' title='bbox 551 2726 706 2765; x_wconf 90' lang='lat' dir='ltr'><strong>annorum</strong></span> <span class='ocrx_word' id='word_1_210' title='bbox 727 2701 786 2781; x_wconf 82' lang='lat'><strong>35,</strong></span> <span class='ocrx_word' id='word_1_211' title='bbox 816 2712 853 2763; x_wconf 90' lang='lat' dir='ltr'><strong>ut</strong></span> <span class='ocrx_word' id='word_1_212' title='bbox 879 2711 984 2763; x_wconf 89' lang='lat' dir='ltr'><strong>nutem</strong></span> <span class='ocrx_word' id='word_1_213' title='bbox 1006 2702 1059 2763; x_wconf 87' lang='lat' dir='ltr'><strong>alii</strong></span> <span class='ocrx_word' id='word_1_214' title='bbox 1086 2703 1258 2785; x_wconf 89' lang='lat' dir='ltr'><strong>perhibue-</strong></span> 
     </span>
     <span class='ocr_line' id='line_1_28' title="bbox 171 2784 1259 2871; baseline 0.004 -28"><span class='ocrx_word' id='word_1_215' title='bbox 171 2795 251 2863; x_wconf 87' lang='lat' dir='ltr'><strong>runt,</strong></span> <span class='ocrx_word' id='word_1_216' title='bbox 272 2784 326 2849; x_wconf 85' lang='grc'><strong>36.</strong></span> <span class='ocrx_word' id='word_1_217' title='bbox 370 2787 509 2869; x_wconf 76' lang='lat' dir='ltr'><strong>regnavit</strong></span> <span class='ocrx_word' id='word_1_218' title='bbox 528 2808 604 2871; x_wconf 81' lang='lat' dir='ltr'><strong>ergo</strong></span> <span class='ocrx_word' id='word_1_219' title='bbox 625 2788 710 2849; x_wconf 89' lang='lat' dir='ltr'><strong>annis</strong></span> <span class='ocrx_word' id='word_1_220' title='bbox 724 2786 775 2864; x_wconf 95' lang='grc'><strong>17,</strong></span> <span class='ocrx_word' id='word_1_221' title='bbox 797 2786 918 2869; x_wconf 80' lang='lat' dir='ltr'><strong>subegit</strong></span> <span class='ocrx_word' id='word_1_222' title='bbox 929 2795 1033 2847; x_wconf 87' lang='lat' dir='ltr'><strong>autem</strong></span> <span class='ocrx_word' id='word_1_223' title='bbox 1046 2786 1259 2849; x_wconf 88' lang='lat' dir='ltr'><strong>barbarorum</strong></span> 
     </span>
     <span class='ocr_line' id='line_1_29' title="bbox 170 2868 1256 2953; baseline 0.004 -26"><span class='ocrx_word' id='word_1_224' title='bbox 170 2874 308 2932; x_wconf 89' lang='lat' dir='ltr'><strong>nationes</strong></span> <span class='ocrx_word' id='word_1_225' title='bbox 325 2872 434 2953; x_wconf 83' lang='lat' dir='ltr'><strong>viginti</strong></span> <span class='ocrx_word' id='word_1_226' title='bbox 463 2870 554 2949; x_wconf 88' lang='lat' dir='ltr'><strong>duas,</strong></span> <span class='ocrx_word' id='word_1_227' title='bbox 580 2882 612 2934; x_wconf 93' lang='lat' dir='ltr'><strong>et</strong></span> <span class='ocrx_word' id='word_1_228' title='bbox 642 2872 741 2933; x_wconf 89' lang='lat' dir='ltr'><strong>trihus</strong></span> <span class='ocrx_word' id='word_1_229' title='bbox 763 2873 957 2933; x_wconf 87' lang='lat' dir='ltr'><strong>Graecorum</strong></span> <span class='ocrx_word' id='word_1_230' title='bbox 980 2868 1027 2934; x_wconf 87' lang='lat'><strong>13.</strong></span> <span class='ocrx_word' id='word_1_231' title='bbox 1057 2880 1090 2933; x_wconf 90' lang='lat' dir='ltr'><strong>et</strong></span> <span class='ocrx_word' id='word_1_232' title='bbox 1111 2882 1256 2934; x_wconf 87' lang='lat' dir='ltr'><strong>mortuus</strong></span> 
     </span>
     <span class='ocr_line' id='line_1_30' title="bbox 170 2954 574 3039; baseline 0.007 -25"><span class='ocrx_word' id='word_1_233' title='bbox 170 2956 263 3015; x_wconf 87' lang='lat' dir='ltr'><strong>estin</strong></span> <span class='ocrx_word' id='word_1_234' title='bbox 283 2954 409 3017; x_wconf 89' lang='lat' dir='ltr'><strong>Perside</strong></span> <span class='ocrx_word' id='word_1_235' title='bbox 433 2976 574 3039; x_wconf 80' lang='lat' dir='ltr'><strong>regnans.</strong></span> 
     </span>
    </p>
   </div>
   <div class='ocr_carea' id='block_1_9' title="bbox 169 3062 1257 3211">
    <p class='ocr_par' dir='ltr' id='par_1_10' title="bbox 169 3062 1257 3211">
     <span class='ocr_line' id='line_1_31' title="bbox 250 3062 1257 3147; baseline 0 -23"><span class='ocrx_word' id='word_1_236' title='bbox 250 3063 348 3124; x_wconf 86' lang='lat' dir='ltr'><strong>Fiunt</strong></span> <span class='ocrx_word' id='word_1_237' title='bbox 367 3063 474 3147; x_wconf 90' lang='lat' dir='ltr'><strong>itaque</strong></span> <span class='ocrx_word' id='word_1_238' title='bbox 495 3084 600 3127; x_wconf 87' lang='lat' dir='ltr'><strong>omnes</strong></span> <span class='ocrx_word' id='word_1_239' title='bbox 630 3064 720 3125; x_wconf 85' lang='lat' dir='ltr'><strong>simul</strong></span> <span class='ocrx_word' id='word_1_240' title='bbox 748 3062 787 3131; x_wconf 86' lang='lat' dir='ltr'><strong>ab</strong></span> <span class='ocrx_word' id='word_1_241' title='bbox 810 3062 908 3125; x_wconf 88' lang='lat' dir='ltr'><strong>Adam</strong></span> <span class='ocrx_word' id='word_1_242' title='bbox 939 3084 1036 3147; x_wconf 88' lang='lat' dir='ltr'><strong>nsque</strong></span> <span class='ocrx_word' id='word_1_243' title='bbox 1062 3062 1102 3125; x_wconf 91' lang='lat' dir='ltr'><strong>ad</strong></span> <span class='ocrx_word' id='word_1_244' title='bbox 1121 3071 1257 3126; x_wconf 89' lang='lat' dir='ltr'><strong>mortem</strong></span> 
     </span>
     <span class='ocr_line' id='line_1_32' title="bbox 169 3144 544 3211; baseline 0.013 -7"><span class='ocrx_word' id='word_1_245' title='bbox 169 3144 333 3209; x_wconf 80' lang='lat' dir='ltr'><strong>Alexandri</strong></span> <span class='ocrx_word' id='word_1_246' title='bbox 352 3146 428 3211; x_wconf 84' lang='lat' dir='ltr'><strong>anni</strong></span> <span class='ocrx_word' id='word_1_247' title='bbox 449 3146 544 3210; x_wconf 85' lang='grc'><strong>5167.</strong></span> 
     </span>
    </p>
   </div>
   <div class='ocr_carea' id='block_1_10' title="bbox 168 3252 1351 4243">
    <p class='ocr_par' dir='ltr' id='par_1_11' title="bbox 168 3252 1351 4243">
     <span class='ocr_line' id='line_1_33' title="bbox 247 3252 1258 3339; baseline -0.005 -22"><span class='ocrx_word' id='word_1_248' title='bbox 247 3254 339 3317; x_wconf 77' lang='lat' dir='ltr'><strong>Post·</strong></span> <span class='ocrx_word' id='word_1_249' title='bbox 354 3265 488 3319; x_wconf 85' lang='lat' dir='ltr'><strong>mortem</strong></span> <span class='ocrx_word' id='word_1_250' title='bbox 522 3266 626 3319; x_wconf 87' lang='lat' dir='ltr'><strong>autem</strong></span> <span class='ocrx_word' id='word_1_251' title='bbox 655 3254 818 3318; x_wconf 78' lang='lat' dir='ltr'><strong>Alexandri</strong></span> <span class='ocrx_word' id='word_1_252' title='bbox 841 3257 972 3339; x_wconf 75' lang='lat' dir='ltr'><strong>Aegypti</strong></span> <span class='ocrx_word' id='word_1_253' title='bbox 995 3263 1038 3317; x_wconf 90' lang='lat' dir='ltr'><strong>·et</strong></span> <span class='ocrx_word' id='word_1_254' title='bbox 1056 3252 1258 3316; x_wconf 83' lang='lat' dir='ltr'><strong>Alexandriae</strong></span> 
     </span>
     <span class='ocr_line' id='line_1_34' title="bbox 169 3336 1257 3477; baseline 0.001 -81"><span class='ocrx_word' id='word_1_255' title='bbox 169 3336 287 3477; x_wconf 87' lang='lat' dir='ltr'><strong>primus</strong></span> <span class='ocrx_word' id='word_1_256' title='bbox 309 3360 367 3403; x_wconf 87' lang='lat' dir='ltr'><strong>rex</strong></span> <span class='ocrx_word' id='word_1_257' title='bbox 387 3342 447 3401; x_wconf 88' lang='lat' dir='ltr'><strong>fuit</strong></span> <span class='ocrx_word' id='word_1_258' title='bbox 467 3340 663 3404; x_wconf 90' lang='lat' dir='ltr'><strong>Ptolomaeus</strong></span> <span class='ocrx_word' id='word_1_259' title='bbox 683 3339 759 3422; x_wconf 79' lang='lat' dir='ltr'><strong>Lagi</strong></span> <span class='ocrx_word' id='word_1_260' title='bbox 781 3339 867 3400; x_wconf 87' lang='lat' dir='ltr'><strong>annis</strong></span> <span class='ocrx_word' id='word_1_261' title='bbox 888 3340 947 3417; x_wconf 90' lang='grc'><strong>40,</strong></span> <span class='ocrx_word' id='word_1_262' title='bbox 970 3338 1168 3418; x_wconf 86' lang='lat' dir='ltr'><strong>Ptolomaeus</strong></span> <span class='ocrx_word' id='word_1_263' title='bbox 1181 3338 1257 3400; x_wconf 90' lang='lat' dir='ltr'><strong>Phi·</strong></span> 
     </span>
     <span class='ocr_line' id='line_1_35' title="bbox 181 3420 1258 3505; baseline 0.001 -26"><span class='ocrx_word' id='word_1_264' title='bbox 181 3420 328 3504; x_wconf 84' lang='lat' dir='ltr'><strong>adelphus</strong></span> <span class='ocrx_word' id='word_1_265' title='bbox 352 3422 498 3486; x_wconf 85' lang='lat' dir='ltr'><strong>annis38.</strong></span> <span class='ocrx_word' id='word_1_266' title='bbox 549 3424 606 3486; x_wconf 88' lang='lat' dir='ltr'><strong>sub</strong></span> <span class='ocrx_word' id='word_1_267' title='bbox 635 3422 698 3487; x_wconf 88' lang='lat' dir='ltr'><strong>hoc</strong></span> <span class='ocrx_word' id='word_1_268' title='bbox 719 3424 799 3484; x_wconf 89' lang='lat' dir='ltr'><strong>sacri</strong></span> <span class='ocrx_word' id='word_1_269' title='bbox 822 3424 904 3495; x_wconf 87' lang='lat' dir='ltr'><strong>libri,</strong></span> <span class='ocrx_word' id='word_1_270' title='bbox 926 3424 979 3505; x_wconf 88' lang='lat' dir='ltr'><strong>qui</strong></span> <span class='ocrx_word' id='word_1_271' title='bbox 993 3423 1078 3505; x_wconf 85' lang='lat' dir='ltr'><strong>apud</strong></span> <span class='ocrx_word' id='word_1_272' title='bbox 1100 3422 1258 3483; x_wconf 86' lang='lat' dir='ltr'><strong>Haebreos</strong></span> 
     </span>
     <span class='ocr_line' id='line_1_36' title="bbox 170 3505 1257 3584; baseline 0.002 -21"><span class='ocrx_word' id='word_1_273' title='bbox 170 3516 270 3584; x_wconf 88' lang='lat' dir='ltr'><strong>erant,</strong></span> <span class='ocrx_word' id='word_1_274' title='bbox 293 3508 323 3569; x_wconf 88' lang='lat' dir='ltr'><strong>in</strong></span> <span class='ocrx_word' id='word_1_275' title='bbox 348 3512 503 3571; x_wconf 86' lang='lat' dir='ltr'><strong>Graecam</strong></span> <span class='ocrx_word' id='word_1_276' title='bbox 534 3528 643 3569; x_wconf 83' lang='lat' dir='ltr'><strong>vocem</strong></span> <span class='ocrx_word' id='word_1_277' title='bbox 672 3507 814 3569; x_wconf 89' lang='lat' dir='ltr'><strong>translati</strong></span> <span class='ocrx_word' id='word_1_278' title='bbox 836 3516 868 3567; x_wconf 91' lang='lat' dir='ltr'><strong>et</strong></span> <span class='ocrx_word' id='word_1_279' title='bbox 885 3506 1086 3568; x_wconf 89' lang='lat' dir='ltr'><strong>Alexandriae</strong></span> <span class='ocrx_word' id='word_1_280' title='bbox 1107 3514 1180 3566; x_wconf 91' lang='lat' dir='ltr'><strong>sunt</strong></span> <span class='ocrx_word' id='word_1_281' title='bbox 1199 3505 1257 3566; x_wconf 87' lang='lat' dir='ltr'><strong>sub</strong></span> 
     </span>
     <span class='ocr_line' id='line_1_37' title="bbox 168 3587 1257 3675; baseline 0.002 -29"><span class='ocrx_word' id='word_1_282' title='bbox 168 3587 317 3652; x_wconf 82' lang='lat' dir='ltr'><strong>Eleazaro</strong></span> <span class='ocrx_word' id='word_1_283' title='bbox 338 3592 488 3675; x_wconf 82' lang='lat' dir='ltr'><strong>pontifice</strong></span> <span class='ocrx_word' id='word_1_284' title='bbox 501 3591 698 3656; x_wconf 87' lang='lat' dir='ltr'><strong>bibliothecis</strong></span> <span class='ocrx_word' id='word_1_285' title='bbox 720 3590 886 3653; x_wconf 87' lang='lat' dir='ltr'><strong>reconditi.</strong></span> <span class='ocrx_word' id='word_1_286' title='bbox 934 3591 1132 3652; x_wconf 88' lang='lat' dir='ltr'><strong>Ptolomaeus</strong></span> <span class='ocrx_word' id='word_1_287' title='bbox 1154 3588 1257 3667; x_wconf 57' lang='lat' dir='ltr'><strong>Euer7</strong></span> 
     </span>
     <span class='ocr_line' id='line_1_38' title="bbox 169 3672 1257 3759; baseline 0 -26"><span class='ocrx_word' id='word_1_288' title='bbox 169 3680 251 3751; x_wconf 82' lang='lat' dir='ltr'><strong>getes</strong></span> <span class='ocrx_word' id='word_1_289' title='bbox 274 3676 359 3736; x_wconf 89' lang='lat' dir='ltr'><strong>annis</strong></span> <span class='ocrx_word' id='word_1_290' title='bbox 374 3676 431 3753; x_wconf 84' lang='grc'><strong>05,</strong></span> <span class='ocrx_word' id='word_1_291' title='bbox 452 3676 650 3740; x_wconf 90' lang='lat' dir='ltr'><strong>Ptolomaeus</strong></span> <span class='ocrx_word' id='word_1_292' title='bbox 665 3672 851 3759; x_wconf 87' lang='lat' dir='ltr'><strong>Philopator</strong></span> <span class='ocrx_word' id='word_1_293' title='bbox 873 3678 957 3737; x_wconf 89' lang='lat' dir='ltr'><strong>annis</strong></span> <span class='ocrx_word' id='word_1_294' title='bbox 982 3674 1037 3748; x_wconf 88' lang='grc'><strong>17,</strong></span> <span class='ocrx_word' id='word_1_295' title='bbox 1059 3672 1257 3734; x_wconf 88' lang='lat' dir='ltr'><strong>Ptolomaeus</strong></span> 
     </span>
     <span class='ocr_line' id='line_1_39' title="bbox 170 3754 1256 3845; baseline 0.003 -32"><span class='ocrx_word' id='word_1_296' title='bbox 170 3754 296 3820; x_wconf 88' lang='lat' dir='ltr'><strong>illustris</strong></span> <span class='ocrx_word' id='word_1_297' title='bbox 325 3760 412 3820; x_wconf 90' lang='lat' dir='ltr'><strong>annis</strong></span> <span class='ocrx_word' id='word_1_298' title='bbox 432 3760 481 3821; x_wconf 90' lang='grc'><strong>04.</strong></span> <span class='ocrx_word' id='word_1_299' title='bbox 531 3782 611 3845; x_wconf 86' lang='lat' dir='ltr'><strong>quae</strong></span> <span class='ocrx_word' id='word_1_300' title='bbox 646 3770 728 3843; x_wconf 82' lang='lat' dir='ltr'><strong>gesta</strong></span> <span class='ocrx_word' id='word_1_301' title='bbox 756 3768 827 3819; x_wconf 91' lang='lat' dir='ltr'><strong>snnt</strong></span> <span class='ocrx_word' id='word_1_302' title='bbox 855 3760 939 3820; x_wconf 89' lang='lat' dir='ltr'><strong>circa</strong></span> <span class='ocrx_word' id='word_1_303' title='bbox 962 3758 1178 3832; x_wconf 86' lang='lat' dir='ltr'><strong>Machabaeos‚</strong></span> <span class='ocrx_word' id='word_1_304' title='bbox 1199 3756 1256 3818; x_wconf 90' lang='lat' dir='ltr'><strong>sub</strong></span> 
     </span>
     <span class='ocr_line' id='line_1_40' title="bbox 171 3840 1255 3917; baseline 0.003 -19"><span class='ocrx_word' id='word_1_305' title='bbox 171 3840 230 3903; x_wconf 91' lang='lat' dir='ltr'><strong>isto</strong></span> <span class='ocrx_word' id='word_1_306' title='bbox 255 3844 437 3906; x_wconf 80' lang='lat' dir='ltr'><strong>factasunt.</strong></span> <span class='ocrx_word' id='word_1_307' title='bbox 495 3846 691 3906; x_wconf 90' lang='lat' dir='ltr'><strong>Ptolomaeus</strong></span> <span class='ocrx_word' id='word_1_308' title='bbox 723 3842 918 3905; x_wconf 89' lang='lat' dir='ltr'><strong>Philometor</strong></span> <span class='ocrx_word' id='word_1_309' title='bbox 944 3842 1030 3903; x_wconf 89' lang='lat' dir='ltr'><strong>annis</strong></span> <span class='ocrx_word' id='word_1_310' title='bbox 1057 3840 1116 3917; x_wconf 82' lang='lat'><strong>35,</strong></span> <span class='ocrx_word' id='word_1_311' title='bbox 1144 3842 1255 3902; x_wconf 89' lang='lat' dir='ltr'><strong>Ptolo·</strong></span> 
     </span>
     <span class='ocr_line' id='line_1_41' title="bbox 171 3912 1255 4011; baseline -0.002 -25"><span class='ocrx_word' id='word_1_312' title='bbox 171 3946 274 3987; x_wconf 88' lang='lat' dir='ltr'><strong>maeus</strong></span> <span class='ocrx_word' id='word_1_313' title='bbox 293 3927 399 3990; x_wconf 90' lang='lat' dir='ltr'><strong>iunior</strong></span> <span class='ocrx_word' id='word_1_314' title='bbox 420 3928 505 3988; x_wconf 89' lang='lat' dir='ltr'><strong>annis</strong></span> <span class='ocrx_word' id='word_1_315' title='bbox 523 3926 572 4006; x_wconf 83' lang='grc'><strong>00,</strong></span> <span class='ocrx_word' id='word_1_316' title='bbox 594 3928 793 3990; x_wconf 89' lang='lat' dir='ltr'><strong>Ptolomaeus</strong></span> <span class='ocrx_word' id='word_1_317' title='bbox 813 3912 957 4011; x_wconf 85' lang='lat' dir='ltr'><strong>Physcon</strong></span> <span class='ocrx_word' id='word_1_318' title='bbox 978 3924 1063 3987; x_wconf 89' lang='lat' dir='ltr'><strong>annis</strong></span> <span class='ocrx_word' id='word_1_319' title='bbox 1086 3924 1124 3987; x_wconf 88' lang='lat'><strong>17</strong></span> <span class='ocrx_word' id='word_1_320' title='bbox 1144 3922 1255 3987; x_wconf 89' lang='lat' dir='ltr'><strong>mensi·</strong></span> 
     </span>
     <span class='ocr_line' id='line_1_42' title="bbox 169 4002 1351 4088; baseline -0.003 -19"><span class='ocrx_word' id='word_1_321' title='bbox 169 4007 226 4070; x_wconf 88' lang='lat' dir='ltr'><strong>bns</strong></span> <span class='ocrx_word' id='word_1_322' title='bbox 236 4006 268 4088; x_wconf 91' lang='grc'><strong>6,</strong></span> <span class='ocrx_word' id='word_1_323' title='bbox 289 4012 487 4075; x_wconf 88' lang='lat' dir='ltr'><strong>Ptolomaeus</strong></span> <span class='ocrx_word' id='word_1_324' title='bbox 501 4012 671 4074; x_wconf 80' lang='lat' dir='ltr'><strong>Alexander</strong></span> <span class='ocrx_word' id='word_1_325' title='bbox 692 4012 777 4073; x_wconf 89' lang='lat' dir='ltr'><strong>annis</strong></span> <span class='ocrx_word' id='word_1_326' title='bbox 791 4010 839 4087; x_wconf 90' lang='grc'><strong>10,</strong></span> <span class='ocrx_word' id='word_1_327' title='bbox 860 4012 1054 4072; x_wconf 89' lang='lat' dir='ltr'><strong>Ptolomaeus</strong></span> <span class='ocrx_word' id='word_1_328' title='bbox 1071 4010 1169 4071; x_wconf 83' lang='lat' dir='ltr'><strong>frater</strong></span> <span class='ocrx_word' id='word_1_329' title='bbox 1191 4008 1288 4077; x_wconf 86' lang='lat' dir='ltr'><strong>eiusp·</strong></span> <span class='ocrx_word' id='word_1_330' title='bbox 1301 4002 1351 4060; x_wconf 82' lang='grc'><strong>745</strong></span> 
     </span>
     <span class='ocr_line' id='line_1_43' title="bbox 173 4092 1256 4180; baseline -0.002 -27"><span class='ocrx_word' id='word_1_331' title='bbox 173 4094 262 4155; x_wconf 85' lang='lat' dir='ltr'><strong>annis</strong></span> <span class='ocrx_word' id='word_1_332' title='bbox 282 4096 321 4172; x_wconf 87' lang='lat'><strong>8,</strong></span> <span class='ocrx_word' id='word_1_333' title='bbox 357 4096 556 4159; x_wconf 87' lang='lat' dir='ltr'><strong>Ptolomaeus</strong></span> <span class='ocrx_word' id='word_1_334' title='bbox 579 4097 633 4180; x_wconf 90' lang='lat' dir='ltr'><strong>qui</strong></span> <span class='ocrx_word' id='word_1_335' title='bbox 664 4105 695 4159; x_wconf 90' lang='lat' dir='ltr'><strong>et</strong></span> <span class='ocrx_word' id='word_1_336' title='bbox 716 4096 869 4179; x_wconf 85' lang='lat' dir='ltr'><strong>Dionysus</strong></span> <span class='ocrx_word' id='word_1_337' title='bbox 901 4094 988 4157; x_wconf 91' lang='lat' dir='ltr'><strong>annis</strong></span> <span class='ocrx_word' id='word_1_338' title='bbox 1007 4092 1068 4173; x_wconf 81' lang='lat'><strong>30,</strong></span> <span class='ocrx_word' id='word_1_339' title='bbox 1090 4094 1256 4177; x_wconf 87' lang='lat' dir='ltr'><strong>Cleopatra</strong></span> 
     </span>
     <span class='ocr_line' id='line_1_44' title="bbox 171 4176 521 4243; baseline 0.014 -7"><span class='ocrx_word' id='word_1_340' title='bbox 171 4176 343 4243; x_wconf 83' lang='lat' dir='ltr'><strong>Ptolomaei</strong></span> <span class='ocrx_word' id='word_1_341' title='bbox 365 4179 450 4243; x_wconf 86' lang='lat' dir='ltr'><strong>annis</strong></span> <span class='ocrx_word' id='word_1_342' title='bbox 473 4179 521 4242; x_wconf 86' lang='grc'><strong>00.</strong></span> 
     </span>
    </p>
   </div>
   <div class='ocr_carea' id='block_1_11' title="bbox 0 0 1530 4900">
    <p class='ocr_par' dir='ltr' id='par_1_12' title="bbox 0 0 1530 4900">
     <span class='ocr_line' id='line_1_45' title="bbox 0 0 1530 4900; baseline 0 3"><span class='ocrx_word' id='word_1_343' title='bbox 0 0 1530 4900; x_wconf 95' lang='lat' dir='ltr'><strong> </strong></span> 
     </span>
    </p>
   </div>
  </div>
 </body>
</html>
