3050 4900
298 317 347 390 80
452 325 661 392 sumansu
696 324 893 392 Bistonia
926 323 1231 391 ECCLESthTlCh

147 503 237 576 aare
257 501 333 558 sset
350 515 550 572 oeconomus,
577 503 788 578 cognomento
808 496 951 558 Hemula.
1005 503 1168 578 praeterea
1187 493 1387 559 Macedoalus

299 581 427 641 coasilio
458 579 655 660 imperatoris
684 580 777 642 unire
807 579 994 642 monasteria
1022 581 1126 661 regiae
1159 580 1244 643 urhis
1264 581 1386 661 satagit,

300 683 381 746 quae
400 663 487 723 scissa
509 663 633 727 fuerant
653 673 802 744 propter·
817 665 964 726 enotieou
989 664 1130 724 Zenonis.
1171 663 1225 724 sed
1246 683 1309 724 non
1330 686 1386 723 va.

300 747 363 809 lens
394 746 555 808 consilium
584 747 671 808 dedit
704 747 910 828 imperatori,
937 765 1001 830 quo
1023 745 1204 828 peregrinos
1224 746 1386 828 episcopos

301 830 471 892 convenire
499 837 531 890 et
563 851 644 911 quae
666 827 862 892 Chalcedone
880 831 960 892 hene
981 829 1188 911 dogmatizata
1208 830 1332 890 fuerant
1351 829 1386 890 in

299 913 421 995 scriptis
444 911 630 974 confirmare
651 913 780 974 faceret.
820 913 908 996 quod
937 914 1104 975 attactum
1124 921 1169 974 est
1189 933 1248 993 per
1268 912 1386 976 deseri.

299 1007 387 1080 ptam
408 997 572 1057 actionem.
616 1004 647 1058 at
669 997 855 1058 hortabatur
873 995 1060 1058 monasteria
1082 993 1122 1057 ad
1135 995 1295 1073 unitatem,
1319 1019 1387 1059 ma·

302 1081 445 1163 ximeque
468 1079 520 1142 Dii
539 1079 762 1141 monasterinm
782 1087 815 1141 et
827 1079 946 1141 Basiani
969 1079 1273 1141 ethcoemetensium
1292 1087 1388 1162 atque

301 1165 474 1238 Matronae,
495 1183 637 1246 quaeque
657 1162 750 1246 magis
769 1162 990 1226 scindebantur
1010 1163 1050 1224 ab
1072 1183 1111 1224 eo
1136 1163 1191 1245 qui
1215 1162 1406 1245 recipiebat.

302 1246 434 1308 Zenonis
458 1246 614 1321 enuticou,
645 1255 678 1307 et
698 1246 785 1308 exilia
807 1247 954 1308 alacriter
973 1246 1176 1312 sustinebant.
1218 1265 1291 1308 eum
1307 1267 1386 1328 ergo

303 1329 485 1404 insisterent,
508 1329 716 1392 considerauit
735 1329 935 1410 Macedonius
952 1331 1045 1412 magis
1067 1330 1099 1390 in
1121 1329 1255 1411 propria
1275 1329 1388 1390 volun·

303 1421 367 1474 tate
386 1411 543 1473 dimittere
565 1433 616 1474 eus
637 1433 729 1496 quam
749 1415 998 1494 persecutionem
1031 1412 1151 1496 erigere
1172 1420 1286 1474 eontra
1305 1414 1385 1475 illos.

302 1497 448 1558 Matrona
470 1515 545 1556 vcro
567 1503 672 1558 sancta
693 1495 920 1573 adhucvirens,
939 1505 972 1558 et
993 1516 1055 1556 non
1072 1496 1302 1556 communicans
1324 1517 1388 1558 una

300 1599 373 1640 cum
393 1579 541 1664 religiosis
555 1579 762 1640 monachabus
785 1600 948 1662 quaecum
960 1578 1011 1640 illa
1032 1588 1131 1655 erant,
1174 1590 1287 1660 ropter
1306 1599 1387 1642 eno.

301 1663 387 1724 ticon
408 1662 558 1737 Zenonis,
586 1662 746 1743 inopinata
768 1665 865 1725 multa
885 1663 1089 1739 monstravit,
1124 1601 1314 1746 chrysaurio
1334 1683 1389 1723 ee.

303 1745 411 1813 clasiae
434 1741 568 1807 diacono
588 1745 670 1807 illam
692 1754 835 1828 cogente.
876 1753 911 1807 et
932 1745 990 1806 alia
1016 1743 1168 1828 quaedam
1189 1745 1308 1828 Sophia
1328 1767 1389 1808 vo-

302 1838 381 1908 cata,
403 1827 588 1909 insignisque
615 1828 699 1890 inter
730 1828 995 1904 sanctimoniales,
1025 1829 1122 1890 multa
1143 1850 1231 1911 passa
1247 1850 1391 1912 magnam

314 1911 485 1993 atlantiam
507 1909 741 1974 demonstravit.
770 1931 872 1994 porro
891 1912 1106 1974 Theodericus
1125 1913 1201 1976 Afer
1224 1911 1391 1974 diaconum

303 1933 420 2056 liabens
450 1993 661 2056 orthodoxum
695 1994 862 2058 admodum
889 2017 907 2057 a
937 2017 969 2056 se
998 1995 1167 2073 dilectum,
1191 1997 1337 2078 quicum
1357 1997 1391 2056 in

303 2079 510 2152 Arianismum
541 2077 644 2140 fuisset
671 2099 846 2156 conversus,
876 2079 1076 2142 Tbeodorioo
1096 2081 1212 2156 favens,
1232 2078 1392 2141 interemit

303 2183 374 2224 eum
394 2159 497 2242 gladio
520 2159 621 2222 dicens
641 2163 686 2224 “si
708 2163 768 2224 deo
788 2161 882 2226 fidem
902 2185 965 2222 non
990 2164 1129 2240 servasti,
1148 2183 1206 2224 nec
1229 2161 1306 2223 mihi
1322 2183 1391 2224 ser.

303 2245 413 2309 vobis?
435 2242 572 2306 Palladio
595 2266 671 2308 vero
685 2246 831 2328 episcopo
840 2243 1032 2310 Antiocheno
1045 2246 1203 2323 defuncto,
1217 2244 1392 2328 imperator

300 2327 392 2410 elegit
402 2329 428 2390 F
429 2327 581 2391 larianum
595 2329 814 2413 presbyterum
828 2341 860 2401 et
870 2327 1107 2414 apocrisiarium
1126 2327 1270 2392 ecclesiae
1280 2329 1393 2390 Antio·

303 2409 428 2489 menae,
453 2431 548 2495 quem
578 2413 665 2475 aiunt
689 2413 883 2497 dogmatibus
913 2411 1168 2476 Chalcedonensis
1190 2412 1314 2475 concilii
1336 2409 1392 2473 ad·

301 2506 467 2559 versutum.
510 2506 674 2579 praeterea
690 2497 853 2585 Olympius
899 2496 1003 2559 uidam
1024 2498 1164 2574 Arianos,
1187 2497 1260 2559 dum
1281 2496 1389 2557 inHe·

299 2578 481 2643 hanensium
502 2578 614 2643 balneo
638 2581 797 2643 lavaretur
819 2521 989 2645 crudeliter
1008 2580 1229 2662 blasphemans,
1250 2578 1391 2641 miserri-

299 2684 350 2725 me
372 2664 403 2725 iu
429 2684 466 2725 eo
486 2673 629 2725 mortuus
649 2672 710 2741 est,
733 2662 820 2748 qnod
839 2666 871 2725 in
891 2664 1025 2745 imagine
1045 2673 1091 2725 est
1111 2662 1279 2746 depictum.
1320 2662 1389 2725 Eu.

299 2745 462 2829 tychianns
486 2767 561 2809 vero
577 2744 716 2830 quidam,
732 2748 853 2829 primus
867 2745 1102 2823 diaetariorum,
1116 2748 1296 2809 muneribus
1316 2768 1390 2806 sna.

298 2848 348 2889 sus
371 2838 507 2891 erectam
527 2828 692 2910 imaginem
702 2830 841 2913 Olympii
862 2828 1026 2913 deposuit3
1049 2831 1105 2915 qui
1124 2830 1164 2893 ab
1185 2829 1301 2893 illudio
1319 2830 1389 2896 diro

303 2930 444 2995 corpore
465 2912 634 2974 tabefactus
651 2912 782 2975 interiit.

147 3054 174 3109 p.
187 3034 239 3091 220
259 3035 291 3089 11
383 3018 492 3081 Mundi
513 3036 594 3079 anno
618 3016 715 3098 5999,
737 3019 860 3083 divinae
880 3020 1101 3085 incarnationis
1121 3040 1204 3082 anno
1223 3013 1307 3098 499,
1327 3020 1389 3082 Fe·

300 3108 363 3165 stus
393 3114 521 3165 senator
552 3102 637 3163 urbis
657 3104 790 3182 Romae,
822 3104 926 3166 missus
965 3106 1005 3167 ad
1036 3106 1226 3168 Anastasium
1252 3102 1388 3185 propter

301 3184 449 3329 puasdam
470 3185 573 3247 civiles
595 3186 754 3266 utilitates,
777 3190 940 3250 memorias
970 3198 1149 3250 sanctorum
1170 3190 1388 3271 apostolorum

315 3270 467 3331 estivitate
486 3269 599 3331 maiori
626 3271 719 3351 petiit
746 3271 907 3349 celebrari,
929 3274 1015 3356 quod
1038 3284 1070 3334 et
1089 3282 1216 3335 tenetur
1235 3290 1333 3354 usque
1354 3270 1387 3329 in

301 3354 455 3433 praesens.
496 3350 694 3414 Macedonius
728 3366 832 3416 antem
851 3356 891 3418 ad
912 3357 1102 3417 Anastasium
1121 3358 1297 3417 Romanum
1316 3352 1387 3434 epi-

301 3456 431 3518 scopum
452 3434 633 3519 synodicum
654 3458 713 3519 per
732 3440 857 3500 Festum
877 3441 1003 3502 mittere
1016 3440 1122 3500 volens
1144 3438 1322 3521 prohibitus
1342 3445 1388 3497 est

302 3518 341 3580 ab
365 3519 564 3602 imperatore.
616 3540 716 3603 porro
752 3522 859 3585 Festus
885 3523 1043 3585 rediturus
1072 3526 1203 3585 Romam
1230 3518 1387 3603 pollicitus

301 3610 347 3663 est
369 3602 553 3685 imperatori
576 3604 732 3667 Anastasio
760 3607 949 3688 persuadere
975 3608 1130 3668 Anastasio
1160 3625 1261 3686 papae
1285 3604 1386 3664 Zeno-

204 3686 347 3779 p‚221nis
368 3688 515 3748 enoticon
538 3687 698 3769 recipere;
733 3712 827 3772 quem
858 3692 961 3751 vivum
978 3712 1042 3752 non
1065 3690 1221 3771 reperiens
1240 3684 1387 3766 corrupit

301 3790 360 3852 per
381 3771 525 3851 pecunias
549 3772 682 3851 multos,
719 3782 751 3833 et
774 3774 867 3854 elegit
895 3784 1022 3856 praeter
1042 3771 1296 3836 consuetudinem
1316 3771 1385 3831 Ro-

300 3874 466 3915 manorum
489 3852 668 3936 episcopum
681 3857 884 3918 Laurentium
903 3858 1067 3940 quendam,
1086 3856 1140 3939 qui
1160 3854 1321 3916 ordinatus
1340 3862 1386 3913 est

300 3934 339 3997 ah
361 3958 423 4021 una
445 3946 545 4020 parte.
590 3938 828 4001 orthodoxiorcs
842 3949 946 4001 autam
963 3948 1223 4003 consecraverunt
1245 3939 1386 4019 Symma-

299 4018 403 4097 chum,
423 4043 520 4083 unum
539 4044 575 4084 ex
590 4022 783 4086 diaconibus.
823 4022 897 4085 hinc
909 4046 985 4106 ergo
1006 4022 1198 4085 turbationes
1211 4023 1326 4083 multoc
1348 4040 1385 4078 ac

298 4102 461 4165 hominurn
479 4116 594 4186 strages
626 4114 657 4166 et
678 4106 808 4187 rapinae
831 4116 973 4189 patratae
1008 4118 1079 4169 sunt
1106 4128 1166 4188 per
1195 4126 1291 4169 anuos
1310 4114 1382 4176 tres,

299 4207 461 4271 usquequo
483 4186 625 4253 videlicet
636 4188 849 4254 Theudoricus
869 4191 1014 4275 princeps
1032 4202 1108 4256 tunc
1118 4192 1248 4254 Romam
1263 4198 1381 4261 tenens,
