3050 4900
505 395 558 456 EX
586 391 844 456 Theophanis.
1140 385 1211 454 123

138 557 214 622 tlarsl
234 557 422 622 unirentur:
445 561 575 624 lusserat
596 563 678 624 oraim
697 562 867 623 Mauricius
900 562 1007 621 loanni
1028 562 1215 641 Mustaconi,

137 643 270 724 magistro
304 644 438 705 militum
472 646 656 722 Armeniae,
691 647 834 728 accipere
865 643 988 704 militias
1021 653 1105 706 etse
1126 644 1215 705 Narsi

139 727 219 787 unire
237 726 358 808 pariter
376 736 488 789 contra
510 730 622 789 Buram
657 729 774 790 bellum
803 725 1022 791 constituendi.
1075 748 1134 809 per
1154 747 1216 787 no.

136 817 207 870 ctam
229 819 330 872 autem
352 821 385 874 et
407 812 514 873 unitae
536 820 609 874 sunt
628 813 788 874 Romanae
809 813 941 873 virtutes
964 819 995 872 et
1022 821 1135 872 contra
1154 811 1216 870 Ba.

136 913 194 953 ram
214 893 308 954 aciem
333 893 522 956 direxerunt.
563 915 666 977 porro
680 896 793 956 Buram
812 897 845 956 iu
868 905 975 957 monte
993 904 1094 955 castra
1115 902 1217 954 meta.

136 984 177 1034 tus
196 986 247 1050 est,
268 997 388 1059 pavore
412 977 565 1040 detentas.
618 999 752 1061 cumque
780 979 897 1040 bellum
922 977 1217 1061 gereretarhorri-

134 1057 199 1134 bile,
219 1062 326 1121 Narses
348 1059 461 1124 Indicis
497 1063 599 1125 bestiis
630 1063 821 1144 parvipensis
843 1061 977 1123 mediam
1006 1061 1217 1122 barbarorum

134 1141 264 1203 dissolvit
284 1143 486 1226 phalangem
509 1154 540 1207 et
562 1146 624 1209 hoc
643 1148 727 1207 facto
750 1155 873 1208 ceterae
893 1145 1144 1229 quoqueBaram
1168 1144 1217 1204 in·
1227 1159 1253 1212 p·
1263 1138 1315 1194 411

134 1226 265 1288 firmatae
285 1236 357 1287 sunt
381 1229 565 1310 phalanges,
596 1239 628 1292 et
650 1229 685 1289 fit
707 1250 819 1311 magna
840 1229 911 1310 iuga
933 1228 1069 1312 tyranni.
1111 1229 1219 1288 Narses

134 1329 202 1370 vero
221 1311 288 1372 sine
311 1309 372 1371 ulla
397 1311 572 1374 retentione
590 1319 780 1395 persequens
801 1312 909 1373 Persas
938 1310 1031 1374 caede
1050 1311 1219 1386 sternebat,

134 1400 226 1454 etsex
247 1393 332 1455 milia
368 1415 404 1456 ex
425 1395 471 1456 his
492 1404 582 1476 capta
614 1396 716 1457 vineta
740 1395 781 1457 ad
814 1395 974 1457 Cho'sroen
997 1393 1131 1457 adduxit.
1175 1401 1221 1454 ast

135 1474 279 1538 Chosroes
307 1499 415 1538 omnes
448 1499 600 1540 mucrone
622 1479 767 1562 peremit.
818 1475 978 1563 quotquot
998 1488 1102 1540 antem
1122 1477 1219 1538 Turci

134 1567 224 1636 erant,
247 1560 306 1620 hos
327 1559 366 1621 ad
389 1561 611 1640 imperatorem
625 1563 804 1646 Byzantium
826 1561 918 1622 misit.
942 1582 1013 1622 sane
1028 1583 1101 1623 cum
1121 1561 1220 1620 Turci

135 1661 233 1703 cruces
257 1642 411 1706 haberent
432 1645 463 1706 in
484 1646 603 1708 frontes
623 1656 778 1723 exaratas,
801 1645 1079 1727 interrogabantur
1099 1645 1138 1705 ab
1162 1644 1222 1703 irn-

129 1731 276 1805 'peratore
296 1749 437 1810 quonam
458 1727 553 1790 modo
576 1730 697 1812 signum
719 1729 834 1792 hocin
863 1729 970 1791 fronte
991 1733 1166 1809 portarent.
1186 1735 1221 1788 at

134 1828 202 1868 vero
229 1811 331 1871 Turci
369 1812 545 1874 asserebant
578 1823 648 1874 ante
681 1813 796 1874 multos
826 1833 922 1873 annos
953 1812 1159 1893 pestilentiam
1187 1809 1220 1870 in

133 1891 240 1954 'forcia
263 1895 400 1971 fuctum,
434 1905 466 1957 et
496 1896 646 1994 quosdam
668 1897 917 1958 Christianorum
937 1895 1000 1957 hoc
1020 1893 1221 1968 adinvenisse,

134 1982 162 2036 et
180 1975 251 2037 hinc
274 1976 353 2038 salus
374 1978 406 2039 iu
427 1987 530 2058 patria
548 1980 628 2041 facta
651 1988 704 2041 est.
720 2001 821 2063 porro
843 1981 993 2042 exercitus
1005 1981 1221 2041 Romanorum

133 2059 366 2122 tabernaculum
386 2062 498 2122 Baram
531 2073 562 2124 et
589 2062 834 2146 suppellectilem
861 2064 1046 2145 accipientes
1068 2083 1140 2123 cum
1159 2060 1222 2122 ele·

134 2141 297 2222 pluentibus
329 2145 504 2206 attulerunt
538 2145 683 2210 Chosroi.
725 2149 839 2208 Buram
869 2156 972 2208 autera
994 2147 1033 2206 ud
1054 2146 1222 2207 interiores

133 2235 230 2306 partes
253 2225 389 2288 Persidis
413 2229 516 2310 fugam
538 2231 621 2307 iecit,
644 2231 741 2293 etsie
763 2251 875 2292 eorum
896 2229 1076 2291 dissolvitur
1095 2229 1221 2290 hellam.
1304 2250 1308 2263 ·

134 2307 231 2392 itaque
248 2310 406 2375 Chosrocs
427 2333 536 2394 magna
551 2315 686 2375 victoria
706 2313 915 2377 circumdatus
927 2312 1040 2375 solium
1058 2333 1149 2373 suum
1170 2331 1224 2373 re-

136 2395 221 2475 cepit.
266 2415 377 2457 verum
403 2397 511 2458 Narses
542 2394 699 2460 rediturus
722 2397 760 2459 ad
786 2397 919 2479 propria
944 2396 1076 2459 Chosroi
1102 2395 1226 2459 dicebat

134 2480 276 2540 “memor
296 2480 345 2555 sis,
367 2478 536 2557 Chosrces,
564 2481 734 2562 praesentis
762 2481 838 2541 diei:
857 2481 991 2559 Romani
1012 2480 1070 2539 tihi
1093 2498 1225 2560 regnum

136 2560 287 2623 donant.”
341 2562 443 2624 atille
465 2564 696 2625 fraudulentam
717 2563 904 2624 occisionem
923 2572 1072 2639 metucns,
1095 2560 1188 2643 petiit
1208 2559 1326 2633 antra

134 2644 287 2707 Mauricio
307 2645 392 2707 mille
412 2647 566 2708 Romanos
600 2648 632 2707 iu
654 2646 828 2707 custodiam
850 2647 896 2708 sui
915 2644 1080 2707 habendos.
1123 2664 1224 2726 porro
1294 2676 1297 2681 ·

135 2728 304 2790 Mauricius
326 2742 398 2789 cum
417 2728 616 2793 dilectionem
636 2729 767 2792 baberet
796 2751 870 2812 erga
890 2730 1061 2791 barbarum
1086 2727 1226 2809 maltam,

133 2812 377 2890 postulationem
398 2812 462 2875 eius
482 2815 665 2899 complevit,
686 2813 795 2899 sicque
814 2814 974 2876 Persicum
992 2813 1229 2875 Romanorum·-

135 2914 193 2975 que
213 2896 336 2966 bellam
357 2896 495 2959 cessavit.

212 3018 327 3083 Mundi
347 3018 533 3099 annocum,
554 3018 677 3083 divinae
699 3020 921 3085 incarnationis
942 3041 1024 3084 enno
1038 3019 1110 3100 582,
1131 3040 1229 3082 coro-

136 3111 223 3163 natas
247 3111 296 3165 cst
314 3106 510 3167 solemnitate
534 3104 669 3185 paschali
681 3104 963 3169 Theodosiushlius
975 3104 1120 3167 Mauricii
1140 3126 1159 3165 a
1175 3105 1229 3167 lo-

134 3206 212 3249 anne
235 3186 422 3271 patriarcha
444 3187 808 3271 Constantinopolitano.

217 3310 344 3375 Eodem
382 3332 511 3397 quoque
551 3332 633 3373 anno
662 3313 837 3395 imperator
870 3312 1040 3374 Mauricius
1071 3308 1231 3373 ecclesiam

132 3404 319 3473 sauctorum
349 3395 556 3480 quadraginta
581 3407 778 3481 martyrum,
811 3400 905 3479 qnam
933 3396 1041 3477 coepit
1067 3393 1245 3457 aedificare*

132 3475 292 3556 Tiberius,
313 3480 547 3543 consummavit.
589 3478 710 3542 interea
728 3502 800 3542 cum
820 3479 978 3564 profunda
988 3479 1151 3542 Orientem
1171 3497 1232 3558 pax

132 3571 337 3645 occupasset,
365 3562 483 3625 bellum
521 3564 606 3625 circa
632 3563 796 3647 Europam
824 3565 991 3626 Avaricum
1022 3561 1232 3637 incumbebat,

133 3641 274 3788 {leupus
300 3645 477 3729 imperator
507 3654 687 3731 potentatus
720 3648 760 3709 ab
787 3648 917 3712 Oriente
936 3648 969 3709 ia
991 3645 1145 3709 Thracem
1163 3652 1233 3705 tra·

157 3748 236 3789 uxr.

220 3840 315 3897 Anno
344 3837 468 3921 imperii
499 3838 546 3898 sui
567 3858 673 3915 nono,
698 3858 770 3899 curn
796 3858 853 3899 ver
881 3838 1036 3919 inciperet
1057 3844 1089 3899 et
1111 3832 1234 3919 agmina

132 3920 352 3997 pervenissent
380 3922 419 3983 ad
444 3920 620 3999 Thracem,
647 3920 741 3983 exivit
769 3943 840 3982 cum
862 3920 904 3983 eis
925 3920 1093 3982 Mauricius
1125 3918 1235 3979 videre

134 4020 218 4079 quae
241 4024 262 4061 a
281 4002 425 4066 barbaris
445 4014 544 4066 ament
567 4024 683 4067 eversa.
732 4007 868 4088 Angusta
898 4024 974 4067 vero
999 4014 1031 4063 et
1054 4000 1233 4083 patriarcha
1242 4027 1270 4081 p.
1283 4001 1337 4062 413

135 4090 166 4142 et
186 4095 315 4147 senatus
338 4088 490 4171 rogabant
512 4088 734 4169 imperatorem
758 4110 797 4149 ne
811 4108 870 4169 per
881 4094 977 4149 semet
997 4086 1097 4169 ipsum
1117 4084 1235 4147 bellum

135 4164 254 4246 iniret,
275 4170 328 4231 sed
357 4172 462 4253 potius
495 4170 527 4232 id
562 4170 703 4253 praetori
732 4174 954 4233 committeret.
995 4178 1042 4231 ast
1061 4170 1235 4250 imperator

136 4268 202 4312 non
232 4254 401 4337 acquievit.
453 4264 583 4319 excunte
614 4262 718 4319 autem
739 4276 778 4319 eo
806 4253 846 4315 sd
866 4255 1041 4337 Septimum
1062 4252 1133 4317 solis
1157 4250 1234 4314 ecli-
