3050 4900
496 392 548 453 ax
584 378 842 456 rsaaoraar'sa.
1146 389 1216 459 195

124 552 228 633 mittit,
253 564 286 617 et
300 554 382 617 arari
405 564 498 639 atque
511 557 551 618 ad
571 560 772 639 pavivcntam
790 559 866 621 illidi
883 562 1042 623 universos
1054 584 1152 646 usquo
1175 562 1215 623 ad

122 643 311 719 mingentem
332 642 371 701 ad
386 643 537 721 parietem
562 644 658 702 iussit.
703 642 872 705 audierunt
891 645 967 705 bace
990 647 1043 728 qni
1065 658 1157 708 erant
1179 668 1215 707 ex

121 725 227 783 castris
253 724 320 799 illis,
344 734 448 785 etsese
468 726 657 801 munierunt,
681 729 845 809 coactique
857 739 971 789 contra
990 731 1215 810 imperatorem

120 828 230 887 sapere
251 808 403 867 miserunt
426 808 464 867 ad
488 810 658 891 choganum
686 812 716 870 in
731 809 926 888 chazariam,
948 820 1088 893 petentes
1109 834 1216 895 popu-

121 892 182 949 lum
204 888 244 949 ad
265 890 436 950 custodiam
457 894 513 953 sni.
567 912 678 954 reram
701 895 782 955 iuter
802 894 879 955 haec
900 895 1034 976 erigitur
1057 905 1089 955 et
1112 896 1214 957 llclias

119 972 312 1053 spartharius
335 984 366 1035 et
394 976 548 1038 Bardaues
570 977 648 1053 exul,
680 978 732 1059 qui
754 987 830 1037 tune
852 978 954 1039 fuerat
974 1001 992 1039 a
1015 978 1212 1060 Cephallenia
1223 988 1317 1060 pbcd

120 1066 283 1117 revocatus
304 1068 435 1141 eratque
460 1058 647 1120 cumulasse
676 1061 760 1141 apud
785 1060 985 1123 chersonem.
1026 1082 1129 1143 porro
1154 1064 1213 1122 im.

12 1148 13 1153 ’
119 1150 252 1221 perator
272 1140 319 1202 bis
342 1142 472 1223 cognitis
494 1144 575 1203 misit
596 1144 790 1226 campaneis
816 1144 1020 1205 dromonibus
1042 1146 1214 1228 Georgium

119 1224 287 1303 patricium
308 1236 517 1307 cognomento
540 1226 670 1309 Syrum,
703 1237 736 1288 et
764 1226 937 1369 generalem
960 1229 1161 1309 logothetam,
1181 1238 1213 1291 et

119 1308 267 1368 loannem
281 1310 492 1388 praelectum,
514 1318 609 1393 atque
620 1310 767 1391 Christop
790 1332 882 1371 oram
895 1310 1095 1373 turmarchen
1108 1313 1213 1373 Thra.
1248 1332 1252 1343 ¹

118 1393 255 1451 censium
269 1412 340 1452 cum
355 1403 531 1453 tercentum
543 1395 678 1469 armatis,
691 1396 815 1455 tradens
827 1394 1047 1455 eisTudunum
1061 1416 1098 1455 ac
1109 1396 1213 1457 Zohe-

118 1474 192 1550 lum,
208 1475 263 1556 qai
278 1474 427 1537 deberent
437 1474 586 1537 clsersoni
603 1477 734 1555 restitui,
752 1477 922 1539 secundum
936 1476 1022 1559 quod
1037 1486 1126 1539 antea
1139 1480 1212 1539 fne-

119 1568 201 1637 rant,
222 1558 260 1618 ad
275 1560 429 1621 rationem
443 1559 631 1623 reddendam
652 1562 791 1641 chagano
813 1581 872 1641 per
887 1560 1132 1642 apocrisiarium,
1150 1562 1211 1622 du.

118 1640 297 1724 candorque
316 1642 354 1702 ad
366 1665 397 1705 sc
405 1643 524 1704 Heliam
538 1654 632 1727 atque
641 1643 843 1704 Bardanium.
864 1645 976 1726 quibus
991 1647 1213 1705 transmeanti-

117 1724 173 1784 bus
190 1724 222 1786 ia
236 1724 434 1799 Chersonem,
458 1727 504 1789 his
517 1727 718 1789 Chersonitae
733 1728 886 1788 rationem
901 1728 1034 1788 reddere
1053 1727 1212 1811 dedignati

117 1818 199 1868 sant
244 1810 275 1868 ia
304 1811 472 1870 crastinum
505 1830 581 1871 vero
604 1810 684 1871 solos
714 1811 771 1871 bos
799 1812 880 1872 cives
910 1810 1033 1893 ingredi
1056 1810 1212 1873 exhortati

118 1900 227 1973 portas
249 1892 434 1970 clauserunt,
456 1903 488 1955 et
501 1896 674 1975 generalem
697 1894 825 1976 quidem
845 1894 1036 1976 logothetam
1055 1915 1116 1955 uua
1140 1916 1213 1955 cum

118 1974 281 2055 praelecto
302 1975 405 2059 gladio
431 1977 640 2052 trucidarant,
660 1976 830 2039 Tuduanm
859 1998 937 2038 vero
959 2000 1030 2039 casn
1042 1978 1159 2040 Zobelo
1181 1988 1213 2039 et

118 2059 178 2117 iam
204 2058 290 2119 dicto
315 2059 494 2120 turmarcha
525 2082 586 2121 una
619 2080 691 2121 cum
720 2060 870 2125 trecentis
897 2050 1047 2123 militibus
1069 2061 1213 2123 clansoris

119 2140 322 2202 tradiderant
350 2154 381 2216 et
415 2146 454 2205 ad
484 2144 656 2226 choganum
687 2145 814 2207 mittere
831 2152 1031 2218 curaverunt.
1074 2147 1213 2207 Tndano

121 2236 226 2285 autern
244 2226 275 2284 in
299 2226 411 2289 itinero
431 2236 579 2305 mortno,
601 2228 731 2289 Cbaaari
760 2229 791 2288 in
813 2229 1038 2310 susceptionem
1060 2250 1132 2290 eum
1155 2249 1212 2288 oc.

121 2308 269 2368 ciderunt
289 2310 503 2371 tnrmarchcm
535 2333 596 2371 ussa
622 2334 693 2373 cum
713 2310 776 2373 300
805 2312 963 2372 militibus.
1004 2321 1082 2372 tunc
1101 2312 1134 2372 hi
1156 2313 1211 2394 qui

117 2392 286 2453 chersonis
311 2402 400 2456 erant
422 2402 664 2478 ceterorumque
684 2406 872 2470 castrorum,
894 2396 1062 2455 lastiniano
1085 2394 1212 2478 quidem

116 2475 198 2536 mala
222 2479 383 2558 imprecati
402 2486 493 2556 sunt,
513 2479 703 2539 Bardanium
732 2499 808 2539 sero
830 2478 1050 2560 Philippicnm‚
1072 2481 1126 2560 qui
1148 2477 1211 2537 illic

117 2559 224 2620 luerat
244 2559 335 2621 exilio
355 2560 519 2642 relegatus,
542 2564 635 2622 etiam
658 2572 694 2623 ut
714 2563 938 2642 imperatorem
960 2559 1099 2620 laudibus
1120 2567 1210 2622 estu.

118 2643 234 2704 larunt.
278 2643 322 2702 lais
343 2645 509 2724 compertis
543 2643 749 2724 lastinianus,
783 2654 815 2705 et
835 2643 1024 2724 peramplius
1049 2641 1308 2724 insaniemus&

12 2799 13 2804 η
116 2727 198 2785 salios
222 2727 348 2808 quidem
378 2728 484 2788 Heliae
513 2729 660 2810 spatharii
689 2729 722 2788 in
750 2729 857 2788 matris
879 2729 947 2787 sinu
967 2727 1109 2808 peremit,
1127 2726 1210 2789 hane

117 2823 222 2870 autem
248 2811 351 2892 coegit
385 2811 531 2894 coniungi
551 2814 685 2893 proprio
707 2831 823 2895 coquo,
857 2812 910 2894 qui
934 2819 1001 2871 erat
1020 2831 1134 2891 genere
1156 2812 1210 2870 ln.

117 2894 182 2952 dus.
228 2893 334 2976 sicque
357 2893 417 2954 alio
440 2896 564 2976 navigio
586 2903 768 2957 constructo
792 2897 935 2954 Maurum
958 2895 1124 2975 patricium
1147 2895 1211 2955 Be-

115 2997 180 3036 sum
208 2975 325 3059 dirigit,
348 2977 469 3038 traditis
489 2979 530 3039 eis
552 2978 590 3038 ad
609 2979 771 3039 civitatum
781 2979 1039 3060 expugnationem
1059 2976 1209 3039 machinis

116 3069 144 3118 et
166 3059 268 3120 ariete
291 3062 438 3148 omnique
457 3061 496 3122 ad
521 3061 606 3122 urbis
638 3062 856 3123 erterminium
882 3061 1100 3136 instrumento,
1118 3082 1209 3120 man.

116 3143 190 3204 dans
213 3143 257 3203 illi
279 3165 384 3205 maros
405 3147 530 3228 quidem
553 3143 717 3207 Chersonis
739 3165 926 3227 omnemque
946 3143 1057 3205 urbem
1080 3143 1120 3203 ad
1143 3149 1210 3204 ter·

115 3249 182 3287 ram
207 3237 433 3308 prosternere,
463 3230 577 3289 nnllam
609 3249 686 3290 vero
720 3230 855 3289 animam
883 3248 919 3288 ex
950 3228 1016 3308 ipsa
1037 3225 1208 3301 vivificare,

114 3311 321 3394 crebriusque
343 3335 423 3394 quae
444 3336 462 3372 a
475 3324 687 3392 seagerentur
701 3311 949 3396 suggestionibus
971 3311 1125 3375 intimare.
1148 3308 1210 3370 boc

114 3403 220 3456 eastern
246 3403 475 3472 transmeante,
505 3417 628 3480 perque
649 3397 778 3457 arietem
800 3405 922 3454 turrem
944 3415 1024 3476 quae
1047 3391 1211 3455 dicebatur
1302 3449 1305 3454 .

115 3478 334 3552 centinarisia,
362 3479 503 3540 simulet
534 3479 708 3561 proximam
731 3479 796 3539 cius
817 3479 970 3560 Syagrum
990 3487 1135 3539 vocatam
1155 3475 1211 3536 de-

114 3573 272 3642 ponente,
317 3563 522 3646 cbaznrisque
551 3563 804 3645 pervenientibus
831 3564 931 3622 factae
960 3569 1033 3620 sant
1071 3559 1210 3622 indutiae

115 3645 201 3706 belli.
244 3645 414 3707 bardanius
436 3655 539 3708 autem
560 3647 678 3728 lugiens
699 3645 738 3706 nd
759 3645 1113 3725 chaganumspergebat.
1136 3651 1208 3702 cuni

113 3747 190 3788 vero
215 3727 351 3791 inefficax
372 3733 468 3792 stolus
489 3731 616 3792 effectus
638 3728 677 3791 ad
698 3729 922 3810 imperatorem
947 3749 1087 3788 remeare
1107 3726 1211 3786 minus'

12 3863 13 3870 ,
114 3811 256 3890 auderet,
281 3814 482 3876 lastinianum
497 3814 624 3897 quidem
644 3814 776 3876 execrati
800 3821 882 3887 snat,
895 3809 1083 3872 Bardasium
1103 3817 1209 3869 autem

113 3902 148 3953 at
168 3896 393 3976 imperatorem
428 3907 460 3960 et
491 3899 549 3979 ipsi
570 3897 714 3959 laudibus
737 3895 924 3957 extulerant
966 3902 1129 3976 praeterea
1149 3911 1208 3970 pe-

113 3981 234 4040 tierunt
256 4002 272 4039 a
297 3980 435 4064 chagano
469 3987 515 4042 uti
547 3982 637 4044 daret
664 3981 723 4042 sibi
743 3977 963 4062 Philippicum.
1007 3996 1108 4058 porro
1129 3973 1209 4035 eha-

113 4083 195 4140 gano
214 4063 347 4125 verbum
369 4066 408 4126 ab
440 4065 498 4126 illis
520 4065 668 4146 exigente,
692 4085 730 4126 ne
759 4061 952 4145 proderetur
975 4059 1013 4120 ab
1034 4059 1076 4120 eis
1096 4067 1128 4119 et
1149 4057 1207 4118 de-

112 4143 254 4206 ferretur
284 4149 312 4208 ei
343 4167 402 4230 per
430 4167 683 4230 unamquemque
711 4148 816 4207 virum
846 4145 995 4205 numisma
1024 4163 1139 4219 unum,
1161 4138 1207 4201 illi

111 4228 258 4307 protinus
281 4231 326 4293 lais
348 4232 427 4294 datis
444 4238 634 4315 acceperunt
647 4229 856 4314 Philippicas·
877 4227 1112 4311 imperatorem·
1131 4245 1240 4302 camp.
1253 4223 1309 4284 ⁵82
