3050 4900
315 386 384 464 reo
461 398 672 470 mascam
702 363 898 466 numam
930 397 1240 468 accumusnca

309 597 454 662 pugnam.
497 587 571 640 orto
602 587 704 640 autem
725 582 808 657 sole,
830 589 861 642 et
888 581 1081 663 imperatore
1101 580 1141 642 ad
1161 579 1327 642 Orientem
1348 601 1402 643 ro·

308 672 410 740 pecto,
434 663 539 724 Persas
563 662 782 725 obtenebravit
803 665 906 726 radius
929 686 1022 746 quem
1040 664 1217 725 adorabant
1237 675 1272 726 ct
1297 663 1401 732 (lcum.

308 743 483 826 imperator
503 753 608 808 aulem
631 747 718 808 finxit
739 749 894 829 populum
923 767 1013 808 suum
1041 748 1126 831 quasi
1148 749 1179 807 in
1201 747 1305 828 fugam
1323 769 1399 810 rer.

306 850 383 889 sum.
427 836 459 888 at
479 827 523 890 illi
542 831 695 891 solventes
712 829 875 912 phalanges
893 831 947 891 bos
967 833 1033 892 sine
1054 832 1233 892 retentione
1252 833 1399 913 persequi

307 910 530 973 existimabant.
575 915 716 974 conversi
738 935 814 994 ergo
835 915 967 976 Romani
988 912 1044 975 bos
1070 935 1107 974 ac
1131 935 1173 974 co
1196 912 1301 974 animo
1323 934 1400 976 rer·

200 1015 229 1072 p.
245 1000 297 1058 471
307 1001 433 1071 lerunt,
456 1016 492 1056 ex
525 996 569 1056 his
591 999 693 1056 mullis
714 998 894 1078 peremptis.
949 997 1112 1080 insequent
1164 1005 1268 1058 autem
1289 1017 1343 1059 cos
1364 997 1399 1056 iu

305 1085 456 1150 montem,
477 1079 508 1138 in
529 1080 715 1162 praecipitia
738 1089 770 1140 et
793 1078 859 1140 loca
882 1079 972 1142 devia
992 1081 1195 1156 immiserunt,
1215 1083 1335 1142 cunctis
1357 1077 1400 1140 it.

303 1160 338 1222 lis
361 1162 515 1224 contritis.
544 1164 681 1225 interea
702 1164 887 1246 praecipitia
908 1185 982 1226 vero
1004 1164 1101 1224 instar
1119 1183 1289 1244 caprarum
1307 1161 1399 1226 silve·

302 1246 412 1306 striom
435 1245 650 1307 morabantur.
702 1246 815 1308 multos
848 1257 953 1308 autem
973 1247 1066 1308 etiam
1087 1247 1224 1309 virentes
1246 1267 1397 1329 compre-

301 1327 490 1390 henderunt.
513 1335 666 1412 ceperunt
686 1351 815 1414 quoque
835 1339 867 1391 et
888 1330 1003 1392 lacrum
1024 1330 1195 1392 exercitum
1217 1337 1250 1390 et
1270 1351 1397 1392 omnem

299 1411 544 1494 suppellectilem
567 1413 718 1496 ipsorum.
762 1433 864 1496 porro
879 1413 1012 1476 Romani
1035 1411 1164 1476 extensis
1189 1411 1221 1473 in
1242 1412 1396 1475 excebum

300 1495 441 1558 munibus
477 1493 535 1556 deo
569 1497 684 1579 gratias
706 1495 894 1574 referebant,
922 1504 954 1559 et
976 1517 1037 1579 pro
1059 1498 1263 1580 imperatore,
1285 1496 1341 1580 qui
1360 1515 1396 1560 se

298 1579 378 1640 bene
406 1587 601 1661 portaverat,
625 1578 840 1642 indeficienter
860 1581 1004 1641 orabant.
1046 1582 1101 1664 qui
1120 1579 1204 1642 enim
1224 1587 1316 1642 numa
1334 1599 1394 1640 nce

297 1659 460 1724 Persicum
488 1663 646 1724 audebant
675 1663 785 1725 videre
812 1663 990 1748 pulverem,
1020 1685 1102 1725 nunc
1127 1664 1257 1725 immota
1280 1683 1394 1726 coruus

298 1745 422 1806 inventa
444 1745 646 1808 tabernacula
673 1746 820 1828 spoliant.
868 1748 936 1832 quis
959 1748 1043 1810 enim
1069 1745 1208 1832 speravit
1225 1747 1393 1808 Persarum

297 1827 533 1912 inexpugnabile
553 1849 647 1912 genus
669 1829 762 1892 dorsa
783 1829 933 1893 datorum
962 1851 1003 1891 un
1030 1853 1101 1893 uam
1121 1830 1289 1894 Romanis?
1331 1831 1392 1890 ita·

295 1933 357 1995 que
375 1913 550 1997 imperator
571 1913 707 1976 exercitu
729 1935 802 1974 cum
822 1923 971 1996 praetore
990 1853 1030 1978 ad
1052 1912 1251 1978 biemandum
1273 1912 1305 1974 ia
1325 1918 1391 1976 An·

294 1997 395 2057 menia
420 1996 570 2058 derelicto
595 1996 605 2056 i
628 2017 659 2058 se
681 1997 867 2082 Byzantium
887 1999 993 2063 rediit.

375 2079 484 2139 Mundi
506 2101 587 2140 anno
602 2017 695 2157 dut,
720 2080 845 2144 divinae
865 2079 1088 2144 incarnationis
1111 2073 1278 2156 aanofill,
1302 2099 1388 2141 auno

291 2160 415 2242 imperii
438 2163 486 2223 sni
507 2159 546 2224 13
568 2164 728 2227 Heraclius
748 2166 909 2247 profectus
931 2187 949 2226 a
972 2163 1058 2248 regia
1080 2163 1161 2225 urbe
1187 2163 1334 2224 celeriter
1353 2161 1389 2224 iu

292 2245 469 2306 Armeniam
490 2250 688 2330 properavit.
742 2250 896 2311 Chosroea
918 2259 1022 2311 autem
1042 2247 1209 2308 Persarum
1230 2265 1284 2308 rex
1303 2245 1389 2308 matt

188 2355 215 2408 p.
228 2333 281 2390 472
291 2327 487 2390 Sarbanazan
508 2351 579 2392 cum
601 2331 738 2394 exercitu
756 2353 814 2393 suo
828 2333 859 2393 in
871 2334 1086 2395 Romanorum
1108 2339 1227 2392 terram
1239 2327 1387 2390 iuuandi.

289 2411 450 2477 Heraclius
472 2423 576 2477 autem
596 2415 751 2479 scribebat
773 2415 814 2479 ad
826 2415 987 2479 Chosroen
1009 2425 1045 2477 ut
1065 2421 1120 2475 aut
1142 2433 1252 2497 pacem
1271 2413 1389 2495 amplc-

289 2505 439 2575 oreretur,
466 2510 520 2561 act
541 2501 686 2561 resciret
706 2520 779 2563 cum
799 2503 938 2563 exercitu
965 2522 1022 2563 sno
1042 2498 1203 2560 Persidem
1231 2498 1387 2577 ingressu-

289 2602 370 2645 rum.
392 2582 545 2646 Chosroes
559 2594 663 2646 autem
678 2604 735 2645 nec
746 2604 856 2667 pacem
869 2583 1117 2667 amplectebatur
1132 2602 1190 2643 nec
1202 2600 1311 2642 verum
1323 2579 1386 2641 He.

289 2666 376 2728 raclii
397 2686 574 2729 sermonem
595 2668 835 2731 arbitrabaturs
866 2688 929 2728 non
954 2668 1038 2728 cuim
1058 2666 1174 2727 audere
1195 2664 1281 2725 illum
1302 2662 1384 2725 Per-

286 2750 344 2809 sidi
367 2752 626 2833 appropinquare
641 2751 787 2832 putabat.
829 2772 903 2814 sane
924 2751 1099 2833 imperator
1121 2749 1160 2809 12
1181 2744 1383 2809 calendarum

287 2834 440 2895 Maiarum
465 2833 616 2915 ingressus
642 2842 688 2894 ert
716 2834 886 2897 Persidem.
943 2854 1007 2918 quo
1033 2832 1186 2893 Chosroes
1212 2839 1381 2911 comperto

288 2916 486 2985 Sarbanazan
510 2916 627 2977 reverti
649 2916 746 2996 iussit,
772 2926 804 2979 et
824 2918 960 2981 collectis
982 2938 1017 2979 ex
1036 2925 1105 2977 tota
1117 2912 1245 2977 Perside
1264 2911 1381 2974 militiis

288 2998 366 3070 suis,
391 3010 423 3061 et
450 2997 572 3059 traditis
594 3000 753 3078 cissam,
783 3001 935 3065 velociter
955 2999 1087 3062 adunari
1113 3020 1163 3061 eas
1185 2996 1381 3059 Sarbauaaaa

289 3082 386 3159 iussit,
409 3092 441 3143 et
462 3084 506 3143 ita
528 3090 638 3144 contra
660 3083 883 3167 imperatorem
908 3084 1096 3169 procedere.
1137 3080 1298 3142 Heraclius
1320 3100 1380 3140 au.

287 3176 349 3227 tem
373 3164 527 3227 advocato
551 3167 688 3227 exercitu
709 3188 766 3229 suo
784 3170 886 3231 verbis
898 3164 1120 3229 exhortatoriis
1142 3165 1294 3225 incitabat
1314 3182 1379 3240 cos,

286 3250 390 3311 dicens
405 3249 485 3309 “viri
500 3251 619 3327 fratres,
634 3250 683 3312 dei
698 3253 841 3313 timorem
852 3254 883 3314 in
898 3260 1033 3313 mentem
1044 3270 1215 3320 cumanam
1231 3246 1381 3308 iniuriam

285 3334 350 3395 eius
374 3334 537 3415 requirere
553 3344 733 3415 satagamus.
774 3346 887 3398 stemus
908 3335 1038 3396 fortiter
1057 3332 1204 3395 adversus
1227 3329 1380 3407 inimicos,

284 3418 339 3499 qni
362 3418 459 3477 multa
480 3416 548 3478 dira
563 3418 595 3477 in
607 3418 788 3481 Christianis
809 3419 935 3501 operati
954 3425 1037 3481 sunt.
1053 3414 1382 3478 revereamcrlloma-

285 3520 399 3560 norum
419 3500 598 3582 imperium,
621 3502 708 3585 quod
728 3501 776 3563 sui
797 3503 891 3584 ipsius
912 3512 944 3564 et
965 3522 1030 3563 non
1052 3501 1178 3562 alterius
1209 3508 1256 3563 est
1277 3495 1380 3559 domi·

285 3584 327 3659 ni,
352 3591 383 3643 et
406 3593 518 3645 stemus
541 3582 684 3645 adversus
718 3584 821 3647 hostes
851 3585 953 3668 impiis
976 3584 1044 3648 telis
1064 3589 1213 3645 amatos.
1263 3580 1380 3641 indua.

284 3688 351 3727 mas
380 3666 471 3728 fidem
512 3668 790 3749 interemptionem
827 3666 1107 3751 interemptricem.
1168 3663 1378 3746 recogitem&

286 3748 359 3834 quia
383 3751 465 3811 intra
485 3753 652 3815 Persarum
673 3760 793 3814 terram
814 3752 1019 3828 consistimus,
1044 3760 1076 3812 et
1095 3750 1200 3833 iugens
1218 3749 1293 3831 fuga
1315 3766 1380 3827 pc-

286 3834 419 3895 ricnlum
448 3837 520 3901 fert.
580 3833 770 3898 vindicemus
804 3837 1025 3919 corruptiones
1063 3832 1229 3917 virginum.
1277 3829 1378 3891 recisa

187 3928 276 4003 p.473
285 3920 533 3981 commilitonum
563 3918 702 3981 membra
728 3928 911 3983 nostrorum
937 3919 1077 3981 videntes
1098 3916 1246 3979 cordibus
1266 3912 1379 3977 dote·-

284 4024 360 4063 mus.
406 4023 470 4064 non
488 4012 560 4065 sunt
581 4000 659 4063 haec
676 4003 796 4065 nullam
809 4004 836 4079 *l
853 4002 1030 4067 mercedem
1040 4000 1197 4078 babentia,
1215 3996 1270 4062 sed
1292 3995 1379 4058 ritae

207 4116 209 4122 2
283 4086 428 4167 perennis
448 4086 598 4168 praemia.
658 4096 772 4149 stemus
799 4087 953 4163 viriliter,
972 4094 1008 4148 et
1025 4082 1170 4147 dominus
1190 4080 1265 4145 deus
1284 4078 1378 4142 nabis

284 4170 521 4253 cooperabitur,
540 4179 573 4233 et
593 4168 708 4254 perdet
725 4172 866 4234 inimicos
882 4172 1038 4233 nostras.''
1079 4184 1216 4252 cumque
1237 4165 1377 4247 impera·

317 4294 341 4363 ')
356 4292 464 4345 nullam
480 4293 502 4347 ἲ
517 4310 568 4367 pro
588 4294 680 4347 ullam.
