3050 4900
253 347 303 416 30
416 347 625 415 Anastasis
657 348 853 412 HISTORIA
881 345 1191 415 ECCLFSthTlCh

252 524 329 588 ergo
354 503 556 586 impugnator
576 502 627 564 dei
648 503 680 563 in
705 502 887 586 primordiis
908 501 1104 586 praedicatus
1126 505 1159 565 in
1181 503 1344 588 apostolo..

254 609 324 650 rum
346 587 515 650 occisiones
538 587 634 648 elatus
656 594 719 648 est:
756 609 829 648 uam
847 588 959 648 Paulus
979 585 1063 670 apud
1084 588 1194 649 urbem
1213 589 1346 650 Romam

252 671 355 755 capite
377 679 549 746 truncatus,
565 671 676 733 Petrus
696 679 801 732 antem
822 671 930 732 eculeo
952 681 998 733 est
1017 671 1208 754 suspensus.''
1250 693 1346 755 qnam

250 755 413 818 historiam
442 754 624 816 credibilem
648 753 753 816 reddit
774 754 864 815 Pauli
893 753 1044 838 Petrique
1075 757 1233 839 narratio,
1265 777 1347 840 quae

250 839 401 923 usquein
423 859 566 920 praeseus
595 838 627 898 iu
656 838 851 901 coemeteriis
881 836 945 898 illic
964 838 1072 919 positis
1091 839 1258 904 retinetur.
1298 837 1347 900 his
1378 884 1382 890 ·

249 923 345 986 etiam
364 922 453 982 Caius
476 922 665 999 historicus,
688 922 738 983 vir
757 920 999 998 ecclesiasticus,
1021 921 1129 984 similia
1149 923 1270 1000 scribit,
1289 923 1347 1006 qui

250 1029 323 1070 eum
344 1005 523 1090 zephyrino
546 1005 694 1089 episcopo
717 1005 859 1066 Romano
879 1004 1025 1066 adversus
1042 1007 1199 1090 quendam
1220 1009 1346 1069 Procu-

251 1093 316 1152 lum
338 1091 569 1174 Cataphrygam
595 1087 751 1172 disputans
774 1087 851 1150 dicit
877 1092 958 1170 “ego
979 1097 1113 1172 tropaea
1130 1090 1347 1174 apostolorum

152 1172 362 1251 r-fitthabm,
384 1195 464 1258 quae
487 1171 670 1235 ostendam:
699 1171 831 1234 sienim
857 1172 992 1234 volueris
1021 1193 1155 1257 pergere
1176 1175 1224 1236 via
1247 1173 1345 1257 regali

250 1280 332 1342 quae
350 1255 389 1318 ad
412 1257 598 1320 Vaticanum
620 1254 716 1334 ducit,
737 1254 853 1317 autad
880 1254 962 1317 viam
981 1256 1185 1337 hostiensem,
1207 1259 1346 1320 invenies

248 1351 381 1424 tropaea
401 1362 513 1403 eorum
534 1341 589 1423 qui
605 1340 685 1402 hane
699 1339 897 1402 stabilierunt
911 1339 1098 1402 ecclesiam.’'
1139 1340 1186 1404 his
1206 1363 1345 1404 consona

249 1435 281 1487 ct
293 1423 461 1508 Dionysius
472 1423 652 1486 Corinthius
676 1421 797 1500 scribit,
817 1421 956 1484 indicans
970 1423 1057 1507 quod
1077 1445 1135 1507 per
1158 1425 1241 1488 idem
1262 1435 1346 1487 tem.

247 1529 306 1592 pus
327 1507 521 1592 martyrizati
534 1508 671 1584 luerunt,
694 1505 738 1568 ita
756 1503 861 1568 dicens
883 1506 958 1588 “sed
980 1516 1012 1569 et
1024 1527 1079 1569 vos
1093 1509 1241 1572 hahentes
1255 1531 1344 1571 eom-

246 1592 420 1655 motionem
442 1614 460 1654 a
480 1593 579 1654 Petro
608 1601 641 1653 et
669 1589 769 1652 Paulo
798 1588 1025 1672 plantationem
1043 1591 1202 1672 Romanae
1225 1601 1257 1654 et
1279 1593 1344 1652 Co.

249 1675 439 1738 rinthiorum
462 1675 609 1738 ecclesiae
631 1671 841 1734 coniunxistis.
892 1675 1008 1736 etenim
1035 1673 1344 1739 simul‘advanienses

246 1767 278 1822 ct
301 1759 333 1820 in
357 1768 464 1821 nostra
476 1755 716 1820 Corinthiorum
737 1756 866 1820 eeclesia
887 1757 1065 1820 docueruut
1086 1767 1119 1820 et
1138 1781 1198 1842 per
1220 1781 1345 1822 omnem

120 1847 121 1852 ’
246 1842 389 1919 ltaliam,
421 1849 516 1925 atque
545 1841 577 1901 in
601 1840 659 1902 hac
681 1840 761 1903 urbe
781 1840 872 1902 simul
904 1840 1051 1904 docentes
1073 1843 1168 1904 etiam
1188 1843 1343 1926 martyrio

245 1947 309 1988 uno
343 1925 518 2008 eodemque
548 1933 691 2007 tempore
726 1924 872 1986 coronati
900 1929 1001 1986 sunt”
1054 1926 1229 1988 secundum
1258 1927 1343 1988 idem
1417 1943 1427 1954 ·

244 2017 368 2092 tempus
397 2010 454 2070 sub
476 2010 600 2070 Nerone
628 2007 790 2091 pollebant
817 2008 934 2070 Romae
955 2017 1069 2089 poetae
1094 2010 1247 2089 Lucanus,
1263 2011 1344 2072 Ovi.

245 2091 323 2176 dius,
345 2091 472 2176 satyrici
493 2091 645 2153 luvenalis
666 2101 698 2153 et
712 2090 848 2173 Persius,
867 2091 1209 2174 Senecaqnetragicus,
1233 2097 1344 2156 Maso.

244 2177 313 2238 nius
338 2187 434 2260 atque
451 2174 636 2236 Plutarchus
657 2172 845 2258 philosophi.
868 2176 1083 2237 Romanorum
1104 2178 1251 2240 ecclesiae
1271 2186 1345 2261 post

244 2261 376 2323 Petrum
399 2281 552 2321 summum
571 2258 664 2320 Linus
685 2259 789 2321 extitit
809 2257 944 2340 praesul

327 2367 439 2430 Mundi
456 2387 537 2429 anno
552 2364 645 2446 5565,
668 2366 791 2429 divinae
808 2366 1029 2432 incarnationis
1050 2389 1134 2428 anno
1145 2367 1197 2449 65,
1216 2370 1343 2432 Nerone

243 2451 382 2535 turpiter
405 2452 470 2513 vita
502 2453 605 2513 soluto
636 2454 784 2533 septimus
802 2452 1008 2533 Vespasianus
1035 2474 1054 2514 a
1086 2452 1236 2515 militibus
1256 2453 1341 2535 apud

243 2536 388 2599 ludaeam
421 2536 597 2617 imperator
625 2538 842 2597 Romanorum
862 2535 1034 2617 appellatus
1055 2543 1113 2597 est.
1168 2534 1253 2618 apud
1276 2539 1341 2598 lta.

226 2618 315 2681 ‘liam
344 2641 420 2682 vero
446 2619 546 2682 Galba
569 2618 716 2680 Hiberiae
748 2629 881 2700 praetor
902 2620 1027 2680 veniens
1047 2619 1180 2679 Romam
1204 2620 1341 2702 imperat

242 2704 395 2765 mensibus
415 2712 551 2785 septem3
574 2723 668 2783 quem
689 2700 776 2763 Otho
800 2722 878 2761 unus
900 2722 935 2762 ex
954 2702 1127 2763 senioribus
1149 2704 1339 2766 interficiens

243 2787 377 2869 imperat
395 2788 514 2848 Romae
535 2785 688 2846 mensibus
709 2784 827 2857 tribus;
859 2806 923 2867 quo
948 2784 1092 2847 Vitellius
1111 2787 1216 2848 occiso
1235 2788 1338 2870 impe.

142 2878 293 2952 poldrat
315 2870 468 2931 mensibus
489 2878 573 2931 octo.
615 2867 666 2927 hic
688 2866 837 2928 Sabinum
869 2868 1000 2929 fratrem
1022 2870 1200 2951 Vespasiani
1221 2872 1338 2933 timore

241 2954 273 3016 in
293 2952 481 3035 Capitolium
503 2952 672 3033 fugientem
694 2952 856 3033 intemplo
872 2952 954 3013 lovis
976 2952 1110 3049 peremit
1133 2962 1165 3015 et
1185 2955 1338 3037 templum

241 3036 403 3099 snbvertit.
448 3058 557 3097 verum
579 3035 644 3117 ipse
667 3057 684 3095 a
705 3035 887 3097 Domitiano
921 3035 1045 3099 iuniore
1068 3036 1247 3117 Vespasiani
1270 3039 1336 3100 filio

240 3124 385 3203 protinus
409 3120 588 3181 interfectus
612 3126 664 3179 est
721 3120 796 3179 Tito
820 3141 953 3203 namque
980 3120 1104 3182 seniore
1127 3122 1192 3181 filio
1217 3121 1257 3183 ad
1279 3122 1336 3183 de-

237 3202 398 3266 bellandos
419 3204 550 3265 ludaeos
584 3200 755 3284 derelicto,
777 3202 983 3285 Vespasianus
1010 3204 1041 3263 in
1065 3204 1227 3265 Graeciam
1249 3206 1336 3267 venit

237 3288 383 3371 gaudens,
406 3297 441 3347 ut
452 3286 564 3347 Graeci
586 3286 735 3367 fatentur,
760 3287 792 3347 in
814 3286 955 3369 hisquae
975 3288 1122 3349 audiebat
1143 3311 1161 3347 a
1179 3289 1335 3372 Tyanensi

236 3371 406 3455 Apollonio
429 3371 468 3434 de
490 3378 633 3452 tempore
656 3370 781 3452 imperii
802 3392 837 3431 ac
858 3369 968 3431 ceteris
989 3370 1079 3431 bonis
1099 3372 1260 3455 fortioris,
1282 3376 1333 3433 lo.

237 3477 334 3539 quens
356 3476 427 3515 cnm
457 3475 495 3515 eo
519 3452 604 3536 apud
627 3454 821 3537 Aegyptum,
851 3453 890 3513 ab
916 3452 995 3513 indis
1023 3465 1055 3515 et
1076 3454 1275 3516 Brachmanis
1295 3477 1333 3517 ac

236 3536 496 3622 gymnosophistis
516 3538 580 3598 illic
601 3536 783 3620 degentibus
805 3538 968 3599 redeunte.
1010 3560 1083 3599 cum
1103 3560 1181 3620 ergo
1203 3540 1334 3601 venisset

237 3622 270 3682 in
290 3622 460 3700 Helladem‚
485 3622 570 3705 cepit
593 3621 715 3703 refugas
737 3621 890 3682 civitates.
946 3622 1081 3705 deniqne
1101 3622 1231 3683 Romam
1251 3643 1334 3705 pro-

158 3742 161 3747 ·
236 3706 334 3767 fectus
364 3706 532 3787 imperavit
566 3712 699 3785 ornate,
721 3706 839 3768 Neroni
860 3706 1018 3788 resistens,
1040 3715 1073 3769 et
1091 3706 1275 3770 substantias
1295 3727 1334 3769 ac
1371 3748 1374 3752 -

238 3788 308 3852 iura
332 3810 481 3852 revocans
502 3789 599 3852 urbis.

323 3897 432 3959 Mundi
454 3918 537 3959 anno
560 3894 659 3973 5566,
683 3896 806 3959 divinae
836 3897 1060 3961 incarnationis
1081 3919 1164 3960 anno
1186 3894 1244 3977 66,
1267 3900 1334 3959 An.

239 3978 375 4043 tioehiae
405 3980 539 4064 lgnatius
570 3980 733 4063 episcopus
764 3980 864 4043 deifer
891 3982 1032 4045 habetur.
1085 3982 1183 4065 igitur
1211 3982 1333 4062 primus

186 4079 188 4085 '
239 4065 479 4147 alienigenarum
514 4084 567 4127 rex
602 4064 789 4125 ludaeorum
808 4064 947 4128 Herodes
975 4063 1044 4145 suit,
1068 4067 1121 4151 qui
1145 4086 1260 4147 pueros
1281 4068 1332 4125 in-

140 4150 375 4226 pdl8terfecit,
397 4150 481 4215 aunis
503 4143 562 4221 373
586 4147 752 4211 Archelaus
767 4149 847 4210 lilius
869 4151 932 4211 eius
947 4149 1082 4221 annis9;
1103 4146 1242 4210 Herodes
1263 4150 1332 4208 fra.

239 4242 289 4297 ter
319 4232 383 4296 eius
407 4232 492 4294 anuis
516 4230 573 4306 243
596 4232 755 4316 Agrippa,
778 4234 833 4317 qui
857 4243 889 4297 et
910 4234 1061 4311 Herodes,
1083 4232 1161 4294 lilius
1183 4232 1330 4312 llerodis,
