3050 4900
267 307 337 381 192
414 314 624 383 tamisa
653 310 851 383 amolire
878 311 1186 383 romanianum

265 486 403 549 Arabum
433 487 592 571 princeps,
613 494 647 549 et
668 486 772 549 tenuit
798 484 920 550 Vbaled
939 487 1020 549 lilius
1049 486 1114 549 elas
1134 484 1360 570 principatum.

264 570 375 667 eodem
395 591 523 655 qunque
551 592 634 631 unna
671 590 743 668 cuna
774 570 960 669 laatipianus
990 570 1030 632 ad
1051 571 1169 715 regiam
1202 570 1371 659 civitatem

264 661 398 715 venuset
418 676 480 715 nna
502 675 573 715 cnm
591 654 728 715 Tarbella
749 665 782 717 et
796 654 1086 736 subrectasvulgan
1108 676 1153 730 ns,
1172 663 1275 715 castra
1293 676 1362 715 me-

266 747 347 833 tatus
370 744 416 799 est
435 738 473 799 ad
494 746 621 820 portam
636 738 765 835 Charsii⁸
779 745 812 799 ct
826 736 1140 838 usquelltmbernen·
1170 744 1202 799 et
1213 757 1277 879 per
1297 745 1362 799 tres

265 820 330 881 drea
353 820 544 903 alloquentes
576 842 628 883 ena
650 842 705 905 qui
726 828 818 883 erant
837 842 869 883 ιιι
892 821 987 903 urbe,
1007 841 1154 883 ωιιιιοιιι
1176 821 1215 882 de
1237 829 1363 883 anata-

264 904 443 972 banturfab
466 904 543 981 illis,
565 904 620 989 qui
643 908 755 966 edrum
784 904 894 967 saltem
914 926 972 965 nec
991 905 1123 965 verbum
1145 902 1361 965 admittebant.

265 998 397 1050 atvero
421 987 604 1049 lastinianus
628 1009 698 1049 cnm
719 988 825 1069 paucis
848 987 1089 1061 contribulibus,
1112 986 1195 1049 bella
1218 996 1362 1069 excepte,

264 1070 567 1217 tssttttttt‘t
585 1070 1364 1219 “tttttlttttttttt‘tttttt

266 1220 454 1299 chemmin
474 1176 630 1301 te’tendii·o
686 1175 709 1237 p
1146 1176 1169 1237 p

351 1345 489 1427 imperat
519 1346 625 1429 itaque
656 1344 759 1407 denuo
789 1344 938 1408 Romanis
968 1344 1154 1407 lastinianus
1181 1345 1268 1407 annis
1290 1364 1362 1406 ser:

268 1427 405 1489 Arabum
430 1429 505 1489 verb
534 1430 680 1513 princeps
710 1428 845 1490 efficitur
864 1427 976 1491 Vbalid
1005 1429 1089 1489 annis
1113 1450 1236 1495 novem.
1280 1430 1364 1490 Con-

267 1512 560 1593 stantinopolitanns
582 1512 744 1595 episcopus
766 1511 901 1574 babetur
924 1512 1033 1595 Cyrus,
1063 1514 1117 1597 qni
1137 1532 1188 1574 sex
1208 1512 1366 1596 praesedit

267 1596 353 1656 annis
375 1598 538 1668 ecclesiam
568 1594 606 1657 de
626 1614 690 1679 quo
713 1596 838 1657 dicetur
861 1596 999 1657 inferius.

350 1710 449 1795 lgitar
468 1733 550 1774 anno
565 1708 690 1793 imperii
710 1712 756 1776 sui
796 1712 877 1773 rimo
898 1710 990 1787 idem,
1012 1731 1076 1795 qno
1092 1698 1260 1793 imperium
1273 1733 1365 1773 suum

269 1794 391 1875 recepit
412 1794 616 1873 lastinianus,
639 1795 737 1857 multa
765 1734 849 1856 dona
868 1794 1007 1857 Tarbelli
1036 1794 1187 1877 tribuens,
1218 1796 1307 1857 simul
1332 1804 1368 1857 et

268 1877 386 1961 regalia
407 1898 489 1953 vasa,
513 1876 628 1942 dimisit
650 1899 720 1939 eum
741 1876 772 1938 in
793 1900 880 1961 pace·
923 1886 1063 1941 ceterum
1083 1878 1260 1956 ⁴Absimarns
1283 1878 1364 1941 urbe

268 1960 378 2025 relicta
399 1956 642 2045 apolloniadem
657 1960 776 2045 fugiens
797 1962 886 2059 adit:
920 1962 1268 2059 insecutionem·‚tamen
1287 1984 1367 2044 per-

165 2158 193 2213 ,
207 2042 1241 2200 ⁵„ttstt:ttlttlt'ttlat‘ilttt?tttutttttta
1262 2067 1367 2213 lii-'¹3

263 2208 524 2294 opitulabantnr3
549 2234 629 2356 gnos
644 2210 676 2297 in
692 2234 784 2275 muro
805 2232 911 2273 ornnes
922 2212 1089 2295 suspendio
1104 2212 1270 2276 interfecit.
1293 2235 1366 2275 curn

269 2304 371 2359 autem
395 2302 427 2355 et
445 2294 484 2357 ad
504 2317 553 2358 me
577 2296 731 2357 iterraaea
748 2296 936 2373 destinasset,
959 2296 1111 2377 plurimos
1133 2318 1168 2358 er
1188 2296 1232 2358 eia
1254 2296 1366 2359 inven-

268 2388 328 2457 tos,
349 2386 414 2440 tam
437 2390 558 2443 actores
615 2401 684 2441 uam
706 2380 867 2462 privatas,
887 2379 1030 2441 similiter
1052 2379 1221 2441 interemit.
1260 2400 1365 2463 porro

267 2461 463 2526 Absimarum
487 2401 759 2548 atqueieontium
778 2465 899 2527 vinctos
922 2463 1037 2526 catenis
1054 2485 1113 2546 per
1135 2473 1233 2526 totam
1253 2465 1365 2528 urbem

268 2547 392 2648 pompis
410 2547 484 2610 lecit
505 2546 713 2610 dehonestari.
763 2568 896 2631 cumque
927 2547 994 2609 ludi
1015 2558 1176 2644 equestres
1195 2557 1365 2632 agerentur

268 2649 396 2714 ipseque
419 2631 450 2692 in
471 2631 550 2693 solio
571 2629 738 2706 resideret,
765 2629 850 2694 ducti
872 2641 945 2692 aaut
972 2629 1097 2712 publice
1118 2631 1211 2694 tracti
1234 2641 1267 2693 et
1287 2653 1365 2714 pro-

269 2715 342 2776 iecti
360 2713 456 2795 proni
476 2713 514 2775 ad
536 2711 629 2796 pedes
651 2715 737 2786 eius;
770 2734 907 2797 quorum
928 2712 979 2776 ille
998 2712 1078 2776 colla
1102 2737 1198 2798 usque
1219 2711 1259 2776 ad
1277 2716 1368 2775 solu-

269 2797 387 2858 tionem
407 2797 502 2878 primi
524 2795 627 2864 bravii
641 2801 666 2876 *J
689 2794 830 2873 calcavit,
852 2797 992 2860 universa
1005 2797 1095 2880 plebe
1119 2797 1271 2862 clamante
1291 2805 1366 2862 “su-

270 2876 330 2964 per
347 2878 483 2961 aspidem
496 2887 528 2940 et
540 2878 715 2941 basiliscum
738 2877 909 2959 ascendisti,
927 2890 960 2944 et
980 2883 1168 2945 conculcasti
1189 2884 1312 2945 leonem
1332 2893 1367 2946 et

271 2961 468 3025 draconem.’'
512 2971 545 3026 et
565 2961 608 3022 ita
628 2961 685 3025 bos
703 2959 871 3027 destinatos
893 2963 924 3026 in
943 2963 1063 3027 vivario
1089 2967 1295 3029 animantium
1315 2987 1367 3027 ca.

270 3043 343 3128 pitis
380 3043 646 3108 animadversione
666 3047 797 3128 punivit.
851 3048 1035 3111 Callinicum
1055 3070 1132 3112 vero
1154 3048 1368 3132 patriarcham

271 3127 380 3192 ablatis
409 3128 505 3190 oculis
538 3127 622 3212 apnd
645 3129 776 3192 Romam
804 3131 895 3194 exilio
915 3132 1080 3214 relegavit,
1102 3141 1133 3194 ct
1155 3154 1216 3214 pm
1239 3154 1277 3194 eo
1299 3133 1368 3215 ey.

272 3234 352 3292 rum,
376 3211 430 3296 qui
451 3213 483 3273 in
508 3212 604 3274 insula
634 3217 736 3276 luerat
755 3214 888 3278 inclusus
910 3215 1098 3293 amastridis,
1123 3224 1273 3300 tanquam
1295 3238 1369 3278 eum

271 3296 327 3379 qni
346 3297 622 3378 praenuntiaverat
641 3297 698 3359 sibi
719 3299 836 3381 prioris
858 3299 1086 3361 restitutionem
1104 3299 1238 3381 imperii,
1258 3320 1368 3363 turro-

271 3387 377 3462 gatnm
400 3381 553 3460 provexit.
598 3377 856 3444 innumerabilem
879 3402 1008 3466 quoque
1027 3381 1279 3458 multitudinem,
1302 3391 1368 3444 tam

272 3484 308 3522 ex
330 3461 411 3523 civili
434 3485 528 3546 quam
551 3484 586 3525 ex
606 3463 734 3526 militari
756 3463 918 3547 catalogo,
948 3464 1095 3546 perdidit
1137 3468 1253 3533 multos
1273 3467 1368 3529 etiam

273 3544 304 3607 in
328 3565 431 3607 saccos
454 3546 557 3608 missos
578 3569 683 3608 amara
699 3547 773 3608 fecit
788 3560 893 3610 morte
908 3549 1023 3610 necari.
1066 3549 1274 3627 alienantem,
1296 3570 1369 3610 cum

272 3625 312 3690 ad
341 3627 508 3712 prandium
542 3634 588 3693 vel
614 3653 721 3692 cenam
751 3631 953 3711 accubitaret,
977 3653 1049 3693 mox
1070 3635 1227 3717 surgebat,
1250 3631 1370 3717 partim

271 3711 435 3796 suspendio
457 3715 573 3794 partim
603 3713 757 3776 occisione
771 3715 938 3797 perdebat.
980 3727 1013 3778 et
1032 3713 1104 3779 binc
1125 3739 1251 3798 magnus
1273 3716 1371 3776 timor

174 3833 203 3889 p,
214 3811 265 3870 575
275 3797 456 3859 obtinuerat
477 3817 591 3858 omnes.
614 3796 696 3858 misit
719 3796 838 3860 interea
858 3801 982 3862 classem
997 3799 1038 3860 ad
1059 3799 1231 3861 ducendam
1252 3821 1270 3860 a
1287 3801 1370 3861 Cha-

275 3879 359 3942 aaria
379 3899 509 3942 uxerem
531 3897 636 3958 auam,
664 3890 696 3943 et
724 3883 840 3946 multae
870 3905 941 3946 cum
974 3883 1035 3946 snis
1063 3885 1138 3946 viris
1158 3881 1291 3968 scapbae
1312 3881 1370 3944 de-

293 4105 336 4176 f)
355 4102 452 4178 bravii]
479 4103 571 4176 palan.
596 4103 708 4158 tortasse
733 4107 835 4178 legerat
862 4109 1017 4162 damasius
1046 4111 1186 4180 βραβεῖον.
1210 4115 1253 4162 eat
1279 4113 1371 4161 anum

345 4181 479 4251 βρᾳβεῖον
497 4178 595 4248 palma.
636 4176 715 4230 Fara.
