3050 4900
471 335 611 404 NOTAE
643 336 931 405 Posmmltsss.
1017 336 1020 344 '
1172 331 1243 402 571

237 497 289 584 54,
312 502 343 572 4.
383 503 669 590 προεθυμήθησαν]
697 506 850 582 σταδίους
868 504 914 590 ψ’,
935 507 1122 592 septingentis
1141 506 1246 570 rtadir's

154 591 308 652 assumo
329 589 470 673 Barb.p
501 593 676 676 quingentis.

238 697 320 760 ibid.
343 695 391 758 19.
433 685 473 758 οὗ
493 693 536 778 μη
558 697 738 779 dextimae]
757 696 857 782 liquet
874 695 925 759 hie
945 699 1086 760 lacunam
1106 717 1192 780 ουτος
1213 706 1250 761 et

154 780 327 844 desiderari
348 779 432 863 qood
453 781 570 843 fectum
589 781 700 844 scribit
719 789 833 843 anctos·
854 780 990 844 Eusebio
1010 782 1169 844 Emieeeno
1192 804 1246 844 re·

154 873 281 927 cusante
300 863 503 927 Alexandriae
523 865 737 948 episcopatum
763 865 804 927 ob
828 865 995 928 cavendam
1020 864 1247 928 Alexandrino-

153 970 224 1011 rum
247 945 403 1025 invidiam‚
422 947 488 1010 sire
506 947 718 1010 Alexandrinis
738 947 838 1031 ipsum
861 968 923 1010 non
938 949 1163 1032 pronominum
1188 948 1247 1012 nd·

152 1052 255 1114 eoqne
275 1029 355 1092 male
384 1040 531 1092 conatum
558 1032 764 1114 interpretem
791 1037 938 1116 tanquam
970 1033 1074 1094 omnia
1100 1054 1171 1094 sane
1196 1053 1246 1096 es-

151 1123 236 1176 sent:
257 1135 315 1175 neo
337 1112 413 1174 illud
433 1108 491 1194 τῆν
507 1111 610 1176 πίστιν
623 1113 848 1193 μεταποιοῦσιο
871 1109 900 1176 oi
921 1112 1023 1194 asiani,
1044 1116 1126 1177 cives
1146 1117 1247 1180 refert

150 1197 394 1275 Alexandrinos,
418 1197 522 1260 atille
544 1197 663 1282 reddit,
685 1198 980 1261 sedAntioohennm
1011 1197 1086 1259 illud
1110 1199 1245 1262 Eusebio

150 1280 515 1427 Pltltmlsslttttt.
528 1282 724 1448 iiiiii..
742 1281 1110 1427 tiltiltltilll
1130 1280 1245 1449 til

151 1386 224 1508 dam
254 1448 436 1530 suscepisse,
460 1468 532 1509 eum
560 1447 709 1511 haetenus
734 1443 881 1526 Ἐδέσσης
912 1469 973 1510 non
999 1449 1171 1531 episeopus,
1191 1449 1245 1510 sed

150 1529 225 1592 civis
245 1538 368 1592 tantmn
390 1539 476 1592 esset.
498 1534 706 1612 προτρέπεται
727 1525 784 1609 την
802 1527 948 1612 Ἐδέσσης
967 1529 1143 1610 ἐκκλησίαν·
1162 1553 1245 1594 com·

151 1615 284 1676 mittitur
313 1614 365 1674 ilii
383 1613 540 1677 Edessena
562 1616 686 1676 eeclesia
693 1635 707 1690 ,·
736 1613 860 1696 hocque
889 1612 962 1676 licet
981 1615 1167 1692 sabelliano,
1189 1637 1243 1678 sen

151 1695 373 1760 sabellianismi
393 1707 558 1779 suspectos
592 1699 637 1761 sie
656 1717 802 1783 magnum
824 1695 991 1773 hebebant,
1015 1699 1126 1782 quovis
1146 1697 1242 1760 modo

151 1779 350 1844 Athanasium
368 1779 440 1844 sede
452 1781 596 1845 deiicere.

237 1887 364 1967 55,12.
406 1876 505 1968 vindi
535 1883 555 1971 ἦ
584 1887 818 1969 inusitatam
853 1887 1014 1974 ἐκκλησία]
1043 1887 1124 1951 istud
1142 1890 1245 1972 polam

149 1969 302 2033 scholium
333 1972 365 2032 in
398 1979 517 2033 textum
549 1973 728 2054 emargine
753 1972 887 2046 illatum
915 1982 971 2034 aut
992 1983 1078 2036 certe
1098 1973 1244 2056 superio.

149 2054 459 2200 glpppneneotendum
498 2055 539 2119 de
569 2055 781 2119 Antiochense
811 2055 947 2120 eiusdem
977 2056 1122 2120 ecciesiae
1153 2053 1244 2119 dedi-

232 2243 284 2322 56,
304 2243 336 2307 4.
377 2236 613 2326 Ντοκαισᾶρεια
643 2242 773 2308 Πόντου
804 2243 1003 2328 κατεπττόθη]
1036 2245 1128 2310 Cedr.
1160 2248 1243 2312 Neo-

149 2322 317 2409 ssniodpssn
347 2329 551 2390 κακωθεῖσα
585 2321 780 2411 κατεπτοᾶθη.
830 2351 930 2392 mersa
964 2329 1121 2402 concidit;
1156 2337 1189 2391 et
1207 2340 1243 2392 nt

149 2409 335 2488 habetvat.
361 2413 377 2473 1
403 2420 435 2473 et
453 2411 547 2473 Borb.
568 2403 728 2493 κατεπόθη
750 2413 897 2494 absorpta
921 2423 975 2489 est,
996 2423 1102 2475 terroe
1125 2411 1243 2475 scilieet

149 2492 236 2558 hiato
258 2496 355 2570 facto,
377 2496 422 2557 oti
443 2495 553 2557 assolet
576 2496 606 2556 in
636 2494 809 2557 eiusmodi:
840 2517 899 2558 nee
920 2497 1046 2559 videtur
1067 2518 1189 2557 necesse
1205 2506 1242 2559 ut

147 2578 229 2639 mari
249 2600 398 2657 mersam,
425 2578 491 2641 sive
515 2579 695 2662 absorptam
724 2600 913 2661 exponamus
941 2602 1012 2641 oum
1035 2578 1170 2643 Cedreni
1190 2578 1241 2640 in.

149 2669 299 2745 ter-prete.

230 2768 282 2846 57,
292 2770 322 2832 1.
340 2766 496 2850 Εὖσέβισκ
506 2766 563 2833 τὸν
577 2768 793 2850 Νικομηδαας
814 2764 1002 2853 α’ττείσαγτκ,
1012 2766 1045 2829 τὰ
1059 2766 1123 2831 reis
1137 2768 1242 2831 κακοῖν

147 2849 352 2933 καταγώγιον]
373 2854 472 2915 Pauli
495 2855 563 2917 loeo
581 2855 748 2917 Eusebium
769 2854 966 2919 Nicomediae
983 2854 1118 2931 isurusit,
1137 2854 1240 2915 nonii-

146 2955 216 2997 nem
239 2938 393 2999 sentinam
413 2938 580 3015 malamm3
604 2959 665 3021 qna
687 2936 793 3019 phrasi
815 2946 847 2999 et
860 2937 971 2999 Cicero
994 2936 1159 2998 Catilinam
1180 2956 1240 2997 ur-

146 3017 195 3079 lsis
214 3021 365 3081 sentinam
386 3019 473 3081 dixit.
514 3021 559 3083 sic
580 3030 612 3083 et
630 3018 784 3083 Boccard.
822 3040 879 3082 neo
897 3020 976 3083 bene
1000 3018 1135 3095 editum
1158 3021 1242 3081 velut

147 3102 182 3162 in
197 3104 341 3163 scelernm
362 3104 520 3182 soranam,
540 3104 626 3187 qnasi
641 3107 760 3166 sentina
776 3092 852 3165 liaeo
872 3104 957 3167 sedes
971 3113 1048 3167 esset
1070 3102 1130 3165 CP.
1151 3100 1239 3187 quod

147 3206 213 3247 non
232 3186 389 3269 congruit.
405 3187 498 3269 Peyr.
518 3187 651 3270 perinde
672 3187 841 3251 desiderat.

233 3292 317 3355 ibici.
341 3293 389 3355 15.
430 3290 508 3378 pinni
527 3296 650 3380 Aaros'tp
676 3289 729 3381 ς’]
751 3293 845 3356 Barb.
865 3294 957 3377 Peyr.
989 3300 1049 3353 eto.
1079 3302 1167 3355 resta
1186 3290 1238 3353 die

148 3376 256 3437 mereris
277 3376 402 3439 Daesii.

229 3484 310 3548 ibid.
331 3482 384 3546 20.
427 3482 483 3547 καί
502 3484 654 3567 Παῦλος,
684 3485 740 3547 καί
767 3480 798 3546 oi
827 3478 888 3547 ais
908 3480 1039 3567 ου’τοϊς]
1067 3482 1111 3545 sio
1131 3502 1236 3546 omnes

145 3562 240 3628 aodd.

229 3673 351 3753 58,1t.
393 3670 468 3749 τούς
500 3668 617 3749 τόπους
643 3674 809 3759 ἔκκλησίας
830 3670 936 3755 ὥσπερ
968 3668 1235 3754 α’ποσολὴσακτες]

145 3758 251 3820 tueri
271 3757 416 3821 melenae
426 3757 561 3841 formas,
576 3760 719 3821 eecksiae
730 3761 873 3837 instituta,
892 3756 1025 3841 ritusque
1043 3760 1127 3819 velut
1141 3778 1237 3841 prae·

143 3840 219 3902 dam
242 3841 403 3924 aligeram,
424 3862 462 3904 aa
483 3864 581 3905 recum
600 3840 776 3927 anser-entes.
796 3843 876 3907 male
895 3839 1014 3905 editum
1033 3836 1157 3921 τόπους,
1179 3858 1237 3903 neo

144 3932 219 4008 apte
238 3927 309 3986 satis
331 3924 498 3989 redditum.
621 3970 626 3981 ,

227 4030 279 4110 59,
303 4032 353 4095 lt.
393 4026 424 4093 oi
441 4030 478 4095 di
499 4031 593 4095 τοῦτο
614 4028 804 4103 πεπονθότος
824 4028 986 4114 ἠπείλουν]
1001 4030 1066 4096 Pal.
1090 4040 1121 4092 et
1142 4030 1234 4113 Peyr.

142 4110 315 4193 η’πείχουκ·
355 4115 461 4178 malim
488 4106 638 4196 η’παγοκ,
658 4116 766 4199 sicque
798 4115 906 4179 reddo.
947 4117 1066 4177 tametsi
1085 4114 1128 4176 ab
1147 4115 1235 4211 apicis

144 4198 219 4261 liaeo
231 4200 319 4283 passi
344 4214 449 4279 erant,
478 4200 546 4264 ordi
569 4212 676 4263 tamen
702 4220 762 4283 per
780 4199 911 4283 collapsi
932 4199 1014 4261 muri
1043 4200 1166 4261 ruinam
1184 4219 1233 4259 rn-
