3050 4900
291 279 364 351 378
679 285 722 348 ΙΝ
754 279 1032 350 reuertuntur

288 425 351 517 ἤδη
370 433 527 514 τέσσαρας
555 427 741 509 ἐτισκόκοος
772 430 1000 518 φονεόσαντες·
1042 432 1098 494 καί
1116 431 1167 494 ἵνα
1188 429 1243 496 καί
1262 434 1374 516 Κόρου

288 511 388 580 uiris
409 517 571 581 οίνὲλωσιν.
620 517 818 596 Smyrnemes
851 521 930 580 enim
959 521 1024 580 iam
1054 529 1194 602 quattuor
1219 519 1374 604 episcopos

287 601 517 682 iuterfecerunt:
545 601 725 685 uolebatque
752 602 828 686 imp.
851 603 963 681 Cyrum
985 604 1149 664 etiamnum
1165 601 1208 662 -ub
1230 603 1304 684 ipsis
1320 603 1374 664 ιά.

287 685 390 768 tcrfici.

372 803 442 887 149,
466 807 514 875 10.
555 807 611 871 rosi
632 808 668 871 di
687 803 881 880 εἰσελθόντος
895 811 940 879 είς
959 804 1019 892 την
1037 807 1214 888 ἐκκλησιάν]
1238 809 1304 893 ipso
1324 813 1372 874 sui

287 890 436 954 adventus
460 893 519 975 die,
543 892 597 974 qui
620 891 735 956 Christi
755 891 848 953 natali
871 893 983 954 extitit.
1005 887 1066 970 νιρό
1090 893 1154 953 τεόν
1176 889 1274 974 ἁγίων
1294 895 1373 956 θεο-

285 973 410 1057 φανίων
428 987 602 1059 posuerunt
623 977 727 1038 variae
750 975 896 1038 lectiones
917 975 948 1038 in
970 975 1053 1036 hune
1075 976 1188 1036 iocum.

368 1093 449 1157 teeti.
474 1091 523 1155 14.
563 1086 654 1155 ότοῦ
672 1091 750 1154 θεοῦ
772 1086 873 1173 λόγος]
896 1089 1006 1158 chron.
1027 1087 1115 1170 λόγος
1135 1083 1196 1171 γᾷρ
1225 1081 1274 1172 η’ν.
1298 1113 1375 1154 num

85 1231 91 1244 ,
217 1234 225 1256 ,
285 1196 396 1240 eorum
415 1178 582 1260 pravitate,
604 1175 934 1262 qnosChrysostomus
950 1173 1074 1242 flom.3
1096 1177 1127 1237 iu
1150 1175 1234 1238 ioan.
1258 1177 1371 1260 carpit,

283 1259 415 1324 iniectus
437 1261 532 1323 fuerit
553 1261 660 1346 Cyrus,
682 1259 786 1321 anxius
806 1279 882 1321 sum.

365 1375 451 1444 ibid.
476 1377 523 1444 15.
565 1373 621 1440 καί
638 1367 848 1458 ἐσεσκόσησεν
869 1371 1020 1456 eiusfinis]
1044 1371 1153 1438 chron.
1174 1367 1230 1436 καί
1247 1369 1370 1454 ἔμεινεν

281 1457 352 1522 ἐκεῖ
366 1459 426 1532 ἕως
454 1453 595 1524 θανότοο
623 1457 730 1524 ον’τοῦ.
789 1457 860 1522 vide
886 1458 1015 1522 Suidum
1044 1477 1146 1542 nuper
1173 1458 1307 1523 relatum
1328 1455 1369 1520 do

282 1543 356 1628 Cyri
377 1552 489 1606 morte.

331 1699 339 1708 ·
362 1668 447 1732 Ιίιίιί.
470 1666 518 1728 17.
558 1661 769 1747 ἐτυράννησεν
786 1659 1060 1747 Ἰωόννηςὲεερσς]
1083 1665 1122 1728 de
1142 1667 1257 1728 Ioanne
1277 1663 1369 1728 Van-

281 1750 353 1813 daio
374 1749 485 1813 scribit
512 1748 684 1812 chronicon
715 1749 878 1812 Alexandr.
911 1751 950 1812 ad
981 1769 1095 1811 nunnus
1124 1747 1294 1811 Theodosii
1314 1745 1368 1826 34,
1440 1823 1443 1828 Ι

278 1835 477 1897 biurceiiinus
500 1833 531 1894 in
561 1832 721 1895 chronico.
771 1835 902 1902 Ioannes
928 1835 1048 1894 natione
1071 1832 1244 1909 Vandalus,
1267 1836 1368 1914 mugi.

278 1932 395 2002 ιιειηειε
434 1917 589 1998 militiae,
624 1918 790 1999 Amegysti
808 1913 933 1999 fraude
970 1917 1004 1978 in
1044 1917 1181 1980 Thracia
1222 1917 1369 1977 interem-

275 2014 347 2082 ptus
364 2013 418 2060 est.

364 2097 433 2179 150,
456 2095 488 2165 6.
529 2092 690 2179 Κόριλλος
708 2097 958 2180 Ἀλεξανδρείας]
980 2098 1105 2162 οσσοὶΙίἰ
1127 2097 1253 2182 quidem
1275 2096 1368 2159 Chai.

277 2182 456 2244 redonensis
480 2194 549 2245 ueta
573 2204 670 2244 annos
703 2182 832 2265 triginta
860 2183 938 2244 duos
961 2183 1176 2266 pontificatum
1198 2181 1366 2244 obtinuisse

276 2285 312 2327 et
335 2265 440 2329 libeiio
468 2265 625 2329 Athanasii
651 2267 847 2350 presbyteri,
869 2274 901 2328 et
918 2265 1078 2328 Theodori
1102 2265 1226 2326 diaconi
1248 2273 1365 2326 testan-

275 2357 339 2415 tur.
381 2357 414 2410 at
431 2369 502 2411 enm
523 2369 604 2410 nnno
627 2349 795 2412 Theodosii
815 2357 899 2412 sexto
922 2349 1047 2413 ineunte
1066 2348 1169 2411 sedem
1191 2369 1364 2430 occupave-

274 2431 327 2510 rit,
350 2442 449 2517 pront
468 2454 550 2495 anno
572 2433 775 2498 Theodosii?
797 2433 1020 2503 declaravimus
1032 2478 1043 2512 ,
1065 2454 1149 2497 mors
1171 2433 1235 2497 eius
1259 2430 1297 2493 ad
1320 2430 1362 2496 39

274 2536 338 2579 non
358 2518 465 2601 potuit
486 2516 617 2583 differri.

358 2618 443 2682 Ibid.
484 2614 540 2680 καί
571 2613 718 2699 Πρόκλος
747 2618 829 2680 ΚΠ.
856 2610 1085 2699 ἐκοιμήθησαν]
1115 2614 1297 2679 Areobindo
1331 2626 1364 2679 et

272 2700 391 2781 Aspare
412 2720 486 2764 coss.
519 2722 599 2761 nuno
622 2701 791 2763 Theodosii
811 2700 849 2763 27
870 2702 973 2785 pridie
1002 2698 1068 2761 idus
1090 2701 1212 2782 hprilis,
1233 2698 1365 2763 Procius

215 2782 220 2790 '
273 2782 455 2863 patriarche
484 2792 626 2859 creatus,
654 2806 690 2846 ex
718 2783 857 2845 Socratis
887 2782 980 2846 libi
1009 2805 1076 2866 cup.
1098 2782 1139 2845 39
1164 2794 1233 2866 post
1267 2802 1364 2845 annos

277 2863 443 2927 duodecim
463 2875 495 2927 et
515 2888 631 2929 menses
656 2875 723 2928 tres¹
736 2867 770 2927 in
794 2868 979 2949 pontificatu
997 2876 1118 2929 exactos
1138 2865 1294 2930 moritur:
1327 2887 1363 2929 ex

273 2946 451 3031 menologio
474 2943 515 3010 24
537 2948 694 3027 Octobris,
715 2950 856 3035 adeoque
875 2950 1044 3014 Theodosii
1070 2972 1152 3013 anno
1174 2948 1227 3013 39.

355 3047 482 3112 Itu&
523 3045 748 3133 σκενοφόλαξ]
771 3051 933 3137 antiquum
955 3052 984 3113 in
1002 3050 1125 3113 ccclesia
1148 3050 1283 3113 officium
1304 3050 1365 3111 iam

273 3152 292 3191 a
310 3130 420 3194 iuliani
440 3132 631 3212 temporibus
646 3134 831 3217 presbytero
857 3134 1082 3198 concreditum.
1097 3135 1285 3197 Sonomenus
1307 3131 1362 3195 lib.

272 3212 293 3273 5
314 3236 381 3297 cup.
402 3214 431 3277 7.
476 3213 639 3296 Θεόδωρον
658 3209 871 3294 πρεσβύτερον
898 3212 940 3291 τός
962 3212 1090 3300 φύλακα
1111 3217 1174 3279 τῶν
1195 3216 1363 3295 κειμηλίων

271 3292 448 3378 setianus,
469 3308 528 3363 ete.
552 3298 623 3363 ἐσεί
642 3298 677 3360 di
696 3295 733 3362 τό
756 3294 826 3379 όερά
847 3297 942 3384 σκεόη
972 3302 1128 3383 ἑληίσατο,
1156 3310 1212 3362 cte
1260 3302 1362 3363 Τίιεο-

271 3380 381 3443 dorum
399 3382 607 3466 presbyterium
628 3384 759 3445 tisesarur'
785 3385 932 3446 custodem
961 3382 1224 3469 comprehenderes,
1249 3394 1305 3447 etc
1330 3398 1364 3445 ut

271 3478 372 3527 σιιεοινι
393 3488 480 3526 suern
497 3488 575 3527 vasa
594 3467 800 3550 depraedatus
827 3481 871 3529 est
891 3468 1039 3529 lulianus.

370 3564 452 3627 ibid.
486 3564 534 3630 13.
582 3564 742 3648 τρίστεγον
777 3556 861 3628 οἶκον
890 3568 1096 3649 καθιέρωσεν]
1126 3590 1195 3631 cum
1228 3548 1362 3651 ¹Cyrilius

270 3646 417 3708 Dioscori
439 3650 607 3711 avunculus
627 3649 825 3731 patriarchae
852 3649 1034 3735 dignitatem
1067 3652 1159 3712 etiam
1180 3650 1277 3713 civilis
1297 3674 1362 3733 po-

269 3733 387 3794 testatis
406 3742 555 3815 arrogato
579 3732 637 3793 sibi
658 3734 727 3795 iure
745 3734 879 3796 unxerit:
902 3734 959 3795 καί
977 3732 1038 3815 γόρ
1059 3733 1091 3807 ἐξ
1109 3732 1228 3797 ἐκείνου
1251 3732 1270 3813 ἦ
1292 3734 1361 3796 int-

269 3812 367 3895 σκόση
395 3811 633 3895 Ἀλεξανδρείας
665 3817 746 3897 πέρα
776 3816 833 3895 τῆς
861 3814 1018 3899 ἱερατικῆς
1045 3816 1162 3892 τάξεως
1180 3814 1362 3879 καταδυνα·

270 3897 391 3960 στεύειν
417 3898 480 3961 τοῖν
507 3896 701 3979 πραγμάτων
726 3895 820 3977 ἔλαβε
853 3896 911 3980 την
943 3898 1054 3980 ιίρχήν.
1104 3902 1212 3963 etenim
1241 3924 1283 3963 ex
1304 3900 1362 3967 iiio

270 3991 399 4065 tempore
419 3984 574 4068 episcopus
586 3984 816 4044 Alexuruirinus
836 4004 932 4069 snpra
951 3987 1038 4045 sacri
1056 3986 1131 4045 cieri
1151 3986 1358 4061 dominatum,

270 4083 370 4123 remus
388 4068 482 4127 etiam
514 4067 715 4127 saecularisve
736 4068 943 4149 prirwrpatum
971 4069 1135 4149 οσστιρσυίε.
1180 4068 1223 4127 nil
1242 4068 1360 4128 mirum

271 4145 296 4209 si
316 4148 485 4214 Dioscorus
514 4149 611 4215 homo
641 4150 758 4235 otioqui
787 4153 945 4235 petulans,
971 4150 1172 4215 saecularium
1194 4152 1359 4235 magistra-
