3050 4900
280 315 327 392 10
424 325 635 394 sumansu
665 327 860 394 HISTORIA
888 327 1202 398 ecclesiastaes

275 491 336 560 cet,
357 483 593 545 Constantinam
616 493 646 546 et
660 484 895 558 Constantium
917 495 950 547 et
972 485 1003 547 in
1025 485 1143 547 seniori
1162 483 1288 567 quidem
1298 485 1365 546 llo.

180 591 205 644 p.
215 573 265 628 150
275 587 322 626 ma
345 567 545 628 Constantem
567 568 813 648 imperatorem,
835 569 866 628 in
888 589 968 629 nova
991 591 1067 632 vero
1089 571 1190 630 Roma
1210 567 1365 631 Constan-

274 650 384 724 tinum,
407 651 437 709 in
462 649 626 712 Antiochia
657 662 760 714 autem
791 652 1006 714 Constantium
1034 651 1158 714 dimisit.
1211 649 1262 712 hie
1292 653 1364 713 lecit

273 735 449 794 consulatus
470 733 587 796 decem.
630 734 679 794 isti
698 743 771 816 post
791 736 1030 799 Constantinum
1050 745 1260 818 regnaverunt
1277 736 1365 796 annis

274 817 323 878 09.
367 817 500 877 lulianus
524 817 609 877 annis
638 817 712 880 aes
732 839 845 880 menae.
872 819 991 880 occisus
1013 829 1059 880 est
1078 819 1111 880 in
1129 818 1269 880 Perside.
1313 823 1364 880 lo-

273 902 379 964 vianas
410 901 564 962 mensibus
583 899 615 962 ll.
645 899 881 964 Valentinianus
914 897 1043 984 anignus
1071 912 1104 964 et
1131 900 1241 964 Valens
1264 903 1364 964 t'rater

272 985 337 1046 cias
358 985 443 1046 annis
469 983 506 1050 10
529 984 682 1046 mensibus
704 983 734 1048 9.
774 986 832 1049 suh
848 984 979 1048 Valente
1000 985 1219 1070 martyrizatus
1241 988 1364 1046 estDo.

273 1067 412 1144 rothaus,
436 1087 504 1128 esea
524 1067 657 1130 traditus
679 1069 709 1129 in
735 1068 931 1130 venationem
951 1068 1151 1130 ahhrrianis.
1197 1069 1365 1130 Gratianus

272 1160 304 1211 et
325 1151 557 1212 Valentinianus
581 1151 695 1230 iunior,
718 1153 773 1213 alii
786 1151 1006 1228 Valentiniani,
1022 1161 1055 1214 et
1075 1175 1147 1213 com
1163 1151 1365 1213 eisTheodo-

273 1234 333 1294 sius
357 1255 503 1317 magnos,
525 1235 611 1296 annis
628 1234 675 1295 15.
717 1256 818 1317 porro
841 1235 958 1296 annot
980 1236 1070 1297 huius
1085 1235 1209 1318 imperii
1231 1235 1365 1296 secunda

272 1317 408 1401 synodus
444 1315 501 1380 150
522 1327 701 1380 sanctorum
732 1327 858 1400 patrum
889 1319 1160 1400 Constantinopoli
1197 1320 1278 1378 facta
1308 1329 1363 1380 est.

272 1399 421 1462 Arcadius
433 1409 465 1462 ct
479 1401 634 1462 llonorias
647 1401 699 1461 lilii
717 1401 781 1462 eius
795 1401 881 1462 annis
897 1399 935 1462 13
950 1403 1105 1464 mensibus
1119 1401 1150 1468 3.
1170 1401 1365 1463 Theodosias

272 1486 377 1546 iunior
397 1483 482 1544 annis
504 1483 545 1544 4‘2
568 1485 722 1546 mensibus
744 1485 781 1556 Ως
802 1485 860 1548 sub
896 1506 960 1568 qao
981 1485 1093 1567 Ephesi
1115 1486 1207 1548 tertia
1228 1483 1364 1567 synodus

272 1566 333 1630 900
355 1577 534 1628 sanctorum
552 1579 678 1649 patrum
700 1569 783 1629 lacta
803 1577 859 1644 ast,
872 1576 904 1630 et
924 1570 1071 1644 secunda,
1094 1591 1174 1652 quae
1196 1569 1364 1628 latrocina-

272 1651 306 1714 lis
328 1651 453 1728 dicitur,
477 1652 527 1712 coi
549 1653 686 1732 praefuit
705 1651 878 1713 Dioscorus
889 1651 1014 1733 impius.
1055 1653 1227 1714 Martianus
1249 1663 1282 1714 et
1303 1653 1366 1713 Va-

273 1735 456 1798 lentinianus
478 1734 631 1806 annis993
653 1733 710 1794 suh
733 1756 798 1818 qno
815 1735 1012 1797 Chalcedone
1028 1746 1139 1818 quarta
1161 1743 1266 1797 sancta
1289 1756 1363 1818 syn.

180 1817 350 1898 pthlodas
369 1815 430 1878 630
451 1825 631 1878 sanctornm
659 1829 786 1900 patrum
807 1818 888 1880 sacta
918 1827 972 1880 est.
1024 1821 1089 1880 Leo
1120 1839 1247 1900 magnus
1278 1819 1366 1879 annis

276 1899 324 1963 16.
367 1901 431 1962 Leo
454 1903 567 1974 minor,
582 1921 654 1962 cum
680 1910 836 1983 regnasset
853 1924 924 1965 cam
944 1912 1037 1984 patre
1056 1922 1138 1963 anno
1159 1922 1242 1978 ano,
1264 1903 1365 1962 mori.
1419 1977 1422 1981 ¹

273 1996 335 2047 tur.
377 1985 462 2046 Zeno
492 1985 579 2046 annis
610 1983 647 2046 17
669 2005 741 2046 cum
762 1985 905 2047 Basilisco
934 1986 962 2046 0.
1017 1987 1189 2048 Anastasius
1216 1987 1302 2046 auaris
1324 1984 1364 2046 01

273 2068 425 2130 mensibus
449 2063 478 2128 4.
523 2068 654 2129 lustinus
678 2069 784 2129 Thrax
814 2070 901 2131 annis
920 2067 940 2130 9
961 2068 1068 2131 diebus
1089 2069 1140 2131 03.
1183 2070 1367 2130 lastinianus

272 2173 399 2232 magnus
421 2153 507 2212 assisis
521 2151 562 2213 38
582 2151 688 2213 diebos
703 2151 742 2224 7;
766 2152 822 2213 suh
844 2175 908 2236 quo
923 2153 1194 2234 Constantinopoli
1219 2154 1299 2214 lacta
1320 2163 1366 2212 est

272 2247 378 2295 sanctu
404 2233 538 2319 synodus
568 2235 685 2316 quinta.
739 2237 873 2298 lustinus
904 2257 1001 2318 nepos
1024 2237 1200 2311 lastiniani,
1219 2235 1306 2296 annis
1327 2235 1364 2296 10

273 2319 426 2382 mensibus
450 2318 487 2380 10
510 2317 617 2380 diebus
640 2317 691 2380 20.
708 2320 840 2400 septimo
861 2340 944 2380 anno
967 2321 1091 2401 imperii
1116 2321 1205 2381 huius
1227 2317 1365 2400 coanple·

274 2411 323 2465 tus
344 2411 390 2465 est
418 2403 520 2487 cyolas
544 2423 622 2465 anas
650 2403 749 2464 sancti
776 2401 906 2484 paschae
937 2424 1092 2467 annorum
1121 2401 1202 2480 532,
1228 2424 1264 2465 ex
1299 2423 1364 2485 qao

273 2486 416 2549 dominus
449 2495 554 2549 noster
581 2489 661 2549 lesus
694 2485 834 2549 Christus
861 2487 1024 2549 crucifixus
1048 2498 1104 2565 est,
1135 2488 1306 2549 imlictiene
1333 2484 1366 2562 6,

274 2592 354 2633 anno
377 2594 395 2632 a
417 2571 575 2633 creatione
595 2570 705 2633 mandi
725 2568 820 2633 5065.

356 2680 501 2743 Tiberius
523 2680 609 2741 annis
623 2678 654 2741 6.
695 2679 864 2741 Mauricius
889 2680 977 2741 annis
999 2677 1039 2741 90
1059 2678 1212 2739 mensibus
1226 2671 1257 2739 4.
1278 2677 1366 2739 Pho-

274 2785 324 2825 cas
348 2766 434 2825 anisis
456 2774 551 2839 octo,
579 2764 696 2824 occisus
728 2771 783 2823 est.
832 2762 991 2824 Heraclius
1029 2764 1115 2825 annis
1136 2760 1175 2823 31
1204 2784 1265 2823 asna
1294 2784 1365 2823 cnm

274 2848 338 2908 filie
363 2868 429 2907 suo.
471 2848 566 2907 tertio
589 2865 670 2907 anno
693 2845 817 2927 imperii
836 2844 927 2906 huius
941 2846 1035 2907 Persa
1060 2846 1214 2908 Chosroes
1236 2848 1366 2907 maltam

271 2940 396 3013 partem
422 2932 579 2991 Romanae
601 2930 646 2992 rei
669 2929 814 3011 publicae
837 2930 938 3011 cepit,
960 2929 1194 3011 devastavitque
1215 2930 1365 2991 Hieroso.

272 3014 408 3099 lymam,
443 3022 474 3076 et
497 3012 684 3084 venerabilia
719 3012 787 3074 luca
809 3013 970 3085 incendit,
993 3021 1026 3073 et
1049 3013 1240 3095 populorum
1260 3013 1367 3095 copias

191 3164 193 3169 ,
272 3098 442 3181 captivavit
473 3120 629 3159 unacum
658 3096 839 3178 patriarcha
858 3096 1007 3157 Zacharia
1035 3105 1067 3156 et
1089 3096 1232 3180 pretiosis
1256 3096 1365 3177 lignis,

272 3190 304 3243 et
328 3184 358 3245 in
382 3180 541 3244 Persidem
563 3182 660 3244 duxit.
713 3200 796 3241 anno
818 3188 923 3241 autem
944 3181 1008 3241 eius
1031 3179 1069 3240 12
1100 3180 1250 3241 Chosroes
1271 3182 1365 3241 Persa

178 3300 195 3351 p
215 3265 478 3347 752interemptas
501 3276 556 3340 est,
579 3273 613 3326 et
631 3264 793 3347 eaptivitas
815 3272 961 3325 revocata
976 3274 1032 3341 est,
1047 3271 1079 3325 et
1093 3263 1213 3324 vivifica
1238 3284 1313 3323 oran
1333 3264 1363 3323 in

272 3350 333 3410 suis
355 3352 498 3410 restituta
518 3357 565 3409 cst
585 3349 660 3409 locis
683 3369 789 3409 rarsns
811 3348 932 3409 erectis.
974 3355 1050 3408 tunc
1073 3356 1106 3409 et
1130 3348 1275 3409 Saraceni
1302 3351 1365 3406 orsi

270 3441 342 3493 sant
359 3432 566 3495 universitatis
585 3428 903 3494 desolationemlilPti
926 3452 1028 3509 anno,
1044 3429 1212 3493 indictione
1233 3430 1263 3491 7.
1277 3430 1362 3489 Con·

271 3516 421 3579 stantinus
451 3518 530 3577 lilius
552 3515 616 3577 eius
644 3512 801 3577 annisus.
844 3513 894 3576 hic
917 3516 949 3577 in
972 3515 1076 3575 Sicilia
1096 3514 1278 3576 interfectas
1299 3523 1365 3580 ests

271 3602 327 3661 suh
347 3622 411 3683 quo
434 3600 570 3682 plurima
593 3620 664 3681 para
687 3601 731 3659 rei
753 3599 897 3679 publicae
928 3620 945 3659 u
966 3597 1127 3659 Saracenis
1149 3597 1285 3659 desolata
1307 3604 1365 3658 est.

272 3684 490 3744 Constantinus
513 3704 609 3764 nepos
632 3682 769 3743 Heraclii
791 3680 953 3759 annis173
978 3682 1034 3743 suh
1057 3704 1120 3763 que
1142 3682 1325 3765 Byzantium
1347 3703 1366 3741 a

272 3766 432 3828 Saracenis
456 3766 649 3828 devastatum
671 3775 728 3845 est,
751 3778 783 3827 et
803 3777 886 3825 sexta
905 3766 1041 3848 synodus
1063 3763 1101 3826 13
1125 3786 1206 3825 anno
1228 3766 1292 3825 eius
1317 3765 1367 3824 fa·

272 3861 321 3910 cta
343 3859 389 3913 est
418 3850 701 3930 Constantinopoli.
732 3860 765 3910 et
796 3857 907 3910 eontra
937 3850 1109 3910 Saracenos
1136 3848 1269 3909 viriliter
1291 3848 1365 3929 egit,

271 3953 419 3995 coercens
439 3956 491 3996 eos
512 3936 550 3995 ah
571 3934 691 4015 impetu
712 3943 823 3995 contra
846 3935 1003 3994 Romanos
1026 3933 1143 4008 hahita,
1165 3931 1284 4014 hosque
1306 3934 1364 3992 de·

272 4020 385 4079 terruit
409 4018 588 4099 plurimum.
634 4017 816 4079 lastinianus
840 4015 918 4077 lilius
947 4018 1011 4077 eius
1040 4017 1126 4077 annis
1161 4014 1210 4079 10.
1261 4019 1366 4079 Leon·

275 4100 334 4160 tias
357 4102 444 4163 antris
466 4103 496 4163 3.
538 4102 702 4173 Tiberius,
734 4102 843 4182 quiet
872 4100 1067 4177 Ahsimaras,
1092 4099 1177 4159 sannis
1198 4097 1227 4160 7.
1272 4100 1365 4159 lusti-

274 4186 382 4249 nianus
401 4185 551 4249 secundas
571 4186 657 4245 annis
679 4184 711 4247 0.
753 4183 953 4267 Philippicas,
976 4184 1029 4267 qai
1052 4192 1081 4245 ct
1105 4180 1286 4259 Barslanias,
1307 4204 1364 4282 aaa.
