3050 4900
506 310 556 371 ss
591 256 849 375 mmsnsnn
1122 295 1220 380 ,eto

155 474 369 555 insunuans,
397 486 430 540 et
458 476 645 562 glorificatio
669 478 718 543 dei
749 478 887 560 exaltari,
905 498 942 541 so
958 479 1149 543 monasteris
1172 501 1222 551 ra,

157 560 244 636 ursii,
266 569 362 645 alque
386 584 477 625 omne
503 564 620 625 bonum
640 563 853 626 manifestari·

182 694 186 703 “
211 685 280 747 Hoc
304 686 398 748 etiam
419 692 502 749 ann‘o
525 687 555 749 iu
578 688 676 773 longis
697 686 841 750 Tbrncae
860 686 958 749 muris
977 683 1242 769 homoquidam

158 768 251 831 scens
281 770 400 833 invenit
429 768 583 854 lapideam
617 790 739 849 arcam,
764 794 859 856 qnam
877 790 948 831 cum
969 779 1166 853 espurgasset
1188 780 1221 832 et

160 852 312 931 relasset,
340 856 460 937 reperit
494 856 598 917 virum
617 856 775 920 iacentem
799 855 973 918 etlitteras
994 855 1221 937 conglutinatas

158 956 230 1013 arc,
250 937 443 1001 continentes
465 938 541 1001 bace
562 938 721 1001 “Christus
752 948 895 1002 noscetur
915 960 950 1001 ex
972 938 1072 1007 Mesia
1090 937 1221 1021 virgine,

156 1026 191 1081 et
209 1020 276 1083 cdo
299 1021 330 1081 in
351 1043 431 1083 eum.
473 1022 530 1085 sub
545 1022 750 1086 Constantino
772 1043 850 1087 vero
872 1032 905 1085 et
925 1022 1060 1091 Helrene
1079 1022 1219 1105 impera..

157 1110 261 1183 tonus,
284 1126 304 1165 o
328 1104 384 1185 sol,
406 1105 523 1167 iterum
544 1128 594 1169 me
616 1106 761 1169 videbis?

210 1228 296 1289 duno
327 1228 452 1313 imperii
483 1227 680 1293 Constantini
709 1240 741 1293 et
770 1231 924 1293 Heirenae
948 1230 1085 1293 secundo
1104 1230 1314 1307 diremtum

159 1308 262 1375 Hesne
283 1314 440 1375 Costabim
471 1314 665 1376 sacellarium
695 1324 726 1377 et
753 1316 920 1385 Mamalum
940 1313 1155 1397 primicerium
1179 1316 1219 1376 ad

160 1394 276 1457 Caium
298 1418 401 1479 regem
415 1399 620 1474 Francorum,
643 1419 707 1483 quo
724 1398 817 1461 liliam
837 1420 922 1460 snam
943 1400 1056 1481 nuptui
1078 1398 1219 1461 traderet

159 1477 312 1559 imputari
335 1474 537 1542 Constantino
559 1483 623 1543 filio
645 1502 714 1544 suo.
768 1492 801 1544 et
821 1484 903 1543 lecto
928 1483 1104 1563 placitone
1131 1484 1219 1545 iure-

158 1561 258 1625 inrsdo
279 1563 363 1625 inter
384 1574 552 1649 utrosque,
575 1566 775 1650 reliquerunt
793 1567 945 1628 Elisueum
967 1566 1144 1628 eunuchum
1167 1574 1218 1625 at.

158 1647 365 1727 queuntes-ium
392 1646 432 1709 ad
463 1648 635 1711 docendam
664 1648 745 1711 illam
769 1654 965 1712 Graecorum
986 1648 1104 1711 litteras
1127 1648 1218 1715 simul

160 1736 190 1789 et
217 1742 335 1813 ignum
356 1732 408 1793 sed
430 1742 462 1795 et
481 1741 518 1793 ut
538 1732 678 1795 erudiret
699 1754 769 1795 eam
788 1742 821 1795 et
841 1733 1012 1795 secundum
1031 1754 1134 1794 mores
1150 1734 1218 1794 uo.

159 1830 288 1875 numum
317 1815 449 1899 imperii.
502 1815 691 1889 constructis
728 1826 832 1879 antem
863 1816 1009 1878 classibus
1037 1818 1218 1891 numerosis,

160 1903 191 1957 el
208 1898 278 1958 oetis
306 1920 342 1961 er
371 1898 558 1963 thematibus
581 1900 705 1984 populis
727 1922 764 1961 ao
793 1901 999 1983 principibus,
1020 1900 1074 1985 qui
1095 1900 1220 1961 suffice-

161 1982 390 2063 reutpromovit
409 1974 611 2047 'lirendorum
641 1983 811 2067 patricium
831 1985 1018 2060 eunuchum,
1043 1984 1145 2047 virum
1168 1984 1218 2045 in·

160 2060 291 2143 duellum,
324 2076 356 2128 et
377 2064 490 2129 direxit
511 2070 542 2129 in
564 2068 701 2130 Siciliam
730 2068 877 2130 adversus
898 2066 1085 2150 Heluidium.
1127 2089 1218 2130 cum-

160 2148 302 2229 qneinlta
323 2150 435 2212 tierent
467 2151 564 2231 bella,
589 2152 742 2213 vicerunt
764 2150 797 2213 bi
819 2151 873 2236 qui
906 2153 991 2214 circs
1011 2152 1217 2215 Theodorum

161 2250 240 2291 erm
268 2254 331 2317 quo
356 2233 421 2295 viso
443 2234 604 2317 Helpidius
628 2234 743 2311 timuit,
769 2246 802 2302 et
822 2237 952 2318 sumptis
976 2246 1136 2321 quotquot
1158 2236 1218 2297 ba·
1336 2306 1339 2312 ¹

162 2311 383 2397 bebapesuniis
418 2338 489 2379 cum
508 2318 687 2401 Nicephoro
715 2319 919 2382 transmeavit
953 2318 985 2381 in
1004 2320 1164 2394 Africam,
1185 2329 1219 2383 et
1259 2371 1263 2376 .

168 2414 257 2474 ncces
279 2403 374 2464 verbo
398 2403 570 2466 securitatis
600 2402 639 2466 ad
664 2402 777 2464 Arabes
803 2400 954 2476 confluit;
987 2424 1080 2487 quem
1102 2404 1145 2465 illi
1165 2426 1217 2466 sn·

166 2489 266 2560 scepu
288 2497 323 2548 nt
345 2489 560 2550 Romanorum
582 2486 806 2570 imperatorem
817 2487 1005 2564 retinebant,
1027 2497 1217 2550 coronantes

165 2583 238 2626 eum
251 2589 375 2649 cassum,
396 2580 428 2633 et
449 2571 547 2634 ocreis
568 2580 600 2634 et
619 2579 779 2646 stemmate
803 2569 977 2632 induentes.
1019 2591 1091 2632 cum
1111 2579 1217 2633 antem

162 2648 338 2714 Romanum
360 2655 392 2716 in
419 2652 466 2715 his
499 2655 636 2737 populus
667 2661 810 2735 vacaret,
839 2653 1000 2739 egreditur
1020 2653 1106 2716 bladi
1135 2653 1215 2716 iilius
1332 2714 1335 2721 .

161 2731 315 2800 Aaronom
336 2745 501 2820 potentatu
524 2749 556 2802 et
578 2746 732 2822 apparatu
755 2737 862 2818 nimio,
883 2747 946 2798 tam
963 2737 1215 2820 Mauropbornm

164 2821 334 2896 quamtitas
355 2822 464 2906 Syriae
493 2829 525 2883 et
542 2820 787 2905 Mesopotamiae
815 2832 848 2883 at
872 2843 911 2884 ue
933 2821 1056 2902 deserti,
1074 2831 1108 2884 et
1127 2820 1313 2893 senit'nltfi

162 2895 358 2982 Chrysoun,
391 2905 543 2978 derelicto
565 2907 690 2970 Bonnso
717 2905 760 2971 nd
780 2845 981 2974 obsidendum
1001 2905 1160 2968 Nacoliam
1183 2912 1218 2970 et

162 2987 359 3050 cuslotndum
381 2986 473 3051 dorsa
494 3011 559 3056 sne.
601 2989 683 3052 misit
706 2997 810 3052 sulem
828 3000 860 3052 et
878 2987 1036 3052 Burniche
1056 2990 1088 3051 in
1111 2991 1214 3054 Asiam

161 3085 238 3126 cum
257 3061 413 3146 slmilibus5
437 3073 491 3156 qui
514 3095 586 3134 cum
606 3072 784 3136 debellasset
805 3071 1121 3136 Laelianodrsconem
1143 3097 1216 3137 cum

161 3147 526 3244 memstutsracesiorum
554 3157 585 3218 in
615 3157 687 3232 loco
717 3157 839 3218 Durino
868 3157 977 3238 dicto,
1000 3179 1072 3219 cnm
1103 3168 1137 3220 et
1156 3159 1215 3242 ipsi

164 3231 355 3314 trigintuilia
388 3249 506 3312 essent,
528 3241 668 3324 quinque
687 3241 770 3302 milia
791 3241 963 3318 interiecit.
1005 3249 1053 3302 ast
1074 3241 1215 3322 impers-

165 3315 229 3378 lri¹
251 3335 293 3386 ms
316 3325 453 3386 Antonio
477 3322 649 3386 domestico
671 3344 743 3386 cum
770 3323 931 3386 ordinibus
952 3323 1089 3386 obtinuit
1108 3325 1214 3404 Baria,

161 3407 198 3463 el
219 3417 391 3468 conserunt
415 3429 477 3470 eos.
522 3409 618 3472 conlu
640 3407 665 3469 it
683 3419 787 3470 nutem
807 3407 846 3469 ad
868 3429 920 3470 eos
941 3407 1086 3470 Tarutius
1099 3409 1214 3472 Bucel-

161 3481 433 3579 inflorupraetor,
455 3489 530 3554 odio
552 3431 639 3574 quod
656 3501 768 3554 contra
781 3491 979 3552 stauracium
998 3489 1134 3555 babebat
1153 3517 1213 3577 pa.

161 3573 297 3632 tucrum
317 3573 506 3657 logothetam
530 3575 657 3654 dromi,
682 3573 858 3637 eunuchum
880 3574 1034 3654 omnibus,
1057 3577 1112 3660 qui
1136 3588 1212 3640 tuno

163 3647 303 3718 videbant
324 3679 396 3735 esse,
418 3659 664 3742 praeminentem
686 3656 1071 3741 ctomniadisponentem.
1092 3670 1124 3723 et
1136 3659 1212 3723 dato

163 3732 210 3796 ei!
229 3753 308 3802 0⁰⁰⁵
331 3763 440 3824 pacem
461 3743 713 3824 postulaverunt.
757 3764 828 3804 cum
852 3751 957 3804 autem
976 3741 1016 3804 sd
1035 3742 1098 3804 boc
1118 3744 1211 3807 exiis.

163 3825 237 3878 ⁸0¹st
256 3815 384 3886 Saucius
413 3835 444 3888 et
471 3827 582 3889 Petrus
610 3827 756 3909 magister
784 3837 816 3888 et
837 3827 990 3888 Antonius
1011 3827 1209 3905 domesticus,

167 3919 234 3962 ¹¹⁰⁰
254 3907 391 3972 stusrunt
406 3910 568 3991 'subtiliter
588 3931 690 3992 agere,
713 3917 749 3969 nt
769 3909 899 3971 verbum
914 3918 1005 3972 caute
1017 3912 1212 3992 susciperent
1267 3981 1295 3996 ..

168 3992 202 4046 οἱ
222 3982 297 4046 filios
308 3992 455 4070 imorum,
480 3994 533 4056 sed
550 4003 694 4056 exeuntes
715 3991 889 4054 inconsulte
908 3995 987 4056 tenti
997 4003 1070 4056 sunt
1092 3995 1131 4056 ab
1152 3996 1211 4058 illis
1306 3990 1313 4014 ³

168 4076 203 4128 θῑ
223 4077 372 4150 ⁰⁰ml>bus
408 4077 503 4140 vincti
531 4087 615 4152 sunt,
636 4085 668 4138 el
688 4085 817 4138 coactae
839 4083 1085 4160 suntutraeqne
1106 4088 1210 4161 partes

169 4149 209 4214 ld
233 4150 355 4222 facias„
374 4179 492 4245 pacem.
536 4171 568 4224 et
583 4159 781 4224 donaverunt
802 4161 947 4245 invicem,
967 4163 1103 4246 sagma
1122 4164 1209 4231 scili.
