3050 4900
300 341 355 412 '68
455 343 666 412 Anastasn
697 341 893 408 HISTORIA
920 337 1231 406 metastlsnct

304 517 483 600 regulartun
503 515 777 580 ecclesiasticarum
796 513 960 576 discutiens
992 513 1152 575 inventum
1172 510 1337 574 subdolum
1357 524 1389 574 et

303 601 496 664 haereticum
518 598 670 680 deposuit.
712 597 921 681 chrysaphius
943 607 1047 658 autem
1065 596 1155 659 buius
1176 615 1309 657 concors
1330 617 1388 677 pa.

303 683 412 746 latium
434 693 553 761 mouns,
575 683 621 742 his
650 681 781 763 cognitis
809 681 840 740 in
864 682 941 742 iram
970 679 1158 762 peramplius
1178 690 1291 740 contra
1312 678 1390 740 Fla-

301 769 428 830 vianum
449 765 638 841 accenditur,
658 772 691 826 et
706 764 827 824 intimat
837 766 992 825 Dioscoro
1010 761 1216 824 Alexandrino
1235 785 1268 826 se
1287 764 1318 822 in
1341 763 1387 824 his

302 873 383 934 quae
403 850 492 912 cordi
526 851 590 912 eins
611 858 710 910 esseut
742 847 925 930 peremnia
953 855 1209 928 cooperaturum,
1229 847 1255 906 si
1274 847 1333 907 sihi
1355 846 1388 908 in

301 933 460 996 calumniis
496 942 607 995 contra
637 930 820 992 Flavianum
840 938 873 992 et
889 929 1058 992 Eusebium
1088 929 1153 1011 ipse
1183 939 1389 994 concurreret

299 1037 361 1098 pro
377 1015 581 1100 Eutycheque
599 1021 759 1095 satageret.
802 1022 908 1074 movet
928 1021 1031 1074 autem
1051 1011 1091 1073 ud
1110 1011 1143 1072 id
1161 1012 1255 1074 etiam
1277 1016 1387 1096 Angu-

299 1111 379 1160 stam
400 1100 582 1174 Endociam,
604 1097 704 1159 tristia
729 1097 769 1159 dc
790 1096 955 1158 Pulcheria
983 1104 1095 1158 eontra
1115 1095 1299 1158 Flavianum
1318 1119 1388 1158 me·

299 1203 425 1244 morans
445 1181 528 1264 apud
557 1182 654 1254 illam;
676 1189 708 1242 et
726 1179 792 1261 ugit
820 1191 955 1262 uterque
973 1201 1037 1262 qno
1059 1179 1233 1260 imperator
1252 1180 1387 1247 sanciret

299 1265 467 1328 secundum
488 1265 603 1348 Ephesi
626 1263 810 1346 congregari
842 1264 1019 1338 concilium,
1041 1265 1093 1324 cui
1113 1263 1268 1324 Dioscoro
1290 1283 1387 1345 prae·

299 1369 363 1412 esse
387 1349 574 1424 concedunt,
597 1347 753 1408 mittentes
768 1347 797 1406 ei
813 1347 983 1408 exercitum
996 1345 1167 1428 plurimum
1186 1347 1219 1406 in
1231 1347 1387 1407 auxilium.

159 1455 186 1508 p.
202 1439 253 1493 155
272 1441 433 1516 tuumque
454 1429 628 1492 latrocinali
656 1429 730 1492 huic
753 1429 886 1490 concilio
920 1429 1134 1512 praesedisset,
1160 1449 1224 1491 non
1246 1431 1389 1512 permisit

298 1516 402 1578 adesse
425 1515 584 1576 notarium
612 1513 708 1574 alium
735 1513 890 1588 concilio,
911 1511 964 1574 sed
983 1532 1054 1574 suos
1078 1523 1199 1574 tantum
1218 1515 1293 1576 fecit
1307 1515 1387 1575 scri-

296 1597 372 1660 bere
395 1619 475 1681 quae
503 1597 702 1680 gerebantur.
752 1597 892 1678 quaestio
922 1617 998 1678 ergo
1031 1617 1104 1658 cum
1124 1597 1224 1674 lieret,
1245 1598 1386 1679 exigeba-

298 1687 351 1742 tur
370 1681 527 1764 Eutyches
560 1679 727 1762 propriam
757 1679 902 1741 exhibere
931 1678 1122 1761 opinionem,
1145 1681 1201 1763 qui
1225 1679 1387 1762 respondit

297 1763 403 1825 dicens
424 1763 602 1824 “confiteor
624 1783 660 1824 ex
683 1761 802 1824 duabus
822 1761 941 1824 naturis
961 1763 1050 1825 luisse
1064 1763 1226 1825 dominnm
1246 1772 1389 1826 nostrum

298 1855 370 1908 unte
394 1845 635 1907 adunationems
666 1851 739 1926 post
767 1843 988 1908 adunationem
1017 1867 1094 1908 vero
1123 1869 1217 1908 unam
1245 1855 1388 1908 naturam

298 1929 487 1992 confiteor.’'
530 1938 608 1990 tnnc
631 1929 802 1991 Dioscorus
822 1929 899 1990 dixit
918 1929 971 1991 “et
990 1950 1046 1992 nos
1067 1951 1173 1992 omnes
1192 1929 1239 1990 his
1260 1931 1390 1992 assenti-

298 2017 397 2073 mus.''
440 2023 472 2076 et
493 2011 555 2072 loci
590 2019 765 2074 servatores
787 2016 812 2087 *l
847 2011 972 2094 quidem
991 2015 1103 2075 Leonis
1116 2035 1216 2096 papae
1246 2015 1388 2091 Romani,

297 2095 447 2157 Dioscuri
469 2094 605 2157 videntes
629 2095 789 2176 impetum,
811 2103 845 2156 et
865 2098 952 2178 quod
973 2097 1135 2178 epistolam
1148 2119 1247 2179 papae
1269 2097 1389 2158 adFla·

300 2179 426 2238 viuuum
447 2199 511 2239 non
532 2179 710 2260 permiserit
732 2178 802 2260 legi,
833 2199 934 2261 neque
956 2179 1040 2240 illam
1060 2201 1155 2264 qnam
1175 2180 1214 2241 ad
1235 2179 1389 2263 synodum

298 2262 441 2338 miserat,
471 2261 528 2325 sed
554 2261 743 2342 despexerit,
771 2263 922 2343 fugerunt
951 2273 984 2324 et
1005 2261 1232 2324 descenderunt
1250 2266 1388 2327 Romam

298 2365 402 2426 porro
418 2345 589 2406 Dioscorus
600 2344 735 2428 Eutychi
759 2343 970 2407 sacerdotium
991 2347 1105 2423 reddit,
1123 2348 1289 2410 Eusebium
1314 2368 1390 2409 vero

298 2428 438 2490 Dorilaei
460 2435 492 2489 et
511 2429 537 2489 F
539 2429 693 2489 larianum
713 2430 1093 2511 Constantinopolitannm
1116 2431 1148 2491 in
1161 2441 1314 2514 promptu
1334 2433 1390 2493 de·

298 2531 419 2593 ponere
441 2511 569 2591 hahuit,
600 2513 654 2594 qui
684 2520 716 2574 et
744 2522 816 2573 ante
855 2512 1079 2595 depositionem
1105 2514 1339 2595 impulsionibus
1356 2526 1389 2579 ct

299 2596 435 2657 calcibus
465 2618 483 2655 a
510 2595 666 2657 Dioscoro
695 2596 860 2657 submissus
891 2597 1043 2657 tertianus
1069 2595 1164 2656 vitam
1187 2600 1336 2672 mutavit3
1358 2611 1391 2663 et

299 2676 338 2738 de
360 2688 467 2739 cetero
481 2679 512 2739 vi
524 2678 656 2739 militum
678 2689 710 2740 et
725 2676 898 2761 gladiorum
912 2677 1050 2760 episcopi
1070 2680 1266 2743 subscribere
1287 2684 1390 2743 coacti

299 2770 381 2821 sunt.
422 2763 563 2821 Domnus
600 2770 703 2821 autem
734 2760 941 2821 Antiochenus
967 2763 1130 2845 episcopus
1160 2775 1326 2847 postquam
1359 2765 1391 2826 vi

300 2843 490 2924 subscripsit,
512 2844 542 2903 in
563 2864 596 2904 se
619 2864 759 2904 reversus
781 2846 880 2905 erexit
901 2864 933 2905 se
959 2856 1071 2906 contra
1089 2847 1278 2909 Dioscorum
1299 2850 1393 2930 prin-

201 2926 414 3010 p.156eipem‚
438 2926 610 2998 vociferans
629 2924 773 2987 adversus
795 2948 923 3009 eaquae
941 2937 1123 3012 gestatum,
1147 2940 1179 2991 et
1200 2932 1392 3013 impietatem

301 3008 470 3070 concilium
488 3010 659 3087 nominans,
679 3018 712 3069 et
741 3010 1001 3091 subscriptionem
1022 3033 1109 3073 snam
1132 3036 1284 3109 quaerens
1306 3015 1391 3077 reci..

193 3108 199 3123 ’
301 3114 389 3177 pere.
431 3090 477 3153 his
501 3092 631 3175 cognitis
650 3114 732 3173 papa
752 3095 817 3154 Leo
848 3094 968 3156 accedit
986 3117 1058 3157 enm
1076 3096 1210 3158 lacrimis
1231 3096 1271 3158 ad
1287 3099 1390 3181 impe.

302 3187 444 3238 ratorem
475 3174 726 3237 Valentinianum
759 3176 904 3239 simulet
927 3182 1096 3262 Augustas,
1118 3187 1226 3261 petens
1246 3180 1390 3263 epistolas

302 3260 487 3341 imperatori
521 3259 700 3321 Theodosio
730 3280 792 3342 pro
822 3259 1038 3324 emendatione
1079 3262 1233 3346 patranda
1269 3286 1392 3343 eornm,

304 3362 385 3425 quae
408 3341 492 3423 apud
512 3342 665 3423 Ephesum
691 3343 837 3427 nequiter
860 3352 891 3404 ct
904 3345 1120 3427 irregulariter
1139 3356 1208 3409 ueta
1230 3356 1312 3425 sunt,
1335 3348 1392 3410 dc.

297 3425 478 3499 elinandum
510 3424 565 3508 qni
592 3427 735 3487 rescribit
765 3426 925 3488 Eudociae
957 3430 1039 3490 filiae
1066 3429 1109 3492 ita
1130 3428 1213 3491 “boc
1234 3430 1393 3493 dulcedini

304 3516 378 3570 tuae
399 3510 442 3570 ita
464 3518 575 3569 notum
598 3530 659 3571 esse
686 3509 777 3585 volo,
799 3510 873 3593 quia
893 3510 1056 3573 Flavianus
1087 3512 1194 3575 divino
1214 3513 1330 3576 iudicio
1352 3516 1392 3577 ab

305 3592 438 3654 ecclesiis
459 3593 572 3654 eiectus
592 3602 637 3655 est
660 3602 695 3653 nt
710 3593 878 3654 multarum
892 3595 1107 3674 turbationum
1125 3602 1268 3659 auctor.''
1288 3618 1391 3680 porro

305 3676 474 3737 Dioscorus
495 3676 640 3757 deposuit
664 3684 695 3737 et
716 3674 952 3738 Theodoretum
980 3688 1013 3740 et
1033 3680 1107 3741 lban
1128 3691 1161 3741 et
1186 3681 1341 3743 Andream
1359 3691 1393 3743 et

304 3760 463 3820 Domuum
480 3760 709 3820 Antiochenam
728 3769 760 3820 ct
783 3760 857 3823 alios
874 3762 1046 3826 Orientales
1069 3764 1242 3847 episcopos.
1284 3765 1392 3826 Theo.

306 3840 409 3905 dusius
429 3850 532 3905 autem
552 3842 724 3925 imperator
744 3844 867 3907 mobilis
881 3854 950 3907 erat
971 3847 1057 3909 omni
1070 3855 1164 3909 rento
1184 3848 1392 3927 circumlatus,

341 4065 366 4135 *)
386 4062 441 4115 loci
460 4062 538 4137 seru}
559 4064 714 4117 Anastasius
725 4067 754 4119 iu
774 4069 920 4121 collatione
931 4069 957 4120 S.
978 4070 1085 4121 Maximi
1104 4071 1240 4137 martyris:
1259 4088 1391 4140 compun-

377 4142 434 4185 etus
459 4134 588 4188 divinitus
612 4145 736 4209 praetor,
756 4139 812 4193 imo
838 4140 892 4193 loci
916 4150 1034 4194 serrator
1052 4144 1191 4212 praetoris.
1216 4158 1241 4195 r.
1259 4142 1338 4211 gloss.
1355 4142 1391 4194 ad

377 4204 493 4259 Cedren.
529 4208 607 4261 Fara.
