3050 4900
269 254 318 328 90
425 255 636 330 inmisit
667 261 863 332 usiosis
894 263 1208 334 scctsssas'rlcs

269 434 496 499 interemerunt
515 455 596 498 eum.
637 441 671 498 st
691 454 768 497 vero
780 436 909 498 Aeacius
930 438 1077 520 magister
1096 436 1242 517 militum,
1264 448 1362 527 quot·

177 525 351 602 psssquos
373 538 486 602 capere
506 519 624 601 potuit,
648 517 816 582 interfecit.
859 519 937 582 haec
957 518 1084 584 audiens
1097 521 1274 604 imperator
1293 525 1362 585 ira-

268 611 318 664 tus
339 609 384 666 est
406 599 551 664 adversus
574 623 636 665 eos.
690 623 792 686 porro
813 602 983 666 Dioscorus
1007 604 1216 668 interveniens
1237 604 1362 690 mitiga.

267 686 314 747 vit
333 705 413 748 enm.
465 685 550 748 inter
581 685 672 748 ludos
701 707 779 749 vero
810 694 842 748 et
869 687 979 750 Persas
1008 698 1147 752 castrum
1166 697 1212 750 est
1233 691 1361 754 nomine

268 767 447 842 Zubdaber‚
469 769 524 832 ubi
544 770 655 831 multas
676 769 822 852 pecunias
844 779 877 832 et
903 769 1020 852 lapides
1043 773 1197 854 pretiosos
1219 793 1282 834 esse
1300 775 1362 835 Ca-

267 849 361 914 badas
381 871 436 914 rex
453 852 619 918 Persarum
639 852 793 930 ediscens,
813 855 985 937 quaerebat
999 854 1062 916 hoc
1084 855 1360 936 comprehendere.

204 973 209 983 ·
270 934 433 998 daesnoues
462 946 568 998 nutem
594 936 664 1000 loco
685 936 851 1000 insidentes
874 937 1086 1019 prohibebant
1114 938 1200 998 illum
1222 960 1258 1022 ag
1282 939 1360 1002 redi.
1455 953 1461 963 ’

269 1019 354 1080 omni
375 1038 450 1101 ergo
473 1029 559 1082 mota
581 1020 808 1104 excogitatione
834 1042 885 1082 ma
907 1041 1001 1084 orum
1021 1042 1158 1096 suornm,
1184 961 1361 1106 deindeque

271 1101 458 1164 ludaeorum
478 1103 607 1166 consilio
626 1106 809 1182 frustratus,
829 1044 966 1166 credidit
986 1125 1046 1188 per
1065 1107 1250 1168 orationem»
1264 1105 1360 1167 Chri.

269 1186 464 1264 suanorum,
488 1207 567 1270 qnae
587 1187 623 1248 iit
643 1187 683 1250 ad
703 1187 806 1265 deum,
827 1186 902 1250 hnic
923 1189 1094 1264 dominari;
1123 1199 1156 1252 et
1177 1190 1359 1272 episcopum
1397 1191 1400 1199 '

294 1269 426 1332 nondam
452 1269 719 1349 Christianorum,
741 1273 798 1354 qni
819 1271 903 1352 apud
928 1272 1038 1334 Persas
1059 1281 1160 1345 eraut,
1183 1293 1279 1355 super
1299 1273 1361 1336 hoc

269 1289 453 1434 deprecatus
474 1362 529 1416 est.
572 1355 626 1438 qui
647 1355 778 1418 collecta
798 1355 955 1419 celebrata
988 1355 1169 1418 divinorum
1191 1356 1360 1442 mysterio..

268 1457 340 1500 rum
354 1436 558 1519 participatus
572 1447 626 1522 est,
648 1449 680 1503 et
692 1437 842 1502 accedeus
861 1437 901 1500 ad
922 1439 1210 1517 locumdaemoues,
1234 1440 1290 1523 qui
1312 1439 1358 1501 illi

267 1517 411 1598 inerant,
433 1521 575 1604 pepulit,
608 1531 641 1586 et
662 1523 728 1586 sine
759 1521 871 1588 labore
904 1532 1041 1586 castrum
1064 1523 1183 1586 Cahadi
1211 1523 1356 1584 tradidit.

265 1605 456 1685 stupefactus
475 1613 580 1668 autem
599 1625 693 1688 snper
727 1605 791 1670 hoc
811 1606 900 1688 signo
923 1605 1060 1668 Cabades
1084 1608 1186 1689 prima
1207 1605 1358 1669 cathedra

266 1689 448 1770 episcopum
467 1687 647 1768 honoravit,
669 1711 742 1752 cnm
762 1709 860 1773 usque
886 1689 926 1752 ad
945 1688 1029 1750 illud.
1043 1698 1164 1774 tempus
1184 1688 1360 1752 Manichaei

268 1779 364 1853 atque
386 1769 492 1834 ludaei
512 1771 746 1854 praesiderents
769 1792 872 1858 porro
886 1773 1064 1838 volentibus
1084 1774 1237 1858 baptisari
1257 1773 1359 1838 licen-

266 1861 343 1916 tsans
365 1853 520 1936 praebuit.

318 1961 483 2024 .Vicesimo
493 1961 625 2044 septimo
636 1959 761 2046 imperii
770 1946 918 2025 bnastdsii
930 1984 1012 2026 anno
1027 1963 1108 2028 vidit
1120 1963 1202 2028 idem
1217 1964 1356 2048 impera.

268 2050 322 2104 tor
334 2044 365 2107 in
375 2045 442 2107 visu
451 2044 555 2106 virum
568 2045 752 2124 terribilem,
764 2055 943 2130 portantem
956 2047 1114 2122 codicem
1127 2049 1182 2133 qui
1193 2047 1276 2110 hunc
1286 2070 1360 2132 ape-

170 2129 360 2206 posennus,
381 2137 412 2191 et
425 2127 580 2192 inveniens
601 2150 714 2190 nomen
735 2130 943 2212 imperatoris,
965 2129 1041 2193 dicit
1058 2131 1087 2194 ei
1107 2133 1201 2195 “ecce
1219 2141 1357 2216 propter

265 2212 378 2274 malam
398 2211 491 2275 fidem
513 2221 601 2274 tuam
622 2212 710 2276 deleo
734 2213 1015 2299 quattuordecim,’'
1028 2225 1060 2278 et
1082 2214 1198 2278 delevit
1218 2237 1280 2278 eos.
1302 2236 1356 2278 ex.

266 2295 460 2380 pergefactus
480 2303 603 2374 sutem,
634 2305 667 2359 et
686 2295 836 2360 advocato
857 2297 1041 2360 Adamantio
1063 2299 1254 2382 praeposito,
1277 2299 1357 2362 dixit

267 2379 296 2441 ci
316 2379 474 2442 visionem.
515 2379 568 2441 “et
597 2385 675 2465 ego'’
706 2382 750 2444 ait
771 2381 856 2453 “vidi
877 2382 954 2445 haec
974 2384 1032 2445 ista
1053 2394 1164 2461 nocte,
1193 2383 1266 2467 qaia
1285 2384 1359 2444 assi·

266 2462 360 2527 stenti
380 2462 457 2525 mihi
479 2462 612 2547 imperio
637 2475 694 2528 tuo
715 2487 830 2549 porcus
850 2489 977 2551 magnus
998 2468 1135 2547 veniens,
1158 2475 1190 2530 et
1210 2488 1357 2549 compre-

265 2548 359 2611 hensa
379 2556 539 2629 praetexta
561 2570 649 2628 mea,
670 2549 804 2632 proiecit
832 2572 883 2613 mc
916 2553 947 2613 in
968 2558 1088 2611 terram
1117 2560 1149 2613 et
1171 2550 1358 2613 interemit.”

265 2642 439 2693 convocato
462 2654 538 2714 crgo
549 2632 688 2694 Proculo
720 2634 902 2696 coniectore
921 2638 946 2710 s)
965 2631 1064 2694 'edixit
1083 2634 1112 2696 ei
1133 2656 1215 2718 quae
1232 2636 1358 2697 inerant

265 2716 350 2795 risa3
384 2715 438 2795 qni
464 2713 552 2799 qnod
572 2716 664 2778 ambo
687 2716 795 2777 iurent
813 2724 884 2797 post
904 2715 1066 2798 paululum
1094 2718 1243 2780 morituri
1265 2738 1358 2801 prae·

266 2796 353 2861 dixit.
394 2796 562 2861 Timotheo
594 2818 671 2860 vero
709 2797 1016 2883 constantinopoleos
1042 2800 1190 2883 episcopo
1214 2810 1357 2882 mortuo,

265 2882 411 2945 loannem
436 2880 654 2963 Cappadocem
675 2882 856 2965 episcopum
887 2890 920 2946 et
946 2884 1114 2966 syncellum
1134 2884 1358 2947 Constantino.

265 2964 374 3048 poleos
403 2964 584 3047 episcopum
615 2975 815 3029 creaverunt.
868 2964 921 3027 hic
953 2976 1150 3029 consecratus
1177 2968 1274 3030 tertio
1307 2968 1357 3032 die

265 3050 396 3133 paschae
417 3048 620 3132 apostolicam
642 3050 768 3113 indutus
789 3059 834 3112 est
858 3050 979 3115 stolam.
1020 3050 1154 3134 populns
1177 3060 1281 3113 autem
1301 3051 1355 3138 ¹¹¹.-

265 3135 408 3197 stantiam
428 3132 558 3197 mnltnm
576 3134 686 3216 agebat
699 3145 736 3195 nt
749 3136 880 3195 loannes
895 3132 1172 3197 anathematizaret
1191 3136 1356 3197 Severum.

266 3240 365 3301 porro
387 3218 494 3281 eodem
516 3238 599 3280 nnnc
622 3226 766 3280 mortuns
796 3226 841 3281 est
862 3217 973 3299 impius
993 3220 1177 3296 Anastasius,
1199 3231 1229 3280 et
1253 3218 1355 3301 impe·

268 3302 348 3364 ravit
370 3302 440 3383 pius
453 3302 585 3363 lustinus
605 3322 667 3384 pro
689 3322 740 3380 eo,
759 3301 811 3363 vir
823 3301 930 3364 senior
940 3310 974 3364 et
985 3302 1118 3362 multum
1135 3303 1276 3384 peritus,
1299 3302 1355 3385 qni

267 3408 285 3448 a
307 3384 454 3447 militibus
476 3384 624 3466 iucipiens
644 3405 742 3469 usqua
763 3385 802 3447 ad
822 3396 963 3448 meatum
981 3386 1127 3467 profecit,
1150 3384 1288 3470 illyricus
1303 3406 1359 3467 ge·

268 3491 353 3531 nere.
405 3467 532 3551 qnidam
562 3477 665 3531 antem
686 3470 775 3533 aiunt
802 3467 889 3554 qnod
910 3468 1017 3532 divino
1043 3468 1174 3531 fulmine
1195 3489 1358 3554 percussus

268 3550 441 3616 Anastasius
461 3550 612 3636 periisset.

351 3650 462 3715 Mundi
483 3672 566 3714 anno
578 3648 671 3731 6011,
693 3649 816 3715 divinae
834 3651 1056 3715 iucarnationis
1081 3674 1162 3714 anno
1183 3650 1256 3730 511,
1275 3672 1358 3712 anno

134 3750 224 3826 past
243 3737 392 3821 pimperii
410 3734 515 3799 lastini
535 3735 651 3819 primo,
664 3735 837 3798 Vitalianus
856 3746 1075 3819 postmortem
1088 3736 1235 3797 Anastasii
1256 3736 1358 3797 eidem

267 3818 453 3906 imperatori
473 3820 564 3884 valde
585 3818 745 3883 familiaris
765 3818 892 3885 effectas
914 3828 979 3897 cst,
1001 3820 1044 3883 ita
1064 3827 1101 3881 nt
1121 3820 1227 3882 consul
1247 3817 1357 3903 appel-

301 4051 509 4121 qcontsctors]
536 4046 665 4105 Glossass
693 4048 741 4106 dre
826 4052 882 4117 inre
907 4050 1060 4113 coniector,
1083 4048 1294 4111 annunciator,
1309 4064 1355 4103 so·

336 4122 469 4177 maiorum
489 4123 631 4193 interpres.
649 4138 674 4174 r·
692 4123 779 4176 Plaut.
820 4121 904 4175 urcul.
929 4130 982 4176 act.
999 4122 1017 4175 2
1035 4137 1071 4173 sc
1091 4125 1105 4179 1
1123 4128 1152 4175 et
1167 4120 1194 4175 2.
1230 4120 1311 4175 has.
