3050 4900
500 403 551 466 ax
580 363 839 470 anscausus.
1139 399 1207 471 sss

122 595 297 667 pugnasset,
316 585 449 668 septimo
479 608 561 648 anno
582 609 659 670 paco
688 597 840 672 perceptu
871 611 941 652 cum
963 591 1078 674 ingenti
1101 583 1215 674 gaudio

122 669 426 752 Constantinopolim
450 674 609 748 remeavit,
633 673 793 757 mysticam
814 677 846 734 in
866 674 929 736 lroc
951 675 1104 758 quandam
1126 674 1215 735 theo-

123 754 198 814 riam
219 752 396 834 adimplens.
439 755 470 814 in
489 775 540 815 sex
559 758 677 838 quippe
698 756 806 819 diebus
826 758 901 820 deus
921 759 1065 821 uniuersa
1087 758 1214 822 couditt

119 845 260 898 creatura
274 839 435 919 septimam
447 839 566 921 requiei
582 837 663 900 diem
677 840 819 902 vocavite
841 842 884 902 ita
897 849 931 903 et
942 842 1008 924 ipse
1026 843 1058 903 iu
1080 865 1130 904 sex
1152 859 1214 901 ans

121 919 174 994 nis,
198 922 304 981 multis
320 919 464 1004 impensis
486 920 654 998 laboribus,
676 925 809 1006 septimo
831 945 913 985 anno
934 946 1076 987 reversus
1095 926 1136 986 ad
1154 947 1213 985 ur.

116 1003 186 1064 bem
210 1021 377 1086 cumpace
398 1025 435 1065 ac
455 1003 596 1086 tripudio
618 1007 781 1089 requierit.
823 1009 1081 1091 porropopnlus
1100 1008 1211 1070 cirita-

116 1087 163 1161 tis,
184 1083 322 1148 adventu
356 1087 449 1168 ipsius
479 1087 603 1164 audito,
631 1090 824 1152 intolerabili
857 1093 962 1153 cuncti
993 1091 1147 1154 desiderio
1176 1091 1307 1165 iussos

114 1169 253 1232 Hierimo
275 1170 401 1232 obviam
424 1170 467 1232 illi
491 1193 552 1232 una
573 1193 644 1234 cnm
668 1175 850 1254 patriarcha
869 1183 902 1236 et
921 1174 1125 1238 Constantino
1147 1176 1210 1236 irn-

114 1262 265 1334 peratore
286 1254 351 1315 lilio
372 1255 437 1316 eius
460 1255 572 1338 egressi
593 1263 679 1334 sunt,
697 1266 860 1338 portantes
881 1278 983 1319 ramos
1006 1261 1161 1322 olivarum
1177 1269 1210 1320 et

116 1338 283 1420 lampades,
305 1337 463 1399 laudantes
485 1361 555 1399 cum
581 1339 792 1422 gratulatione
814 1363 851 1402 ac
872 1341 1016 1404 lacrimis.
1060 1341 1209 1404 accedens

115 1431 219 1482 sutem
243 1421 322 1482 filins
342 1421 406 1482 eius
428 1421 541 1484 cecidit
576 1421 616 1484 ad
637 1425 729 1505 pedes
752 1424 855 1506 ipsius,
874 1435 906 1488 et
927 1445 999 1486 curn
1020 1425 1209 1508 amplexatus

113 1512 188 1566 essct
210 1525 294 1582 eum,
315 1503 497 1566 infuderunt
518 1505 610 1568 ambo
634 1507 766 1569 lacrimis
791 1517 917 1570 terram.
938 1505 999 1569 lsoc
1020 1519 1125 1572 autem
1145 1529 1208 1590 po·-

113 1589 203 1668 pulus
227 1587 391 1670 inspecto,
425 1589 562 1650 universi
595 1589 653 1652 deo
680 1591 809 1674 hymnos
839 1591 996 1674 gratificos
1020 1593 1206 1653 retulerunt.

112 1672 220 1754 sieque
250 1671 374 1732 demum
407 1683 551 1754 suscepto
587 1675 780 1756 imperatore
808 1677 921 1738 urbem
951 1674 1121 1739 exaltantes
1153 1675 1206 1737 iu·

114 1755 208 1836 gressi
229 1763 310 1818 runt.

191 1880 283 1940 Anno
308 1877 429 1963 imperii
450 1875 584 1940 Heraclii
601 1877 637 1941 19
651 1877 750 1944 Persis
772 1901 825 1945 rer
838 1879 956 1969 ¹Adesir
975 1889 1094 1966 septem
1114 1902 1206 1942 men-

110 1961 190 2024 sibus
213 1962 360 2044 praefuit.
382 1963 556 2044 imperator
579 1972 679 2026 autem
702 1966 862 2046 profectus
877 1988 895 2025 a
915 1967 1000 2047 regia
1019 1966 1109 2041 urbe,
1131 1986 1203 2026 cum

110 2067 175 2106 mor
205 2067 261 2108 ver
281 2046 474 2122 accessisset,
502 2045 751 2132 Hierosolymam
773 2047 889 2126 tendit,
916 2049 1054 2132 pretiosa
1075 2047 1149 2111 illuc
1172 2057 1203 2110 et
1284 2051 1289 2061 '

110 2129 231 2190 vivifica
254 2129 335 2214 ligna
365 2129 542 2212 reportsus'
560 2131 598 2192 ad
627 2131 800 2214 gratiarum
828 2132 888 2193 deo
909 2132 1045 2194 actiones
1068 2131 1204 2194 redden·

112 2211 170 2276 das.
196 2235 331 2297 cumque
351 2213 550 2275 Tiberiadem
572 2213 702 2292 adiisset,
731 2235 914 2277 accusavere
934 2215 1102 2291 Christiani
1122 2216 1204 2276 Ben-

112 2296 205 2357 iamin
237 2295 391 2379 quendum
415 2298 540 2358 nominc
562 2299 647 2382 quasi
663 2296 741 2359 mala
755 2299 813 2360 sibi
828 2299 1008 2361 facientem:
1030 2308 1098 2363 erat
1120 2297 1203 2360 enim

111 2377 277 2442 admodum
299 2381 481 2461 opulentum
506 2381 560 2465 qui
580 2383 713 2465 suscepit
735 2379 960 2464 imperatorem
979 2392 1011 2444 et
1031 2380 1204 2444 exercitum

110 2464 183 2525 eius.
227 2472 274 2525 ast
296 2464 468 2547 imperator
499 2465 655 2528 damnauit
679 2487 771 2541 eum,
794 2466 1039 2550 “quamobrem''
1060 2463 1203 2547 iuquiens

109 2546 276 2609 “molestus
296 2569 326 2610 es
350 2547 580 2610 Christianisl''
623 2548 676 2691 spui
694 2548 743 2611 'ait
761 2548 818 2608 “ut
839 2547 970 2610 inimicis
992 2548 1065 2609 lidei
1084 2544 1305 2624 meae.’‘p.btta

109 2636 180 2693 tunc
205 2630 381 2713 imperator
407 2629 600 2717 admonitum
656 2652 717 2693 unc
739 2640 771 2693 et
803 2628 842 2693 ad
869 2626 1059 2693 credendum
1079 2650 1202 2693 suasum

107 2712 281 2797 baptisavit
316 2714 346 2775 in
370 2712 464 2777 domo
484 2712 643 2778 Eustachii
663 2712 873 2797 Neapolitani,
905 2714 1013 2798 quiet
1034 2715 1108 2797 ipse,
1130 2734 1202 2777 cum

109 2796 302 2861 Christianus
322 2808 408 2876 esset,
430 2800 652 2881 imperatorem
673 2796 803 2880 excepit.
844 2801 996 2883 ingressus
1016 2798 1121 2881 itaque
1142 2797 1202 2857 im·

107 2882 504 2965 peratorllierosclymsrn,
528 2882 671 2947 restituto
687 2890 751 2943 tam
761 2881 927 2945 Zaccharla
944 2882 1091 2963 pontifice
1107 2902 1201 2965 quam

107 2964 204 3027 almae
237 2967 337 3027 crucis
367 2964 558 3029 honorandis
580 2987 617 3027 ac
643 2964 773 3027 viviticis
792 2966 881 3049 liguis
902 2966 934 3027 in
958 2964 1126 3047 proprium
1149 2965 1202 3027 lo.

106 3068 185 3127 cum,
206 3048 355 3130 plurimas
375 3048 435 3109 deo
458 3057 559 3133 grates
580 3048 653 3132 egit,
674 3048 830 3132 pulsisque
851 3048 890 3111 ab
912 3048 991 3110 urbe
1012 3056 1116 3109 sancta
1136 3046 1202 3123 He?

105 3128 206 3194 bracis
230 3132 315 3193 iussit
330 3153 391 3194 uon
409 3130 524 3194 habere
538 3130 606 3195 illos
619 3141 803 3215 potestatem
814 3132 945 3216 propius
964 3130 1062 3193 almae
1082 3128 1203 3190 civitati

107 3236 202 3296 quam
224 3216 323 3279 trihus
346 3214 469 3277 milibus
490 3216 775 3300 appropinquandi.
816 3238 889 3279 cum
914 3220 1018 3276 autem
1039 3212 1201 3295 pervenis-

106 3308 148 3359 set
170 3296 213 3357 ad
235 3296 415 3377 Hedessam,
444 3300 627 3361 orthodoxis
655 3298 813 3362 ecclesiam
832 3294 979 3373 reddidit,
999 3317 1078 3379 quae
1099 3316 1118 3355 a
1138 3296 1200 3358 tte·

104 3382 251 3447 storianis
273 3381 446 3444 aChosrois
466 3389 609 3465 tempore
629 3382 806 3445 tenebatur.
848 3392 880 3443 et
901 3381 1025 3442 veniens
1044 3377 1200 3459 Hierapo-

105 3462 155 3525 lim
180 3464 303 3527 audivit
325 3463 410 3550 quod
426 3465 545 3529 Sirolris
566 3488 619 3529 rer
631 3464 797 3529 Persarum
815 3464 896 3527 diem
916 3462 1070 3525 clausisset
1093 3472 1199 3527 extre-

104 3568 200 3623 mum,
221 3556 255 3611 et
277 3548 384 3611 Adesir
402 3547 492 3611 huius
515 3548 593 3610 lilius
617 3550 646 3612 ei
667 3549 699 3610 in
720 3550 808 3635 regni
828 3548 978 3647 regimine
995 3546 1196 3640 successisset.

105 3634 155 3712 qni
179 3653 253 3695 cum
281 3644 400 3715 septem
426 3632 581 3695 mensibus
611 3632 758 3697 tenuisset
781 3633 1010 3716 principatum,
1031 3630 1198 3692 insurrexit

104 3715 248 3776 adversus
278 3738 350 3778 eum
379 3716 583 3794 Sarbarazas,
605 3716 659 3801 qui
682 3738 718 3777 eo
741 3736 887 3800 percusso
910 3715 1075 3799 imperavit
1095 3711 1197 3775 Persis

103 3798 255 3860 mensibus
278 3798 408 3863 duobus.
431 3799 492 3861 hoc
512 3806 614 3863 autem
628 3800 740 3863 Persae
755 3800 921 3863 interiecto
945 3798 1080 3861 Baraniu
1100 3816 1196 3878 prac-

104 3880 245 3943 tuleruut
276 3882 307 3943 in
329 3904 453 3967 regem,
476 3883 574 3945 lilium
603 3882 766 3963 Cbosrois,
800 3884 852 3968 qui
876 3904 1007 3967 regnum
1028 3880 1195 3941 Persarum

102 3972 219 4045 septem
248 3966 350 4028 tenuit
379 3966 543 4029 mensibus.
593 3988 694 4051 porro
730 3967 804 4031 huic
832 3966 975 4029 suecessit
1003 3958 1194 4039 Hormisdas,

104 4067 167 4127 quo
189 4071 207 4110 a
224 4048 385 4113 Saracenis
408 4050 623 4133 pulsofactum
647 4058 693 4113 est
708 4073 837 4135 regnum
857 4050 1022 4112 Persarum
1042 4046 1098 4111 sub
1113 4048 1195 4109 Ara·

103 4128 195 4193 bibus
216 4154 314 4217 usque
335 4134 367 4195 in
387 4132 576 4198 hodiernum
600 4132 690 4195 diem.

112 4258 117 4267 '
188 4254 294 4319 Mundi
316 4280 399 4321 auno
412 4258 504 4339 6121,
527 4260 650 4324 divione
670 4259 891 4333 iucarnationis
913 4274 994 4320 anuo
1013 4252 1087 4336 (iil,
1110 4269 1291 4342 annopnns

207 4380 382 4455 Theophanes
399 4386 435 4439 ll.
966 4380 999 4434 11
1018 4448 1025 4458 ·
1110 4378 1116 4389 ’
