3050 4900
282 272 356 349 noo
641 288 682 349 tlt
707 282 986 348 'mmanaann

363 448 435 531 499,
459 447 507 519 lt
548 454 579 518 Γ
578 450 804 535 υιιδαβοιὸιας]
840 452 884 515 tta
903 451 1032 537 Peyron.
1057 450 1163 518 codes.
1189 452 1300 536 scripti
1321 464 1371 515 ta.

283 558 353 601 men
373 539 535 621 poenitens
558 537 588 600 Γ
587 538 786 617 οιδαβιασᾶι
806 536 867 598 hac
893 534 1196 683 amomis
1223 537 1370 600 librarius

282 622 408 703 repetit.
448 623 620 685 Anastasius
640 622 761 705 puriter
781 619 907 703 scripsit
1184 665 1194 700 ,
1227 632 1260 685 et
1281 622 1372 684 Guru-

279 704 447 769 ᾰαὺιιιααι.

362 808 435 887 500,
447 810 477 877 8.
519 810 615 893 δηλοῖ
629 806 743 897 osiris]
765 812 928 899 antiptosis
947 809 1119 875 modernae
1139 810 1288 875 Graeciae
1308 813 1372 875 usi·

281 894 428 958 tutissima
451 896 518 957 vioe
539 894 634 981 αὐτῷ.

361 1004 443 1067 thid.
461 1000 508 1067 10.
557 996 719 1081 γινώσκεις
739 1000 924 1086 ἧπιιλιιιία]
936 1002 1112 1069 correctius
1131 1002 1238 1066 variae
1258 1002 1372 1067 lectio-

280 1108 348 1149 ness
370 1084 532 1167 γινώσκεις
553 1081 600 1149 ὅτι
619 1084 639 1167 ἡ
659 1086 810 1151 πολιτιιά.

351 1210 432 1312 ,⁶9¹³
456 1210 485 1273 7.
523 1208 645 1289 Ἐσδίμ]
667 1210 793 1357 ριιῐὶοι·
813 1233 874 1312 ιρι
890 1202 1011 1289 ’lendin
1029 1211 1062 1273 in
1076 1211 1205 1309 Peyrea.
1226 1218 1367 1308 reperta:

278 1303 448 1379 gmtrasima
465 1295 584 1359 desdam
604 1316 665 1380 apn
702 1300 905 1361 anastasium:
926 1296 1046 1359 leudem
1067 1316 1151 1358 euun
1170 1295 1275 1357 domos
1293 1294 1370 1375 legi·

280 1402 348 1441 ”¹¹²⁸
360 1402 433 1561 lidi,
444 1482 473 1547 7.
514 1480 640 1565 εἰρήνης
657 1484 838 1566 γενομένης]
858 1482 964 1547 literas
976 1484 1063 1567 pacis
1075 1482 1212 1560 nuncies,
1232 1492 1264 1545 et
1277 1504 1371 1566 prae-

278 1569 455 1633 cedentium
477 1568 611 1630 Heraclii
640 1579 800 1651 gestorum
832 1570 1046 1630 narrationem
1076 1568 1269 1629 continentes
1289 1588 1370 1649 pro.

277 1656 340 1717 fert
359 1650 687 1715 chronicouhlexand.
709 1651 749 1713 ad
768 1650 854 1713 huuc
873 1672 1006 1713 aunum:
1027 1648 1069 1711 ad
1087 1651 1221 1713 eundem
1244 1649 1371 1735 quinta

278 1760 313 1803 ex
336 1736 518 1801 scholiastae
537 1734 682 1813 calculis,
704 1733 898 1819 Nicephorus
927 1742 1054 1797 narrata
1074 1736 1248 1795 coufirmat.

356 1844 438 1908 [hid.
459 1836 507 1905 13.
548 1840 583 1905 s’v
601 1842 634 1918 ἓξ
655 1836 750 1927 ἔτεσι]
780 1864 852 1905 cnm
873 1842 996 1925 septimi
1017 1849 1110 1926 parto
1139 1841 1368 1924 spectatissima.

277 1924 317 1989 ad
339 1949 455 2009 aunum
476 1925 594 2009 qnippe
614 1926 814 2008 superiorem
834 1926 933 1988 relata
955 1935 1078 2005 cuncta,
1099 1926 1191 1987 unius
1211 1926 1284 1987 anni
1307 1926 1371 1987 cir.

277 2009 365 2073 cuitu
394 2009 510 2071 absolvi
538 2030 602 2071 non
630 2011 769 2093 potuisse
798 2030 835 2071 ex
871 2018 1031 2092 gestorum
1070 2007 1304 2071 characteribus
1335 2008 1369 2071 in

279 2092 431 2155 chronico
454 2088 661 2156 Alexandrino
695 2092 804 2176 positis
844 2104 1006 2175 nequeunt
1029 2092 1145 2154 absolvi
1158 2136 1169 2171 ,
1197 2100 1296 2175 prout
1316 2113 1370 2152 ar.

277 2186 350 2273 gnte
367 2176 568 2321 pgmonstrat
585 2175 730 2240 Patavina
751 2176 784 2237 iu
808 2174 1022 2262 Nicephorum
1043 2196 1114 2260 pag.
1138 2174 1282 2239 editionis
1305 2176 1370 2239 aa.

279 2280 349 2345 glfle
410 2304 419 2321 ο

358 2365 442 2429 Ibid.
463 2364 513 2428 20.
555 2358 629 2429 ddi
642 2361 730 2439 Ιλαός
752 2365 810 2448 τῆς
830 2360 964 2452 πόλεως]
986 2365 1181 2451 Nicephorns
1204 2388 1275 2451 pag.
1297 2367 1346 2429 15.

359 2469 432 2556 504,
450 2473 497 2538 13.
539 2463 665 2554 ἆιιάρας
688 2467 705 2536 o‘
726 2469 880 2555 βασιλεῦς
898 2467 967 2553 ἅμα
985 2473 1028 2561 τῷ
1049 2469 1134 2557 ἔαρι]
1153 2473 1331 2538 Heracliam
1349 2496 1370 2538 c

276 2555 406 2624 Perside
436 2579 507 2622 cum
539 2559 672 2622 victoria
702 2558 885 2622 redeuntem
913 2559 1158 2643 Hierosolymam
1180 2561 1243 2622 iter
1262 2559 1369 2642 primu

278 2641 447 2720 direxisse,
474 2652 506 2705 ct
526 2649 633 2704 sancta
652 2662 746 2705 cruce
767 2643 799 2703 in
821 2664 890 2704 eam
910 2643 1005 2720 illata,
1026 2651 1059 2706 et
1081 2643 1259 2707 Christiano
1277 2663 1371 2705 more

279 2724 409 2788 exaltata
440 2727 507 2810 (qui
534 2725 612 2788 ritus
636 2725 740 2787 crucis
766 2733 813 2787 est
841 2725 997 2808 exultatio)
1026 2737 1059 2788 et
1090 2749 1162 2790 mox
1184 2727 1369 2810 Byzantium

278 2807 384 2886 missa,
408 2807 507 2891 ipsum
531 2807 656 2870 tandtua
679 2807 710 2868 in
726 2809 844 2892 regiam
871 2811 982 2871 urbem
1001 2830 1174 2893 regressum
1195 2819 1370 2873 auctorest
1417 2861 1423 2872 .

276 2891 491 2973 Nicephorius,
514 2891 569 2976 qui
598 2889 739 2955 victoriis
759 2900 794 2954 et
821 2891 935 2955 itincre
960 2894 1241 2979 Hierosolymitano
1263 2892 1369 2954 relatis

276 2975 390 3054 subdit,
412 2977 480 3053 μετ’
509 2972 548 3035 oo'
569 2969 650 3036 notri
682 2974 717 3037 dl
751 2975 807 3037 stoi
819 2971 1007 3054 Ἡράκλειος
1036 2975 1114 3056 πρὸς
1134 2973 1170 3040 τὸ
1191 2973 1371 3051 Βυζάντιον

276 3053 395 3140 ἐχώρει
415 3053 479 3120 dud
500 3056 616 3138 πολλῆς
629 3055 792 3141 ια’φημίας
810 3056 868 3119 noi
884 3057 977 3141 δόξης
997 3056 1257 3139 ὖιιιρβιιλλοιὶσης
1278 3053 1367 3138 παρὰ

276 3141 342 3202 scir
369 3141 469 3204 destos
500 3139 638 3220 δεχθείς.
674 3143 770 3226 paulo
800 3155 870 3225 post
889 3164 966 3204 nero
988 3143 1156 3206 Heraclius
1184 3145 1392 3221 nmmum·

276 3225 394 3286 rediem
414 3227 598 3306 cumfusum
625 3226 758 3287 omnium
787 3226 1025 3304 eommunia,
1056 3241 1147 3312 utque
1165 3228 1281 3308 ingenti
1300 3247 1368 3286 mu·

274 3309 454 3390 griificentia
476 3330 501 3372 α
519 3309 632 3370 cioibiu
652 3321 786 3394 receptur
804 3321 857 3370 ert.
870 3315 930 3370 ete.
948 3309 1153 3392 Theophanes
1172 3332 1208 3373 ex
1234 3310 1368 3370 adverso

276 3391 430 3456 rictorem
449 3391 627 3456 Heraclium
646 3393 709 3454 ΟΡ.
731 3390 879 3466 revisisse,
900 3401 969 3454 tum
989 3393 1090 3456 altero
1112 3415 1193 3454 anno
1216 3393 1367 3454 Hieroso.

277 3473 391 3556 lymam
413 3497 516 3539 versus
543 3497 575 3536 se
595 3475 760 3538 contulisse
779 3484 907 3558 pugnat.
949 3476 982 3536 iu
1005 3485 1092 3538 tanta
1111 3499 1217 3538 renam
1231 3473 1368 3537 Heraclii

276 3558 468 3640 scriptorum
490 3558 662 3622 differentia
682 3581 776 3642 quem
797 3559 1033 3642 interponamus
1055 3560 1115 3621 litis
1138 3560 1280 3643 iudicem,
1302 3579 1368 3620 non

276 3643 424 3724 suppetit.
473 3641 538 3722 ipse
567 3639 759 3724 Nicephorus
800 3641 887 3704 litem
921 3643 1057 3725 propriis
1098 3645 1202 3706 verbis
1231 3642 1368 3704 dirimat.

276 3735 421 3789 ananan
443 3745 536 3812 qnam
557 3725 660 3809 ample
680 3725 814 3788 Heraclii
832 3726 1079 3810 Hierosolymam
1102 3728 1311 3811 profectione,
1329 3745 1369 3786 ac

276 3813 388 3888 crucis,
411 3809 435 3871 si
459 3831 532 3872 vere
556 3809 639 3870 foret
660 3833 677 3872 a
698 3809 841 3870 barbaris
863 3810 1016 3887 restituta,
1038 3813 1120 3872 lacto
1142 3811 1291 3888 examine,
1314 3830 1369 3871 ea-

277 3891 347 3954 dem
368 3893 514 3975 prohatn‚
536 3893 676 3970 exaltata,
698 3904 730 3955 et
752 3893 813 3955 GP.
835 3893 943 3970 missa,
963 3894 1100 3955 Heraclii
1121 3895 1227 3956 reditu
1249 3893 1280 3952 in
1300 3914 1368 3954 eam

277 3975 388 4038 urbem
410 3975 547 4039 noudum
577 3985 769 4053 inemorato,
797 3975 975 4060 subiungitz
1003 3977 1138 4054 δευτέρα
1169 3976 1207 4040 δὲ
1225 3967 1266 4056 ἦν
1287 3973 1369 4037 lvde-

274 4055 816 4228 „tsslhl’ttff‘t‘ttht't
839 4059 1367 4209 ''ffititttlt'ttthtt’
