3050 4900
528 308 580 373 EX
616 309 876 377 ἸἨΕΟΡΗΑΝΕ.
1174 309 1247 382 ‘263

110 472 116 481 ’
150 477 262 543 aautils
291 474 394 541 clvillu
426 474 557 541 donavit
589 480 730 559 tributa,
752 481 917 565 Abydiqns
938 503 975 545 ao
996 477 1096 545 Hieril
1116 504 1250 568 eaquae

149 564 304 626 dicuntur
323 564 510 623 commercia
533 562 691 642 relevavit,
713 568 829 646 magnis
846 586 942 647 super
959 565 1006 627 liis
1028 576 1060 628 et
1083 568 1148 629 siliis
1169 567 1249 629 mul·

148 649 190 709 sis
217 646 373 710 beneficiis
394 647 568 729 gratiarum
591 649 765 711 actionibus
777 650 875 711 'frctm

233 780 325 841 Auno
357 778 482 860 imperii
508 780 643 843 Heirene
675 780 788 863 quinto
818 781 922 843 Aetius
950 780 1101 863 petricius
1127 780 1209 843 liber
1230 805 1249 844 a

150 862 319 924 Stauracio
340 862 448 940 fuctus,
470 873 501 926 et
512 863 584 925 ideo
601 868 769 927 securitate
782 866 911 947 potitus,
933 864 1099 946 imperium
1120 865 1160 926 ad
1182 866 1249 926 fra.

148 956 234 1009 trem
256 946 425 1028 proprium
439 948 608 1009 transferre
629 949 797 1031 satagebat,
817 969 911 1031 qoem
927 958 959 1011 et
979 957 1249 1032 monostrategum

148 1030 227 1091 fecit
249 1029 280 1091 in
301 1030 423 1091 'l'hrace
454 1031 545 1091 simul
566 1039 599 1093 et
620 1031 822 1108 Macedonia,
841 1032 908 1115 ipse
938 1032 1089 1094 ulteriora
1111 1030 1248 1096 themate

147 1120 277 1190 lenens,
299 1113 474 1175 Orientales
499 1114 617 1177 scilicet
648 1124 681 1177 et
701 1115 842 1197 Opsicin.
903 1136 976 1177 cum
1004 1135 1081 1197 ergo
1113 1114 1250 1179 elatione

149 1199 287 1259 refertus
309 1206 395 1275 esset,
418 1218 472 1261 eos
491 1198 671 1281 principes,
693 1200 748 1297 qui
769 1197 964 1261 sublimiores
986 1208 1090 1275 eraut,
1108 1198 1250 1263 debone-

146 1290 231 1343 stans
252 1301 313 1363 pro
341 1279 438 1343 nihilo
459 1284 636 1365 reputabat,
657 1304 712 1367 qus
734 1293 766 1343 et
787 1281 877 1345 vuldo
899 1283 1007 1345 maesti
1030 1282 1176 1346 adversus
1195 1304 1249 1345 eos

153 1366 265 1441 effecti,
289 1364 477 1427 simultatem
507 1374 619 1428 contra
646 1366 878 1448 imperatricem
900 1364 1092 1443 meditantes,
1113 1366 1195 1428 bauo
1215 1365 1249 1427 iu

119 1472 133 1495 ·
151 1470 231 1531 opus
249 1448 420 1511 duxerunt.
462 1458 674 1531 pervenerunt
694 1460 799 1511 autem
820 1448 1017 1531 apocrisiarii
1038 1472 1056 1510 a
1078 1448 1195 1511 Carolo
1217 1459 1251 1510 et

149 1532 255 1595 Leone
276 1552 358 1614 papa
389 1532 503 1595 directi
534 1533 573 1593 sd
603 1535 772 1595 Heirenem
791 1533 972 1615 piissimam,
999 1531 1191 1614 postulantes
1214 1540 1250 1593 ut

151 1615 334 1698 iungeretur
363 1615 407 1676 illi
436 1616 475 1678 ad
496 1618 619 1698 nuptias
649 1626 681 1689 et
711 1620 816 1679 uniret
844 1638 901 1679 eoa
931 1624 964 1679 et
988 1614 1146 1697 bespeeim
1168 1636 1251 1699 quac

150 1700 296 1781 profecto
318 1698 504 1777 obaudisset,
526 1702 581 1761 nisi
595 1702 699 1763 Attius
719 1702 788 1779 iste,
811 1700 866 1785 qui
886 1720 979 1781 saepe
997 1698 1098 1761 dictus
1118 1706 1174 1774 est,
1197 1700 1250 1760 in.

151 1782 311 1859 hibuisset,
333 1784 515 1866 praevalens
546 1795 577 1847 et
600 1786 768 1866 imperium
787 1784 820 1847 iu
841 1784 1031 1869 proprium,
1051 1783 1133 1845 sicut
1152 1803 1250 1866 prue-

151 1864 272 1929 dictum
291 1876 349 1947 est,
371 1867 504 1931 fratrem
524 1888 688 1951 usurpans.

232 1992 385 2075 Sequenti
407 2000 620 2067 wicmanno,
646 1992 699 2077 qui
721 2003 766 2055 est
786 1992 906 2074 primus
930 1990 1053 2075 imperii
1064 1986 1245 2072 Nicephori,
1255 2014 1283 2070 p.
1293 1997 1348 2053 738

149 2074 253 2157 pridie
262 2074 406 2139 kalendas
420 2078 623 2139 Novembrios
645 2078 825 2139 indictionis
838 2078 1028 2151 undecimae,
1074 2087 1164 2136 uartu
1187 2096 1248 2136 nc.

151 2160 208 2221 ctis
228 2158 316 2237 bora,
340 2180 412 2223 oum
432 2160 511 2222 feria
532 2158 664 2223 secunda
686 2162 833 2237 lucescit,
855 2161 938 2222 idem
958 2097 1153 2240 Niceplorus
1175 2179 1248 2219 cum

152 2240 303 2384 pistricius
335 2252 411 2305 esset
444 2252 476 2305 et
495 2243 656 2327 logotheta
684 2246 852 2327 generalis,
873 2243 1072 2325 tyrannidem
1102 2243 1249 2303 adsersus

185 2326 317 2387 eirenem
339 2327 504 2409 piissimam
527 2328 718 2405 concitavit,
740 2326 800 2391 dec
828 2326 954 2411 quidem
982 2326 1185 2387 ineffabilibus
1206 2324 1249 2386 ob

154 2408 333 2472 nostrorum
354 2410 586 2474 multitudinem
606 2424 812 2494 peccatorum
825 2410 946 2471 iudiciis
960 2410 1151 2492 indulgente,
1173 2427 1251 2468 coc.

151 2495 334 2575 perentibus
359 2496 387 2558 ei
400 2497 506 2557 Nicetis
531 2495 667 2577 patricio
690 2505 721 2556 et
744 2493 916 2556 domestico
937 2493 1124 2570 scholarum,
1146 2499 1178 2551 et
1198 2491 1250 2551 si-

149 2577 251 2639 sinnio
277 2580 413 2660 patricio
440 2581 541 2641 fratre
568 2578 680 2662 ipsius,
703 2577 777 2639 viris
811 2577 948 2660 periuris
979 2597 1016 2637 ac
1045 2573 1249 2636 fraudulentis

147 2661 331 2745 Triplryliis.
375 2671 466 2724 eraut
487 2674 590 2726 autem
612 2684 684 2723 cum
706 2661 765 2722 illis
787 2669 819 2722 et
840 2663 904 2722 Leo
926 2660 1076 2742 patricius
1098 2659 1251 2720 seranu-

149 2744 271 2827 picbus,
294 2755 325 2808 et
348 2747 534 2830 Gregorius,
551 2747 704 2830 patricius
725 2745 896 2820 Musulucii,
919 2754 951 2806 ct
971 2742 1169 2804 Theoctistus
1190 2761 1251 2822 pa.

149 2828 261 2890 tricies
283 2838 316 2890 et
337 2840 494 2914 quaestor,
523 2841 618 2915 atque
636 2831 748 2892 Petrus
792 2828 929 2904 atr-icius,
951 2827 1130 2888 seducentes
1152 2846 1250 2907 quos-

150 2911 222 2972 dam
245 2933 280 2974 ex
302 2913 445 2996 populo,
474 2913 529 2998 qui
554 2923 644 2976 erant
664 2934 700 2974 ex
723 2849 898 2978 ordinibus.
940 2931 1076 2994 cumque
1095 2908 1251 2970 venissent
1323 2952 1327 2962 .

150 2993 190 3055 ud
209 3006 338 3078 portam
361 3019 442 3082 quae
460 2995 743 3073 dicsa‘estctntea,
767 2996 972 3079 custodesque
995 2995 1069 3055 falso
1086 3015 1123 3054 ac
1143 2993 1249 3054 subito

150 3077 352 3162 decepissent,
373 3089 598 3178 persuaserunt
617 3081 659 3144 eis
680 3087 716 3140 ut
737 3079 902 3141 crederent
924 3077 1010 3162 quod
1032 3078 1071 3138 ub
1092 3077 1158 3157 ipsa
1179 3077 1249 3136 fue·

148 3161 216 3223 rint
236 3161 400 3243 destinati,
435 3164 580 3248 quatinus
612 3165 840 3248 imperatorem
871 3161 1003 3225 eundem
1034 3158 1247 3239 Nicephorum

147 3248 364 3328 appellarent,
395 3269 433 3309 co
456 3247 541 3331 quod
566 3249 669 3309 Attius
702 3247 852 3329 patricius
876 3246 935 3307 sibi
965 3246 1026 3304 rim
1056 3243 1186 3303 interret
1206 3243 1246 3301 ud

150 3331 401 3394 annuntiandum
433 3333 569 3393 Leonem
607 3333 739 3392 fratrem
770 3353 860 3391 suum
898 3329 1134 3409 imperatorem.
1191 3325 1247 3407 qui

150 3415 314 3490 mendacio
347 3425 438 3476 tanto
463 3415 646 3492 credentes,
669 3417 892 3496 imperatorem
913 3411 1036 3494 pariter
1055 3409 1246 3492 pronuntia.

150 3506 269 3558 verunt
292 3519 363 3558 eum
384 3497 439 3583 qui
461 3509 529 3560 erut
550 3509 711 3582 tyrannus.
754 3499 861 3559 taliter
873 3516 950 3578 ergo
972 3493 1010 3554 ad
1023 3513 1167 3576 magnum
1189 3510 1249 3573 pa·

151 3579 261 3642 latium
283 3581 376 3644 iidem
411 3581 539 3664 patricii
567 3585 724 3644 venientes
744 3579 871 3665 ingressi
906 3589 978 3640 sunt
1000 3578 1089 3651 illud,
1115 3573 1249 3658 indeque

149 3683 209 3744 per
229 3672 328 3726 totam
358 3667 471 3728 urbem
501 3665 651 3748 ignobiles
682 3675 714 3726 et
734 3685 840 3726 servos
863 3661 1029 3745 dirigentes
1047 3659 1351 3737 acclamatio-plot

151 3767 222 3809 uem
244 3749 389 3812 fecerunt
412 3758 484 3811 ante
512 3749 645 3810 mediam
669 3757 813 3824 noctem,
844 3757 874 3808 et
897 3745 1040 3806 custodes
1062 3745 1093 3804 in
1115 3741 1252 3803 circuitu

153 3830 272 3912 palatii,
292 3833 379 3916 quod
407 3833 509 3894 Tentu
523 3909 525 3914 ι
538 3831 711 3896 Eleutherii
746 3838 955 3912 nuncupatur,
990 3833 1175 3911 posuerunt,
1195 3823 1250 3885 ubi

151 3935 220 3998 eam
243 3916 377 3998 contigit
396 3937 470 3978 esse.
511 3915 648 3978 diluculo
676 3935 749 3978 sene
770 3914 973 3974 accersientes
993 3933 1061 3972 eam
1084 3908 1268 3972 concluso..

149 4009 227 4060 runt
251 4001 282 4060 in
305 3999 420 4062 maiori
445 3999 579 4082 palatio,
603 3998 698 4062 etita
729 4004 949 4080 processerunt
971 3992 1009 4054 ad
1030 4013 1174 4076 magnam
1196 4012 1252 4052 eo-

149 4081 273 4143 clesiam
294 4081 333 4144 ud
350 4083 568 4148 coronandum
590 4083 759 4144 scelestum.
803 4079 950 4142 convenit
968 4079 1086 4139 interea
1106 4075 1253 4137 universe

145 4165 318 4230 multitudo
341 4168 438 4243 urbis,
460 4175 492 4231 et
513 4187 621 4230 ornnes
642 4165 803 4249 superbis
826 4185 907 4248 quae
928 4162 1102 4247 agebantur
1121 4158 1251 4222 moleste
