3050 4900
340 319 417 392 600
706 327 762 392 ΑΙ)
791 320 1068 390 rumentum

340 511 568 586 malcomum,
588 533 683 595 qnam
711 533 819 574 omncs
853 509 945 574 codd.
966 519 1157 594 agnoscunt,
1184 516 1305 594 totaque
1324 511 1398 588 serie,

340 617 463 656 necnon
493 596 587 664 Cedr.
608 597 708 678 liquet
731 593 850 677 aliquid
872 593 1061 670 desiderari,
1085 603 1121 655 ut
1139 595 1290 676 scripserit
1308 591 1401 654 Theo-

341 679 466 762 phanes,
488 677 661 756 πολεμῆσαι
682 675 829 758 diluitur
860 671 913 740 udi·
933 677 1073 759 βασηλέα
1093 675 1155 737 seir
1170 665 1400 754 ἘξουμιτόνἼν-

341 764 414 842 deor,
435 757 490 822 καί
508 761 570 822 τῶν
583 755 759 843 Ὁμηριτῶν
781 759 951 826 Ἰουδαίων,
999 762 1173 824 Homeritas
1193 759 1271 821 enim
1292 757 1400 820 ludaeos

341 847 450 920 foisse,
477 865 578 928 eoque
599 845 725 905 nornine
753 845 900 906 Romanis
932 843 1081 924 infensos,
1112 867 1129 905 a
1158 843 1282 926 quibus,
1308 849 1402 922 utpote

340 927 522 989 Christianis
543 937 755 1010 quererentur
783 950 815 989 se
841 927 963 1004 vexari,
986 937 1079 1011 atque
1110 927 1229 1004 oceidi3
1250 923 1403 988 etidcirco

340 1021 530 1072 mercatores
553 1012 709 1073 Romanos
730 1011 767 1071 ad
786 1011 940 1072 Erumitas
961 1033 1019 1092 per
1039 1033 1148 1072 eorum
1171 1009 1320 1090 regionem
1337 1027 1403 1089 pro-

341 1095 509 1156 ficiscentes
529 1095 587 1177 ipsi
617 1093 801 1170 occiderint,
836 1094 900 1176 ipse
921 1093 1015 1155 habet
1035 1093 1246 1176 Theophanes,
1266 1113 1354 1176 exque
1371 1111 1403 1152 eo

342 1177 434 1240 eata.
477 1179 619 1263 adeoque
651 1178 794 1262 sequenti
829 1178 931 1238 statiua
955 1178 1035 1240 linea
1056 1179 1139 1238 torte
1157 1193 1248 1240 error
1265 1176 1333 1236 alins
1351 1183 1403 1236 est:

342 1263 396 1322 ubi
420 1263 502 1322 euim
537 1258 638 1324 ὄτῶν
666 1259 853 1339 Kouestris
880 1256 1037 1340 βασιλεύς,
1058 1261 1253 1323 scribendum
1272 1258 1405 1332 videatur,

342 1341 446 1405 droia
460 1341 644 1425 Ὁμηρικῶν,
666 1347 720 1428 qni
743 1345 890 1406 nimirum
920 1345 1100 1407 interiorem
1124 1343 1406 1428 Aegyptiacorum,

345 1439 378 1490 et
395 1425 586 1504 Ἰουδαΐζων,
606 1429 744 1490 oddirtm
764 1428 946 1488 Iisdaeomm
969 1443 1077 1508 sectae,
1093 1427 1331 1489 Christianorum
1350 1426 1406 1486 lto·

344 1533 510 1572 manorum
530 1533 601 1572 cuni
628 1510 709 1572 ludis
737 1519 769 1572 et
800 1511 1005 1592 Aethiopibus
1034 1513 1088 1574 illo
1118 1510 1313 1575 ulterioribus
1331 1529 1405 1570 com-

345 1595 463 1658 unercia
486 1617 559 1656 eura
578 1595 609 1656 iu
631 1594 760 1656 modum
780 1596 955 1658 sustulerat.

345 1803 370 1864 P
426 1713 498 1864 biit,
527 1717 580 1780 20.
633 1714 851 1804 κωμοδρόμος]
889 1717 981 1782 Bnrb.
1011 1716 1110 1782 ἐποίει
1144 1713 1302 1796 θαύματα.
1328 1713 1405 1776 barb.

371 1824 521 1886 quea
854 1851 860 1864 .

343 1926 499 2071 ‘mg-“ld
518 1923 550 1988 6.
590 1921 645 1990 rui
665 1873 838 2009 insequar]
866 1927 942 2010 Reg.
965 1926 1060 2012 pede,
1078 1925 1269 1989 accelerare
1286 1922 1407 2008 effodiens

355 2031 374 2072 o
466 2053 474 2068 .

430 2129 501 2209 349,
526 2133 573 2197 19.
622 2127 667 2205 oie
699 2131 891 2211 ἐπαρθέντα]
921 2133 996 2196 nihil
1028 2135 1140 2196 mirum
1171 2145 1226 2198 aut
1243 2130 1408 2194 Anastasiou

347 2238 409 2300 pro
431 2215 508 2279 sedis
537 2218 728 2298 apostolicae
748 2218 921 2278 reverentia
943 2218 1123 2280 subticuisse
1134 2217 1217 2280 hanc
1233 2239 1349 2290 vocem,
1367 2220 1410 2274 aut

348 2299 592 2381 Theophanem,
615 2302 647 2362 S.
666 2301 896 2382 Nicephorum,
921 2301 1059 2386 aliosque
1089 2307 1228 2364 Graecos
1255 2299 1410 2362 intensiones

350 2385 449 2446 tribus
470 2385 624 2467 capitulis,
654 2383 696 2446 ob
718 2406 854 2468 quorum
877 2385 1035 2467 negotium
1061 2385 1192 2468 Vigilius
1208 2404 1286 2469 papa
1309 2385 1411 2446 blenau

349 2492 367 2529 a
389 2470 610 2531 communione
631 2480 819 2545 removerat,
841 2470 1019 2531 utiliorum
1042 2469 1291 2531 condemnationi
1313 2468 1410 2527 insun-

349 2562 422 2629 tem‚
443 2576 510 2614 eam
531 2552 705 2633 protulisse.
746 2562 821 2613 notu
844 2555 907 2615 eius
929 2554 989 2633 vis,
1011 2554 1191 2636 frustraque
1213 2553 1368 2634 detorquet
1384 2546 1412 2607 P.

348 2640 447 2712 Goar,
465 2646 501 2697 nt
520 2659 555 2698 ea
577 2644 689 2696 auctor
714 2636 863 2717 Vigilium
895 2636 939 2697 uti
960 2638 1159 2719 imperatoris
1180 2638 1286 2699 lavore
1305 2634 1411 2695 abusum

347 2721 492 2801 sugillare
517 2720 662 2781 noluerit
711 2728 832 2779 motum
862 2720 956 2782 sacris
978 2720 1130 2803 diptychis
1152 2720 1218 2783 eins
1238 2738 1353 2792 nomen,
1370 2733 1412 2775 seu

348 2803 454 2883 potius
479 2807 589 2864 Menae
618 2802 817 2885 patriarchae
846 2804 964 2863 nomini
998 2805 1172 2867 subiectum
1202 2814 1307 2867 contra
1338 2802 1412 2860 Rom·

348 2884 425 2947 sedis
455 2886 524 2947 iura
555 2885 648 2947 babes
669 2908 751 2945 niiuo
777 2887 932 2949 iustiniani
955 2887 1005 2963 95,
1033 2896 1164 2971 tumque
1184 2910 1241 2949 suo
1259 2882 1353 2947 ordini
1373 2900 1412 2940 rt·

347 2972 510 3045 stitutum,
530 2991 601 3029 eum
628 2968 651 3028 is
686 2971 770 3031 forte
793 2992 900 3031 uranus
920 2970 1005 3033 dedit
1035 2972 1182 3034 adversos
1213 2972 1270 3031 tria
1291 2962 1413 3049 capitula,

348 3073 442 3136 seque
462 3052 722 3134 indulgentiorem
752 3074 826 3135 erga
861 3056 1000 3132 Menam,
1030 3066 1125 3138 atque
1156 3055 1233 3117 alios
1262 3046 1413 3113 Orientale

296 3179 308 3205 a
350 3137 548 3219 proscribere
568 3138 717 3212 volentes,
739 3137 769 3197 in
787 3139 945 3200 iustiniani
965 3140 1098 3220 gratiam
1120 3138 1269 3203 exhibuit.
1310 3135 1414 3197 Verane

347 3220 427 3280 situ
458 3220 568 3302 synodi
599 3222 799 3280 confirmatio
829 3222 893 3282 eius
924 3221 1074 3299 nomine,
1104 3244 1199 3306 quam
1223 3218 1413 3282 illustrissimus

348 3306 603 3386 archiepiscopus
618 3306 789 3366 Tolosanus
811 3307 860 3365 vir
879 3304 1083 3382 doctissimus,
1105 3328 1233 3389 proque
1252 3327 1303 3365 sua
1321 3301 1414 3361 huiua-

347 3391 446 3449 nitate
465 3387 678 3463 amicissimus,
701 3396 773 3448 ante
794 3410 891 3449 anuos
922 3388 1044 3471 aliquot
1071 3412 1106 3452 er
1130 3390 1226 3470 Regia
1247 3384 1413 3451 bibliotheca

348 3471 514 3553 produxit,
535 3492 597 3530 non
629 3480 675 3531 est
702 3469 792 3531 huius
818 3471 879 3534 toci
908 3470 1076 3555 disputare.
1119 3472 1205 3535 liand
1228 3482 1310 3533 certe
1327 3466 1414 3550 Theo·

347 3555 463 3638 phanes
481 3553 597 3638 aliquid
617 3554 711 3616 fauet.
986 3566 996 3579 ‘

429 3670 502 3747 350,
532 3668 581 3732 10.
630 3671 755 3733 ἀνεῖλον
781 3668 917 3744 πολλοὺς
950 3671 984 3747 ἐξ
1011 3670 1140 3734 oderis·
1194 3670 1250 3733 aui
1268 3668 1414 3745 inurbanus

346 3753 515 3837 φεύγοντες
542 3755 667 3815 πολλοί·
719 3746 810 3816 ἄλλοι
839 3754 875 3816 δὲ
896 3756 952 3817 aas*
982 3754 1179 3836 ἐσφάγησαν]
1212 3754 1302 3817 Cedr.
1320 3748 1414 3841 diens,

346 3838 432 3919 quod
453 3846 485 3899 et
505 3838 628 3899 melios:
657 3840 770 3899 multos
792 3840 925 3901 occidit:
946 3859 1006 3920 pro
1029 3836 1207 3920 e'uuiyqoar.
1229 3837 1317 3899 Berb.
1335 3830 1414 3907 dult-

345 3940 463 3999 γησαη
481 3923 639 4001 fiigientcs
668 3922 824 3983 usdnerati
841 3936 923 3996 ειιιιίς
957 3923 1152 4006 υοηυεᾶηῑ
1178 3942 1307 4005 sequeus
1336 3934 1416 4005 mcm3

345 4002 458 4075 bruun
480 4006 540 4066 atii
571 4018 672 4066 aretem
693 4007 785 4065 etiam
812 4008 918 4067 nunti.
975 4006 1061 4089 qnod
1083 4004 1133 4067 bic
1163 4004 1328 4078 redditum,
1347 4012 1415 4060 mort

344 4086 608 4161 subnscrsi‚nil1il
644 4087 682 4150 ud
705 4110 787 4149 rem:
822 4089 904 4149 nulla
938 4090 1020 4151 enim
1051 4088 1103 4149 hic
1124 4088 1236 4166 maris,
1259 4098 1312 4148 aaut
1332 4098 1414 4165 aquae

345 4170 484 4251 nicatio3
503 4172 654 4257 facileque
675 4173 744 4251 luit,
765 4174 907 4237 conserta
922 4172 1000 4239 adeo
1024 4172 1236 4253 multitudiue,
1256 4172 1333 4235 inter
1352 4159 1413 4227 ciret
