3050 4900
259 319 308 392 28
406 321 617 396 ANASTASll
646 325 842 394 HlS'l'OltlA
871 323 1212 394 ECCLFSlASTlCA'

258 477 411 560 baptizari
435 480 631 556 simulantur,
654 481 777 564 penitus
798 489 869 544 sunt
890 503 908 542 a
928 482 1037 545 divinis
1057 481 1208 544 mandatis
1238 488 1271 543 et
1292 479 1351 542 do·

257 565 410 646 gmatibns
432 565 543 643 alieni,
581 585 644 626 nen
677 565 876 646 suscipientes
899 564 938 628 de
957 568 1186 627 resurrectione
1207 565 1349 640 verinum,

258 667 361 730 neque
380 647 533 710 visibilem
555 648 706 710 mundum
727 647 778 709 dei
812 669 876 710 esse
896 647 1039 728 dicentes,
1061 669 1248 731 omnemque
1269 648 1350 708 abo.

258 731 436 794 minabilem
468 742 657 816 turpemque
686 733 903 813 operationem
934 739 1093 794 sectantes.
1145 731 1192 792 his
1224 732 1352 814 quidem

257 815 376 876 miseris
397 823 520 896 patrem
539 837 571 878 sc
590 817 767 877 vocandum
789 813 928 893 tradidit,
951 815 1178 900 imaginemque
1199 816 1280 876 lovis
1302 815 1352 875 fa-

257 909 341 959 ctam
361 903 487 960 nomine
507 897 716 972 adorandaru3
750 899 897 961 Helenam
918 907 1022 961 autem
1043 899 1250 976 meretricem,
1269 917 1353 1041 guae

258 980 416 1064 cumipse
439 991 527 1059 erat,
556 1003 617 1064 pro
640 985 759 1044 Athena
789 981 899 1045 docuit
918 981 1055 1050 adorari.
1106 1002 1207 1066 porro
1232 983 1266 1042 lu
1290 981 1352 1042 aeis

258 1065 417 1126 Christum
447 1085 480 1127 se
504 1066 630 1128 dicebat
650 1088 729 1142 esse,
750 1075 782 1128 et
808 1085 872 1126 non
920 1075 1031 1128 atram.
1081 1065 1211 1128 Pontius
1234 1066 1352 1126 Pilatus

257 1148 315 1210 sub
334 1149 371 1222 C.
395 1149 539 1228 Caesare,
562 1158 676 1293 guanto
699 1152 889 1232 imperatore
897 1087 1125 1230 llomanorum,
1148 1149 1203 1232 qui
1225 1148 1352 1210 diceba·

258 1239 313 1292 tur
335 1233 491 1314 Caligula,
514 1233 545 1292 in
589 1234 698 1296 iversas
720 1253 883 1294 aerumnas
904 1232 1055 1311 incidens,
1077 1241 1114 1293 ut
1135 1233 1352 1314 Romanorum

258 1315 346 1376 aiunt
366 1315 622 1399 historiographi,
644 1315 690 1380 sui
712 1317 806 1397 ipsius
821 1317 920 1377 factus
940 1326 986 1379 eat
1007 1316 1203 1382 interfector.
1245 1315 1298 1377 hic
1320 1322 1354 1378 et

259 1399 372 1460 lulium
394 1401 523 1477 Canum,
545 1421 642 1462 unum
663 1419 699 1462 ex
721 1399 834 1462 Stoicis
855 1397 1059 1483 pbilosophis,
1081 1399 1248 1491 interfecit.

161 1518 249 1589 peti
264 1493 271 1504 .
340 1507 450 1568 Mundi
471 1528 553 1570 auno
567 1505 659 1585 5539,
674 1507 798 1571 divinae
812 1507 1034 1570 incarnationis
1046 1529 1128 1570 anno
1141 1505 1191 1585 39,
1203 1505 1352 1589 Agrippa,

259 1589 314 1674 qui
335 1600 366 1652 et
388 1591 536 1673 Herodes,
559 1591 691 1654 Herodis
709 1591 800 1668 lilius,
825 1591 1012 1654 ludaeorum
1031 1601 1161 1676 quartus
1182 1589 1353 1673 alienigena

259 1693 325 1752 rer,
347 1695 419 1734 cum
440 1675 496 1736 sub
510 1676 582 1736 Tib.
599 1676 730 1736 Caesare
752 1675 858 1735 fuisset
878 1673 1036 1752 costodiae
1058 1675 1251 1757 mancipatus
1272 1695 1353 1755 pro-

256 1767 332 1840 pter
352 1757 561 1820 accusationes
583 1758 728 1820 adversus
749 1766 872 1840 patrem
893 1758 1042 1840 prolatas,
1064 1758 1177 1820 deinde
1200 1779 1219 1817 a
1239 1758 1353 1818 vinca..

258 1841 294 1902 lis
316 1841 464 1918 dimissus,
485 1864 503 1902 a
526 1843 559 1902 C.
586 1843 717 1904 Caesare
739 1863 793 1903 rex
816 1841 1003 1903 ludaeorum
1024 1841 1256 1903 transmittitur.
1287 1841 1353 1903 He-

258 1922 350 1985 rcdes
374 1935 489 1998 autem,
514 1923 604 1988 huius
626 1932 726 2006 pater,
750 1924 835 2006 apud
852 1923 1039 2008 Lugdunum
1051 1925 1170 1987 Galliae
1191 1923 1352 1988 civitatem

258 2007 352 2069 exilio
374 2007 527 2090 relegatus
551 2017 687 2069 extrema
709 2017 843 2092 egestate
856 2030 918 2070 una
932 2031 1004 2071 cnm
1012 2005 1190 2071 Herodiade
1211 2005 1353 2070 adultera

258 2091 404 2156 moritur.
447 2091 581 2172 puellam
593 2111 679 2168 vero,
704 2112 784 2176 quae
796 2093 961 2155 saltaverat
978 2093 1011 2152 in
1032 2093 1238 2154 decollatione
1259 2091 1353 2151 loan-

105 2173 305 2254 'p.62618nis
325 2171 502 2257 Baptistae,
532 2174 635 2236 vivam
656 2184 742 2236 terra
775 2175 907 2258 glutivit.
950 2174 997 2237 his
1016 2175 1210 2258 temporibus
1231 2173 1353 2256 Philip.

259 2277 328 2338 pos,
350 2279 428 2318 unns
448 2279 483 2319 ex
513 2267 632 2341 septem
658 2257 862 2336 diaconibus,
895 2259 1057 2322 resistebat
1077 2257 1198 2320 Simoni
1220 2256 1260 2319 de
1279 2258 1352 2319 vico

260 2341 348 2402 Gitio
370 2341 539 2414 Samariae,
564 2343 618 2424 qni
639 2341 733 2403 etiam
755 2340 872 2406 dicitur
886 2341 1006 2427 primus
1028 2363 1064 2406 ex
1086 2341 1227 2428 gentibus
1246 2361 1350 2404 mnu·

259 2421 353 2485 chum
374 2425 559 2508 Aethiopem
579 2424 761 2508 baptizasse.

164 2543 249 2614 peut
339 2531 449 2595 Mundi
470 2528 656 2613 annuento,
677 2532 799 2596 divinae
819 2533 1043 2597 incarnationis
1063 2552 1145 2594 anno
1167 2530 1220 2610 40,
1239 2530 1353 2595 Petrus

256 2615 402 2763 princeps
432 2616 673 2714 apostolorum,
695 2618 891 2715 Antiocheae
919 2617 1046 2679 fundae
1078 2617 1185 2715 primo
1214 2615 1351 2690 ecclesia,

257 2708 522 2846 ,ttttmtttl
537 2699 1351 2867 tttlttltt,ttttlw'ttttatb¹,tlt?stlat?

257 2866 318 2926 lam
340 2886 435 2943 suam,
459 2886 539 2949 quac
559 2865 599 2927 de
618 2866 780 2929 catholicis
802 2876 856 2943 est,
878 2890 896 2927 a
911 2870 1008 2928 Roma
1030 2866 1126 2945 misit,
1149 2876 1185 2927 ut
1200 2866 1350 2927 Eusebim

257 2949 379 3028 scribit,
399 2948 435 3011 'et
455 2952 597 3011 Marcum
617 2950 848 3032 evangelistam,
873 2952 928 3033 qui
950 2962 1025 3013 tunc
1045 2950 1190 3011 Romanis
1212 2948 1351 3031 petenti.

257 3032 316 3094 bns
338 3040 523 3114 exposuerat
547 3034 747 3115 evangelium,
769 3043 804 3094 ut
826 3035 963 3102 Clemens
984 3044 1017 3095 et
1036 3034 1146 3115 Papias
1168 3030 1352 3114 Hier-opoli-
1379 3056 1387 3065 ·

258 3126 348 3177 tanus
369 3118 531 3199 episcopus
551 3118 729 3199 perhibent.
778 3117 829 3178 alii
858 3140 930 3180 sane
949 3118 1029 3178 hanc
1052 3119 1090 3179 ab
1112 3117 1209 3197 loppa
1230 3116 1352 3177 missam

259 3200 445 3261 existimant.
495 3200 557 3262 hoc
597 3220 724 3285 quoque
753 3209 897 3285 tempore
924 3201 1014 3263 Pauli
1045 3208 1078 3262 et
1100 3199 1182 3261 Silae
1222 3198 1284 3261 iter
1318 3199 1351 3259 in

258 3285 366 3344 Derbe
388 3293 420 3345 et
439 3282 546 3347 Listria
566 3286 680 3367 agitur,
705 3286 735 3345 in
749 3284 885 3368 Phrygia
907 3306 1034 3368 quoque
1056 3305 1093 3347 ac
1114 3282 1232 3345 lsauria
1253 3292 1285 3343 et
1295 3281 1351 3343 ci.

259 3365 330 3428 licia
351 3374 382 3427 et
396 3365 515 3429 Galatia
538 3368 627 3430 simul
648 3377 680 3430 et
701 3368 837 3431 Troade.
880 3370 969 3430 Pauli
991 3390 1097 3431 rursus
1111 3376 1142 3428 et
1152 3366 1250 3427 Marci
1271 3377 1351 3445 acta,

260 3471 340 3531 qnae
359 3449 509 3533 Philippis
533 3474 570 3512 ac
589 3451 824 3515 Thessalonicae
844 3462 878 3515 et
894 3454 993 3514 Berae
1015 3470 1144 3535 gessere,
1167 3457 1351 3512 narrantur.

167 3532 372 3617 p.628Paulus
394 3533 468 3595 item
490 3533 603 3617 Ephesi
628 3544 660 3597 et
681 3534 868 3615 Cenchreis,
902 3536 1067 3598 Caesareae
1088 3553 1216 3618 qnoque
1237 3543 1269 3596 et
1288 3536 1352 3595 An-

261 3616 414 3696 tiochiae,
437 3617 468 3677 in
490 3618 576 3680 Italia
608 3627 640 3681 et
661 3618 800 3702 Phrygia
828 3619 993 3681 laboravit.
1043 3618 1133 3679 Pauli
1155 3624 1249 3696 actus,
1272 3638 1352 3699 quos
1404 3620 1410 3629 “

260 3698 373 3783 Ephesi
394 3701 525 3784 proprie
545 3701 644 3785 gessit
665 3701 789 3782 Paulus,
818 3725 899 3800 guae
920 3704 1047 3765 Troade
1072 3722 1108 3763 ac
1130 3701 1229 3762 Mileti
1250 3700 1352 3782 gessit,

260 3782 399 3866 Ephesiis
421 3786 659 3848 commendavit.
711 3808 792 3869 quae
823 3809 855 3847 an
876 3786 1069 3849 Hierusalem
1088 3808 1106 3845 a
1129 3782 1246 3845 ludaeis
1267 3790 1352 3866 gesta
1412 3831 1415 3840 .

260 3878 333 3928 sunt
354 3878 465 3929 contra
485 3869 625 3930 Paulum.
667 3870 821 3953 Paulique
842 3870 1002 3933 Caesarine
1032 3877 1144 3932 contra
1163 3867 1299 3929 Felicem
1319 3875 1353 3927 et

261 3949 441 4013 Drusillam.
490 3953 563 4014 item
590 3952 681 4014 Pauli
711 3974 792 4036 quae
815 3954 975 4015 Caesarine
999 3954 1140 4037 gesserit,
1175 3950 1225 4012 rel
1246 3948 1351 4011 ludaei

261 4032 406 4099 adversus
427 4035 537 4119 ipsum.
578 4039 701 4099 Marcus
722 4037 905 4120 evangelista
931 4038 1072 4121 Aegypto
1097 4044 1131 4097 et
1150 4033 1352 4095 Alexandriae
1430 4034 1436 4049 ’

261 4118 395 4181 salutare
414 4122 547 4182 verbum
566 4120 805 4203 evangelizabat.
847 4122 1059 4187 Antiochense
1074 4118 1219 4185 ecclesiae
1232 4117 1352 4203 primus

261 4202 425 4289 episcopus
445 4203 585 4269 Euodius
604 4205 664 4268 suit
684 4204 772 4269 annis
792 4204 911 4289 viginti.
