3050 4900
547 300 601 365 EX
628 296 889 363 meorum.
1185 292 1258 360 217

164 468 254 534 durit
274 468 449 553 captivum,
479 469 533 553 qui
567 468 691 533 dicebat
722 490 755 532 se
773 466 937 530 ‘liberium
959 466 1057 531 lilium
1080 484 1144 529 asse
1164 467 1259 531 lusti·

65 600 75 615 .
164 555 258 615 niani.
282 553 500 615 ,benennon
531 553 739 617 inhonorem
772 551 829 613 lilii
846 554 892 613 sui
913 560 1009 635 utque
1029 552 1061 611 iu
1083 552 1258 633 imperato.

163 657 238 701 rum
255 647 414 699 terrorem
437 660 509 700 oum
536 638 742 719 imperatorio
772 656 809 696 ac
829 636 953 699 decenti
978 634 1103 697 laonorc
1124 636 1257 696 militiis.

164 742 228 807 que
251 740 288 782 sc
305 720 414 783 bandis
438 730 470 784 et
490 720 621 805 sceptris
646 718 676 783 in
696 719 888 783 Hierusalem
908 719 1014 795 mittit,
1035 729 1066 781 et
1082 726 1181 781 toturn
1196 721 1257 802 Sy-

166 808 248 867 riam
270 803 462 869 circumduci
484 827 555 869 cnm
573 804 673 867 multo
696 800 785 865 iubet
805 801 930 868 honore
951 800 992 865 sd
1010 802 1159 866 visionem
1177 824 1258 864 cun·

164 900 303 953 crorum.
1039 922 1046 943 1
1260 927 1265 939 .

250 972 341 1031 Anno
369 969 494 1055 imperii
522 968 633 1034 Leonis
673 968 714 1031 22
744 979 853 1035 movet
879 969 1050 1033 exercitum
1078 968 1354 1048 solemnisantes

166 1062 281 1115 contra
300 1054 495 1133 Romanism,
516 1060 548 1119 et
568 1052 774 1137 depopulatas
803 1062 850 1117 est
875 1064 1013 1119 castrum
1035 1054 1121 1137 qnod
1141 1052 1259 1115 dicitur

162 1136 330 1284 {idernm
363 1148 395 1203 et
425 1137 628 1203 Eustachium
652 1138 751 1201 lilium
780 1138 913 1203 Mariani
942 1138 1070 1223 patricii
1097 1138 1260 1221 captivum

96 1228 104 1243 ’
188 1221 265 1284 urit.

250 1305 341 1364 Anno
359 1302 483 1385 imperii
492 1304 603 1369 Leonis
624 1307 674 1385 23,
694 1328 799 1371 mense
811 1304 908 1383 Maio,
928 1304 1148 1383 indictionisll,
1160 1302 1267 1366 movit·

163 1386 335 1451 exercitum
345 1386 523 1451 Sulelriman
537 1399 648 1453 contra
656 1392 841 1455 Romaniam
859 1410 931 1451 cnm
945 1390 1115 1473 nonaginta
1135 1386 1262 1451 milibus

163 1478 197 1535 et
208 1468 441 1553 magistratibus
453 1480 615 1557 quattuor,
630 1496 768 1559 qnorum
779 1476 894 1537 Gnnrer
908 1474 969 1536 dns
982 1481 1051 1536 erat
1066 1472 1212 1536 insidiens
1226 1470 1259 1530 in

159 1554 249 1617 denis
272 1554 395 1616 milibus
430 1554 611 1622 latrunculis
632 1558 761 1623 Asianus
783 1568 888 1621 terrae
907 1558 1059 1640 partibus,
1080 1555 1167 1618 cuius
1181 1554 1260 1616 socii

159 1645 254 1701 erant
274 1636 387 1699 Melicls
401 1644 433 1700 el
445 1638 532 1703 Batnl
544 1662 616 1704 cnm
627 1642 735 1726 viginti
751 1642 875 1705 milibus
889 1639 1030 1727 equitnm
1040 1640 1125 1703 circu
1133 1639 1259 1702 Achro-

159 1720 272 1783 lrinum
289 1718 520 1801 debacchantes,
544 1734 576 1788 et
599 1736 670 1807 post
682 1725 927 1789 laosSulelsiman
950 1724 982 1785 in
1002 1726 1157 1807 sexaginta
1177 1723 1258 1783 mili·

157 1804 217 1867 bus
242 1804 326 1865 eirca
348 1804 572 1887 Cappadocum
592 1810 946 1894 Tyanimprogressus,
969 1829 1107 1893 quorum
1126 1808 1179 1868 alii
1198 1826 1259 1889 per

158 1888 263 1950 Asiam
294 1895 327 1949 et
347 1888 576 1974 Cappadociam
598 1892 698 1955 mullo
729 1893 849 1965 excidio
871 1894 1014 1954 virorum
1035 1913 1073 1953 ac
1091 1891 1260 1953 mulierum

161 1982 260 2068 atque
281 1970 492 2035 iumentorum
514 1986 699 2058 perpetrato
729 1976 824 2039 illaesi
857 1976 974 2038 reversi
1000 1983 1085 2038 sunt.
1126 1974 1160 2036 hi
1182 1994 1259 2035 vero

159 2054 1260 2209 tttllell‘ltltslzl',ltilrilllltw..53:⁸21tttttl

159 2222 233 2305 ipsis
255 2242 328 2283 cam
349 2223 470 2287 duobus
514 2166 685 2309 sincipibds
705 2188 881 2311 perierudt,
903 2166 1075 2311 odtingenti
1095 2248 1173 2290 vero
1196 2247 1259 2309 pn-

163 2312 322 2402 gnatores,
343 2306 397 2391 qui
421 2328 455 2370 es
478 2247 536 2371 iilis
557 2308 597 2376 ad
617 2332 667 2374 sex
688 2312 773 2372 milia
794 2311 980 2385 institerunt,
1002 2308 1157 2394 Synsdern
1177 2330 1259 2371 eon-

160 2388 302 2472 fugruut,
333 2398 366 2454 et
394 2389 470 2454 salsi
502 2404 697 2458 remanentes
719 2394 898 2462 Sulehimao
930 2392 1041 2458 sociati
1062 2404 1148 2474 sunt,
1170 2392 1257 2454 etin

158 2473 287 2556 Syriam
309 2477 501 2558 repedarunt
525 2477 663 2562 inglorii.
685 2475 798 2542 eodem
818 2481 912 2540 eliam
937 2497 1021 2540 anuo
1043 2485 1076 2537 et
1096 2476 1129 2538 iu
1152 2478 1257 2538 Africa
1384 2477 1389 2485 ’

157 2555 249 2636 mplti
281 2557 320 2618 als
354 2559 399 2622 eis
424 2561 598 2644 perditioni
627 2582 699 2624 cum
727 2570 878 2646 praetore
906 2565 1098 2626 Damascene
1128 2561 1357 2643 nominepditt

159 2649 344 2724 patuerunt.

246 2747 337 2804 Auno
365 2741 489 2829 imperii
518 2744 640 2825 Leonis,
665 2745 843 2831 nequissimi
864 2743 959 2830 Syri,
983 2738 1025 2806 94
1045 2743 1162 2806 incensi
1184 2753 1258 2806 sunt
1374 2750 1378 2755 ”

159 2824 223 2884 l'ori
258 2823 342 2908 apud
369 2829 555 2890 Damascum
590 2833 629 2893 ab
652 2831 909 2906 Hieraceusihus,
943 2828 999 2914 qui
1018 2826 1161 2912 patibulo
1186 2835 1259 2890 sunt

159 2907 253 2971 allisi.
272 2910 447 2995 eodemque
468 2933 551 2973 anno
573 2921 678 2976 terrae
700 2923 803 2975 motus
826 2915 924 2974 factus
944 2899 1140 2996 est¹mngnns
1162 2919 1258 2994 atque

159 2991 310 3052 terribilis
332 2993 612 3079 Constantinopoli,
627 2998 758 3081 septimo
782 2995 840 3058 kal.
859 2997 1060 3060 Novembrias
1080 2994 1258 3059 indictionis

159 3095 275 3151 nonae,
285 3077 364 3138 feris
377 3089 499 3162 quarta,
512 3079 591 3142 hora
614 3091 736 3160 octava,
752 3089 785 3143 et
796 3089 988 3142 corrnerunt
1001 3079 1146 3142 ecclesiae
1163 3087 1259 3161 atque

155 3159 357 3240 monasteria,
375 3163 573 3246 populusque
588 3163 702 3227 inultus
717 3163 869 3227 extinctus
887 3174 941 3226 cst.
962 3163 1077 3226 cecidit
1098 3171 1202 3222 autem
1224 3169 1258 3223 et

157 3241 371 3322 simulacrum,
391 3245 478 3328 quod
495 3247 595 3310 stabat
610 3270 705 3332 snper
718 3247 798 3309 stau
817 3257 955 3331 portam,
974 3246 1078 3328 magui
1100 3245 1256 3307 Constan-

159 3325 234 3402 tini,
254 3347 316 3388 una
346 3351 416 3390 cum
440 3329 506 3413 ipso
528 3331 635 3410 Alslo,
657 3341 690 3394 et
710 3331 818 3393 titulus
840 3330 974 3407 Arcadii,
995 3329 1050 3413 qui
1070 3350 1164 3411 supra
1186 3331 1254 3390 Xe-

158 3407 289 3490 rnlophi
311 3409 489 3476 columnam
515 3415 635 3492 stabat,
657 3423 688 3477 et
705 3415 904 3478 simulacrum
925 3413 1053 3475 maioris
1072 3409 1253 3487 Theodosii,

157 3493 249 3574 qnod
269 3514 363 3577 supra
386 3505 512 3580 portam
527 3517 654 3560 auream
676 3499 852 3572 videbatur,
872 3519 994 3561 necnon
1014 3505 1047 3559 et
1060 3495 1176 3558 terreni
1199 3516 1255 3555 ur.

157 3575 323 3654 hismari,
346 3587 377 3641 el
410 3582 548 3643 civitates
580 3603 617 3644 ac
638 3581 729 3644 villae
758 3582 790 3644 in
809 3583 943 3658 Tlrrace,
967 3588 1000 3642 et
1020 3577 1199 3642 Nicomedia
1222 3576 1253 3638 in

156 3657 307 3742 Bithynia
328 3669 362 3726 el
380 3663 551 3742 Praenetus
582 3673 613 3728 et
631 3666 760 3744 Nicaea,
785 3667 815 3725 in
838 3687 901 3747 qua
922 3687 985 3727 una
1004 3663 1086 3726 salva
1106 3661 1256 3724 remansit

156 3743 301 3806 ecclesia.
355 3747 436 3830 fugit
460 3757 564 3812 autem
592 3756 624 3812 et
643 3771 729 3811 mare
750 3749 900 3811 terminos
921 3769 992 3810 snos
1016 3749 1048 3808 in
1070 3744 1254 3830 quibusdam

157 3823 246 3904 locis,
270 3835 301 3890 et
329 3831 515 3912 perduravit
546 3841 652 3895 terrae
681 3835 784 3894 motus
812 3833 967 3894 mensibus
989 3829 1165 3892 duodecim.
1207 3837 1255 3890 est
1345 3851 1354 3874 ⁸

157 3907 507 4062 lltttt‘lt't‘ld
529 3911 1177 4062 tttllltldtmlltttllltl}
1197 3933 1281 4073 ⁸21„
1303 3998 1357 4055 as

158 4073 218 4154 ipsi
241 4078 362 4160 erigent
383 4043 576 4166 in’rcgulam
597 4023 657 4166 pdi·
670 4023 806 4167 singdrlns
821 4107 933 4146 aureos
953 4103 1114 4144 nummum
1135 4041 1250 4163 argen-

160 4165 248 4224 teum
280 4168 404 4230 uuum.”
458 4187 522 4254 quo
545 4167 713 4252 imperium
735 4177 866 4252 accepto
889 4165 1060 4232 aedificarit
1081 4185 1197 4242 muros,
1216 4175 1250 4230 et
