3050 4900
279 377 354 450 262
418 379 631 448 sufflasti
659 378 853 448 HISTORIA
880 377 1189 448 Ecatstmrtcn

201 606 205 616 .
239 598 246 606 ,
279 552 518 617 Constantinum
530 550 792 634 serantapichum
811 539 1083 632 Theophylaictum
1105 547 1202 608 lilium
1219 545 1294 623 elus,
1316 546 1373 630 qui

278 637 454 719 spatharius
482 645 551 698 erat
584 643 617 697 et
646 655 743 716 nepos
773 655 861 710 suus,
883 641 915 696 et
936 631 1076 695 omnium
1097 631 1204 692 oeulos
1226 629 1318 706 eruit,
1339 636 1374 692 et

279 719 438 802 dissipavit
467 717 630 780 consilium
658 740 770 779 eorum
793 727 905 780 contra
931 737 963 778 se
991 715 1137 798 nequiter
1159 713 1373 780 adinventum.

181 825 268 900 μω
278 826 381 890 porro
404 799 552 884 paschalis
572 800 744 864 festivitatis
765 799 844 866 feria
862 799 997 862 secunda
1018 798 1170 880 processit
1190 798 1372 880 imperatrix

276 911 295 950 a
313 887 425 948 sanctis
446 885 594 967 apostolis
625 885 657 946 iu
683 906 783 946 curru
812 893 924 946 aurato
946 891 1053 960 vecta,
1087 883 1141 965 qui
1171 905 1189 942 a
1219 889 1373 964 quattuor

274 972 364 1056 equis
386 970 462 1037 ahia
477 969 665 1030 trahebatur
685 979 719 1031 et
738 991 756 1029 a
803 977 934 1030 uattuor
948 965 1088 1049 patriciis
1101 967 1277 1042 tenebatur,
1293 966 1371 1025 Bar.

275 1053 360 1117 dano
395 1051 540 1115 videlicet
572 1061 721 1135 praetore
754 989 1016 1129 thracesiorum,
1052 1049 1187 1112 Sisinnio
1224 1055 1373 1131 praetore

274 1137 426 1212 Thraece,
449 1135 557 1198 Niceta
588 1135 760 1197 domestico
790 1133 968 1198 scholarum
989 1145 1022 1197 et
1042 1131 1248 1196 Constantino
1272 1131 1372 1206 ilcila,
1411 1141 1414 1148 ’

276 1221 392 1282 iactans
413 1219 588 1282 liberaliter
606 1219 774 1304 bypatiam.
817 1240 921 1282 mense
943 1241 1019 1280 vero
1044 1218 1128 1280 lllaio
1154 1216 1306 1278 infirmata
1327 1223 1373 1277 est

276 1305 459 1386 imperatrix
481 1323 562 1385 pene
577 1301 617 1364 ad
638 1311 785 1378 mortem,
809 1311 841 1366 et
857 1311 1007 1386 protenta
1029 1310 1073 1364 est
1087 1300 1249 1362 contentio
1271 1321 1372 1362 euuu-
1463 1309 1466 1314 '

218 1415 221 1418 ·
276 1387 420 1449 chorum.
442 1387 545 1448 aetius
569 1396 673 1449 autem
694 1386 855 1448 auxiliatus
871 1387 1051 1448 estNicetue
1070 1384 1204 1468 patricio
1226 1391 1259 1446 et
1278 1382 1372 1444 scho..

277 1470 379 1534 tarum
401 1470 585 1548 domesticu,
604 1481 637 1535 et
656 1471 865 1553 insequuntur
885 1491 991 1532 severe
1014 1468 1221 1546 stauracium,
1242 1465 1373 1529 credere

277 1555 425 1616 iacientes
441 1554 675 1636 imperatricem
687 1553 774 1638 quod
790 1553 956 1636 imperium
973 1560 1149 1636 appeteret,
1172 1551 1262 1612 itaut
1282 1558 1372 1612 atro-

277 1640 358 1700 citer
379 1638 459 1700 irata
484 1637 547 1716 illi,
573 1637 739 1700 ascendens
769 1637 800 1696 in
833 1635 983 1719 palatium
1001 1634 1236 1710 Tonchierium,
1259 1633 1372 1696 dixerit

277 1721 453 1786 rebellionis
475 1727 509 1784 et
526 1721 689 1783 simultatis
709 1719 946 1783 sollicitatorem
964 1741 1036 1782 eum
1060 1739 1133 1794 esse,
1156 1728 1188 1780 et
1208 1717 1267 1778 sibi
1288 1717 1371 1780 cele-

276 1806 318 1868 ris
347 1804 570 1888 acquisitorem
599 1803 796 1886 perditionis.
852 1805 908 1890 qui
940 1803 980 1865 ad
1011 1803 1086 1888 haec
1115 1801 1261 1884 apologia
1290 1801 1372 1862 factu

274 1888 438 1950 muniebat
470 1909 503 1949 se
527 1888 638 1984 ipsum.
691 1887 865 1951 insaniebat
891 1896 995 1952 autem
1024 1886 1170 1949 adversus
1197 1883 1320 1947 aetium
1340 1889 1374 1946 ct

274 1974 415 2035 ilicetum
436 1971 498 2033 iam
519 1972 621 2035 dictos
646 1971 808 2054 patricios.
1060 1987 1062 1994 ·

356 2104 449 2164 Auno
462 2101 586 2188 imperii
598 2103 733 2169 Heireue
749 2103 857 2181 tertio,
878 2125 981 2167 meuse
993 2101 1179 2180 Februario,
1200 2101 1374 2164 indictione

276 2192 404 2266 octava,
426 2185 487 2248 iam
515 2187 618 2250 dictus
635 2187 816 2251 stauracius
848 2187 1045 2272 tyrannidem
1074 2209 1111 2247 ae
1131 2181 1319 2250 'simultatem
1339 2184 1371 2246 in
1447 2239 1450 2248 .

177 2281 267 2355 patto
279 2269 358 2332 urhe
379 2271 466 2353 regia
488 2273 706 2352 construebat,
723 2269 904 2349 scholarios,
925 2272 1085 2354 quierant
1106 2269 1202 2346 inea,
1224 2277 1256 2334 et
1277 2289 1372 2332 excu-

273 2354 392 2416 bitores
412 2377 474 2418 uua
493 2375 566 2417 cum
594 2355 702 2438 primis
722 2377 836 2418 eorum
865 2354 1005 2438 pecuniis
1026 2377 1063 2416 ac
1084 2353 1265 2416 muneribus
1287 2374 1372 2415 assu-

274 2460 359 2501 mens
381 2460 417 2499 ac
443 2439 578 2522 placans.
619 2439 755 2504 Heireue
782 2460 874 2516 saue,
905 2438 959 2523 pia
978 2438 1170 2523 imperatrix,
1191 2439 1315 2501 silentio
1340 2437 1371 2499 in

276 2522 434 2584 lastiniani
459 2522 599 2585 triclinio
615 2524 701 2586 facto
712 2522 879 2605 probibuit
901 2546 1035 2601 omnem,
1058 2523 1112 2607 qui
1133 2524 1292 2598 militaret,
1315 2520 1372 2582 ad-

274 2606 407 2669 haerere
428 2608 617 2684 stauracio,
641 2608 739 2671 etsie
759 2606 872 2688 adepta
889 2599 962 2669 saint
982 2605 1139 2670 modicam
1159 2605 1373 2689 tranquillita.

277 2700 340 2751 tem
362 2691 497 2771 negotia.
546 2690 655 2753 Aetius
685 2711 762 2751 vero
796 2689 857 2751 iam
889 2698 1079 2751 memoratus
1102 2700 1134 2751 et
1156 2690 1277 2753 Nicetes
1301 2710 1373 2749 cum

279 2773 343 2834 aliis
367 2773 554 2915 quibusdam
575 2772 719 2835 certatim
741 2772 988 2835 adversabantur
1001 2774 1177 2851 Stauraoio,
1200 2772 1254 2857 qui
1277 2771 1374 2835 eorde

276 2877 374 2937 percu
402 2878 436 2917 us
468 2856 651 2938 sanguinem
682 2878 742 2939 per
776 2876 810 2918 us
839 2856 941 2919 emisit
968 2876 1148 2939 spumosum
1172 2856 1375 2939 expertibus

273 2938 413 3021 pectoris
441 2947 474 3001 et
503 2938 671 3021 pulmonis.
714 2938 777 3005 boc
798 2940 911 3001 medici
938 2942 1119 3023 aspicientes
1138 2940 1273 3009 mortale
1293 2960 1373 3022 pro.

277 3020 515 3086 nuntiaverunt.
559 3031 607 3085 ast
627 3023 806 3085 adulatores
830 3032 862 3087 ct
882 3025 1032 3107 imperiti,
1055 3028 1241 3088 nouaclum
1261 3022 1374 3087 modici

276 3104 332 3167 sed
353 3113 386 3165 et
408 3105 536 3190 quidam
556 3106 822 3189 pseudomonachi
848 3117 880 3169 et
902 3107 1019 3184 divini,
1042 3109 1222 3177 iuramentis
1242 3108 1375 3171 credere

229 3257 233 3267 ,
276 3198 498 3271 persuaserunt
518 3212 616 3274 usque
637 3190 677 3253 ad
696 3190 779 3253 diem
790 3193 902 3253 mortis
917 3193 992 3275 eius,
1012 3194 1183 3277 quaefacta
1204 3200 1251 3255 est
1270 3212 1376 3255 mense

278 3272 368 3333 lunio
389 3273 484 3356 ipsiau
504 3282 634 3337 octavae
652 3275 842 3351 indictionis,
864 3276 951 3359 quod
976 3278 1114 3339 victurus
1136 3284 1169 3339 et
1189 3284 1374 3360 regnaturus

277 3366 366 3417 emet.
410 3358 522 3441 quihus
544 3358 596 3421 ille
615 3357 734 3419 iunixus
752 3359 937 3423 seditionem
954 3361 986 3423 iu
1008 3359 1212 3443 cappadociis
1226 3368 1374 3425 constru-

277 3440 322 3499 xit
343 3436 488 3502 adversus
507 3441 631 3502 Aiitium
658 3442 746 3525 lieri,
769 3464 863 3527 quam
893 3466 956 3506 non
979 3446 1093 3506 meruit
1113 3442 1219 3507 vivens
1242 3441 1373 3505 audires

276 3532 350 3605 post
386 3522 464 3584 duos
496 3545 630 3609 namque
657 3523 721 3587 dies
751 3526 863 3588 mortis
884 3526 949 3588 eius
976 3548 1071 3610 super
1095 3526 1155 3589 hoc
1175 3524 1300 3589 nuntius
1319 3546 1373 3586 ve·

275 3606 334 3751 pit,
356 3604 558 3751 etbpetditiosi
586 3608 804 3694 comprehensi
823 3609 919 3673 exiliis
945 3621 1018 3673 sunt
1041 3619 1072 3673 et
1095 3606 1373 3674 animadversioni-

299 3710 334 3750 us
353 3712 388 3753 su
434 3712 443 3750 r
460 3712 483 3751 ι.

279 3894 288 3912 ,
336 3815 452 3910 ,Auno
474 3812 600 3898 imperii
620 3816 756 3881 Heirene
770 3829 897 3904 quarto,
920 3826 1032 3882 octavo
1047 3818 1192 3883 kalendas
1206 3815 1373 3893 lanuarias,

278 3896 458 3960 indictionis
489 3920 612 3980 nonae,
635 3901 766 3964 Carolus
796 3924 849 3967 rex
877 3906 1072 3966 Francorum
1094 3912 1265 3967 coronatus
1286 3908 1332 3963 ast
1353 3922 1372 3959 a

177 3992 267 4071 pm
277 3980 387 4047 Leone
402 4002 496 4067 popa,
515 3991 547 4047 et
571 4004 643 4048 cum
663 3986 810 4051 voluisset
832 3996 943 4049 contra
954 3988 1090 4055 Siciliam
1113 3986 1255 4051 classibus
1276 4004 1372 4069 prae-

279 4066 360 4139 laam,
387 4088 419 4129 se
449 4066 616 4151 poenituit,
636 4070 784 4153 coniungi
805 4071 909 4153 potius
937 4092 1008 4133 cum
1028 4072 1163 4135 lleirene
1186 4072 1304 4145 voleus,
1326 4070 1373 4131 le-

278 4148 356 4244 gatis
377 4149 416 4210 ad
436 4150 499 4213 hoc
520 4150 647 4215 directis
668 4154 925 4237 sequentianno,
948 4154 1121 4219 indictione
1134 4154 1263 4221 decima.
1284 4154 1372 4215 Mar-

277 4238 324 4293 tro
346 4254 430 4317 vere,
444 4257 549 4302 meuse
568 4258 671 4303 nouae
688 4237 868 4304 indictionis
887 4238 1023 4305 lleirene
1040 4240 1091 4323 pia
1113 4237 1295 4323 imperatrix
1308 4238 1374 4321 By·
