3050 4900
485 341 539 404 tx
566 340 824 407 tutoresne.
1144 336 1193 406 85

114 503 255 570 donensb
275 503 401 569 concilii
421 514 578 596 gestorum
608 530 667 592 per
688 509 869 594 muglstram
890 509 1032 594 aeelpere
1052 532 1070 571 a
1090 513 1197 573 Mece-

114 591 207 654 donio
231 597 264 650 et
278 589 460 672 dirumpere
478 593 648 674 satagebat.
671 596 872 656 lllaeedonius
893 616 969 658 vero
989 595 1110 678 signans
1128 616 1198 655 eam

112 695 202 756 super
223 673 322 734 altare
339 675 466 756 posuit3
494 698 587 759 quam
606 677 798 759 Calepodius
826 677 984 740 eunuchus
1005 689 1038 740 et
1059 697 1197 738 oecono-

112 779 174 820 mus
194 777 327 840 magnae
347 758 492 820 eeclesiae
512 761 601 822 liu-to
620 761 754 824 ablatam
774 761 959 844 imperatori
980 760 1100 822 detulit.
1122 769 1199 820 tanc

112 841 330 904 Macedonium
354 852 446 904 necte
467 841 599 904 educens
609 843 787 926 imperator
806 846 959 907 violenter
973 843 1293 920 Chalcedonemp·2lll

112 925 201 999 misit,
223 930 257 984 et
279 923 352 984 inde
376 925 459 1007 apud
481 926 664 988 Euchaitem
679 927 770 990 exilio
789 929 920 1011 relegari
933 928 1104 1009 praecepit,
1122 927 1200 986 nihil

114 1026 325 1089 eorumquae
347 1005 437 1069 dese
467 1011 637 1072 ebileiebat
657 1033 812 1094 quaerere
839 1033 938 1089 ausas,
960 1020 1097 1072 metuens
1118 1009 1199 1070 mul·

112 1091 269 1153 titudines.
311 1099 435 1172 postera
454 1113 532 1154 vero
555 1093 606 1155 die
625 1094 776 1176 provebit
795 1096 975 1176 episcopum
996 1093 1199 1155 Timotheum

115 1173 288 1258 quendam,
319 1177 411 1255 presb
436 1186 538 1237 terum
558 1185 589 1237 et
610 1197 754 1238 vesorum
776 1178 938 1240 custodem
964 1177 1120 1254 eeclesiae,
1141 1198 1199 1236 eo-

113 1266 282 1340 gnomento
313 1197 517 1340 Lytrebulem
545 1268 577 1320 el
606 1260 753 1322 Gelonem
780 1273 917 1343 propter
943 1260 1092 1343 quosdam
1115 1268 1199 1320 aetus

113 1341 330 1402 convenientes
345 1343 518 1404 nominibus
533 1363 542 1419 3
556 1343 610 1425 qui
629 1345 779 1426 ingressus
800 1344 949 1420 eeclesias,
969 1346 1105 1426 primum
1120 1343 1199 1403 ima-

113 1425 196 1508 gines
205 1421 382 1485 Macedouii
401 1423 586 1508 deponebat,
607 1435 638 1487 et
655 1430 697 1486 ita
716 1426 850 1488 faciebat
868 1429 970 1488 missas
988 1432 1023 1503 *).
1053 1429 1202 1486 loannem

111 1529 186 1568 sero
197 1507 439 1569 Alexandrinum
451 1510 481 1569 in
498 1509 651 1592 diptychis
669 1509 838 1586 ordinauit,
859 1511 886 1572 ei
910 1532 949 1571 ue
962 1508 1200 1593 synodicaseri-

111 1593 179 1674 psit.
201 1590 377 1670 imperetur
389 1600 491 1654 autem
502 1593 697 1674 perpendens
712 1593 798 1676 quod
814 1594 879 1656 sine
888 1533 1084 1676 depositione
1095 1595 1201 1652 blace-

114 1673 243 1734 donium
255 1681 287 1733 et
298 1673 364 1734 sine
380 1674 494 1736 iudicio
511 1676 542 1736 in
554 1676 677 1736 exilium
689 1678 817 1754 miserit,
829 1677 920 1738 misso
936 1678 1083 1758 magistro
1095 1674 1201 1734 sistere

112 1758 269 1818 leciteum
290 1758 372 1818 ultra
383 1757 610 1838 Claudiopolim
626 1761 833 1838 Honoriudis,
852 1762 958 1842 sicque
987 1761 1073 1820 illum
1090 1759 1200 1818 absen-

111 1849 172 1902 tem
193 1839 365 1920 deponunt,
384 1863 455 1902 enm
473 1841 558 1902 'idem
578 1843 635 1925 ipsi
648 1845 765 1905 luerint
779 1853 972 1905 decimatores
989 1851 1079 1904 testes
1100 1849 1132 1902 et
1149 1841 1200 1901 iu-

111 1923 202 2000 dices,
223 1925 408 2005 praesertim
427 1925 580 1986 onmium
604 1934 682 1987 esset
695 1939 768 1988 aute
789 1927 937 1988 iudicium
959 1929 1077 2008 pulsus;
1098 1933 1130 1985 et
1142 1943 1202 2005 per

111 2007 271 2090 episeopus
293 2007 422 2070 mittunt
445 2009 689 2089 depositionem,
710 2019 743 2072 et
765 2000 982 2094 presbyterum
1006 2009 1200 2093 Cyzicenum.

109 2089 165 2152 hos
185 2111 257 2151 enm
270 2089 395 2154 vidisset
406 2090 613 2170 Menedemus,
636 2095 818 2177 priusquam
836 2115 908 2154 eum
928 2093 985 2154 illis
1002 2094 1200 2175 loqueretur,

111 2174 327 2255 interrogabat
345 2175 370 2235 si
390 2175 583 2257 susciperent
604 2176 756 2260 synodum
772 2175 1065 2247 Chalcedonensem;
1088 2173 1200 2259 quibas

111 2257 284 2321 dicentibus
304 2259 393 2342 “quis
417 2261 498 2320 enim
519 2259 597 2322 esl’'
618 2270 694 2320 tunc
717 2261 782 2341 ipse
811 2260 856 2321 ait
882 2262 928 2320 “si
949 2258 1130 2320 sabbatiani
1150 2254 1200 2317 vel

110 2341 326 2404 Macedoniani
358 2343 517 2404 deferrent
542 2341 618 2402 mihi
648 2341 896 2425 depositionem,
928 2349 1120 2404 convenerat
1150 2359 1200 2402 me
1209 2352 1236 2406 P·
1247 2335 1299 2395 24¹

109 2425 295 2507 suscipere.”
350 2433 381 2487 et
407 2425 450 2487 ita
479 2425 596 2489 reversi
630 2437 702 2487 sant
732 2426 920 2502 inefficaces,
952 2425 1094 2507 idemque
1122 2443 1200 2504 per-

111 2510 198 2571 venit
220 2508 259 2571 ad
281 2509 474 2571 Euelraltem.
518 2517 595 2571 tune
616 2520 647 2571 et
669 2508 852 2570 Flavianum
879 2509 1043 2569 festinabat
1064 2508 1200 2588 impera-

111 2600 166 2654 tor
185 2615 204 2653 a
221 2592 294 2655 sede
315 2593 509 2655 Antiocheno
531 2593 662 2669 eiicere,
692 2601 723 2653 et
743 2612 806 2673 pro
825 2591 878 2651 illo
897 2593 1047 2653 Severum
1065 2589 1198 2649 manile-

109 2686 190 2737 stnm
223 2676 360 2737 veritatis
388 2676 548 2738 inimicum
579 2676 739 2737 inducere.
783 2684 996 2756 apposuerant
1020 2683 1122 2735 autem
1144 2692 1198 2733 ca.

110 2760 291 2821 lumniantes
312 2760 398 2841 quod
418 2782 475 2822 ore
496 2768 618 2821 tantum
642 2769 674 2822 et
694 2780 758 2819 non
780 2757 876 2819 eorde
895 2758 1050 2841 synodum
1071 2753 1200 2817 anathe-

109 2842 344 2905 matizaverunt.
395 2844 435 2905 de
470 2852 576 2905 cetero
607 2853 639 2904 et
666 2842 828 2903 eonsilium
847 2852 1036 2923 acceperunt
1069 2839 1196 2911 iudices,

111 2928 165 3011 qui
186 2928 268 2987 missi
289 2928 414 2987 luerent
446 2926 484 2989 ab
516 2926 724 3007 imperatore,
746 2925 879 3007 pellendi
907 2948 978 2985 eum
1012 2933 1044 2985 et
1063 2932 1199 3005 propter

110 3011 321 3071 turbationem
350 3008 509 3071 medicum
530 3008 730 3080 removeudl;
764 3029 828 3090 quo
851 3009 889 3069 ad
911 3010 1057 3069 Platanos
1076 3026 1199 3087 egresso

108 3094 273 3155 confestim
303 3092 433 3175 impiam
464 3094 614 3155 Severum
646 3092 826 3170 constituit,
847 3092 902 3174 qui
929 3101 1000 3152 aete
1029 3088 1197 3149 monachas

106 3180 213 3237 fuerat
236 3176 268 3237 in
291 3176 481 3239 monasterio
511 3176 794 3251 schismaticorum,
824 3175 908 3236 iuxta
929 3176 1064 3236 Maioma
1086 3174 1195 3231 Gazae.
1247 3229 1253 3238 ,

106 3260 292 3321 Flavianum
314 3270 418 3321 eutem
437 3258 521 3341 apud
542 3260 649 3321 Petras
681 3258 773 3319 exilio
795 3258 950 3339 relegavit.
992 3256 1045 3316 scd
1067 3262 1099 3315 et
1120 3252 1198 3313 alies

107 3345 277 3405 nonnullos
310 3344 471 3424 episcopos
498 3342 607 3404 ferreis
642 3342 772 3403 vinealis
800 3339 992 3421 compeditos
1023 3360 1085 3399 una
1123 3358 1197 3398 eam

107 3426 300 3509 presbyteris
320 3436 352 3487 et
372 3426 560 3487 diaconibus.
581 3425 682 3487 Helias
705 3445 780 3487 vero
801 3422 1098 3506 Hierosolymilanus
1121 3420 1198 3481 dum

106 3519 278 3593 cogeretur
305 3510 343 3569 ab
372 3510 563 3592 imperatore
596 3518 651 3569 aut
682 3508 798 3569 Severo
831 3506 1061 3567 communicare
1082 3512 1136 3565 aut
1155 3504 1196 3563 ab

107 3594 295 3677 episcopatu
317 3592 447 3676 repelli,
475 3590 632 3654 monacbis
660 3590 912 3653 confortantibus
935 3589 1045 3667 illum,
1065 3588 1104 3649 ab
1126 3586 1199 3668 epi·-

145 3774 172 3848 ⁶)
193 3772 312 3826 ssciebnt
325 3774 428 3847 missus]
446 3772 620 3846 ἐλειτοῦργει.
661 3772 735 3824 idem
751 3770 786 3824 de
810 3770 874 3824 vitis
890 3772 936 3823 ΡΡ.
955 3769 985 3821 in
1002 3766 1193 3820 Constantino:

179 3845 275 3928 missas
295 3846 452 3966 ipnperaturi
480 3845 555 3897 lecit.
592 3846 630 3896 sie
656 3841 840 3964 loppaabantur
862 3840 979 3925 antiqui,
994 3848 1026 3890 nt
1040 3839 1067 3957 Sl.
1085 3834 1197 3959 {anila-

180 3916 588 4050 tt's::5‚;⁰hlttttt‚‘t
602 3913 661 4037 lh
676 3915 1074 4039 mlhfltthttttth
1092 3922 1196 4028 stt

181 4046 1192 4125 mmmmmmmsmmmmmmhwebmfflw

180 4126 258 4177 ardus
280 4125 342 4177 hist
354 4128 446 4179 Reml
465 4128 483 4179 2
502 4144 524 4176 c.
539 4126 578 4177 13.
600 4124 671 4179 idern
691 4134 783 4178 tumen
800 4125 934 4193 interpres
949 4122 1041 4173 missas
1059 4118 1197 4171 celebrare

182 4196 252 4250 dixit
270 4198 288 4249 l.
310 4198 343 4251 ll)
358 4215 380 4249 c.
399 4198 441 4251 23.
479 4198 557 4251 rasi.
