3050 4900
323 414 397 483 210
487 415 697 483 antsTtsn
728 412 925 481 memma
950 412 1261 483 EOCIPSIASTle

322 590 393 651 viro
421 589 486 650 eins
517 590 579 649 iam
610 588 811 669 campaneis
840 588 1044 653 familiaribus
1077 586 1141 651 suis
1169 586 1316 669 ingresso.
1358 588 1413 654 uhi

321 694 393 735 cum
404 676 575 734 Germanus
595 694 731 733 suesanus
745 672 891 733 sacerdos
903 672 1128 747 Constantium,
1152 668 1310 753 nequitiae
1328 671 1414 753 ipso.

322 778 392 819 rum
414 764 446 817 et
465 756 589 839 imperii
622 776 849 831 successorem,
870 754 1064 837 baptizaret,
1088 754 1194 815 dirum
1211 756 1360 836 quiddam
1381 766 1414 822 et

320 839 472 902 foetidum
496 864 513 899 a
548 841 679 921 parvulo
704 836 787 901 idem
807 839 1026 901 Constantinus
1053 837 1252 921 praesignans
1273 838 1413 904 exhihuit

318 932 545 1006 argumentum,
568 944 677 985 cacans
698 924 729 983 in
748 932 856 983 sancto
880 922 1015 1000 lavacro,
1039 931 1075 983 ut
1097 922 1184 983 aiunt
1205 921 1260 1004 qni
1282 920 1411 1005 diligen.

316 1015 366 1067 ter
385 1006 474 1068 huius
497 1007 541 1067 rei
563 1006 637 1067 facti
658 1014 732 1069 sant
753 1006 954 1087 inspectores,
971 1004 1013 1065 ita
1035 1015 1071 1067 ut
1093 1008 1267 1067 Germanus
1284 1007 1412 1070 sanctis·

315 1090 408 1151 simus
429 1088 615 1172 prophetice
646 1088 766 1153 diceret
788 1091 931 1150 “constat
958 1088 1082 1153 maximi
1105 1088 1284 1151 Christianis
1302 1099 1334 1151 et
1356 1111 1411 1153 ec.

315 1175 423 1235 etesiae
451 1174 525 1235 mali
551 1194 609 1255 per
638 1193 709 1235 eum
742 1168 894 1235 efficiendi
924 1170 987 1233 lano
1004 1172 1129 1253 signum
1155 1193 1220 1235 esse
1238 1174 1410 1235 feturam?

266 1292 271 1309 ·
314 1256 397 1319 laune
419 1256 525 1339 itaque
552 1255 744 1339 baptizatum
766 1254 1004 1337 provinciarum
1034 1265 1130 1338 atque
1146 1264 1270 1317 senatus
1290 1257 1412 1337 princi.

278 1368 280 1377 v
312 1360 367 1422 pes
386 1348 600 1421 susceperunt.
643 1348 715 1422 post
735 1337 841 1401 divina
859 1360 935 1401 sane
963 1336 1065 1401 officia
1086 1360 1158 1400 cum
1178 1337 1309 1402 solemni
1329 1361 1410 1401 rur·

311 1444 360 1485 sus
381 1422 533 1506 obsequio
556 1428 692 1506 Augusta
712 1422 813 1485 Maria
835 1442 897 1484 nna
919 1443 993 1485 curn
1012 1422 1173 1504 baptisato
1196 1422 1262 1483 titio
1282 1444 1410 1486 reversa

312 1517 367 1581 est,
392 1504 546 1569 donativis
569 1506 704 1589 erogatis
725 1506 765 1567 ab
788 1504 917 1567 ecclesia
938 1526 1038 1588 usque
1058 1504 1099 1567 ad
1120 1526 1247 1569 aeneam
1269 1516 1410 1588 partam.

311 1588 424 1652 eodem
457 1590 552 1652 etiam
585 1611 666 1651 suno
694 1588 814 1652 Nicetes
844 1588 998 1673 Xylinites
1025 1588 1138 1651 scribit
1166 1587 1207 1651 ad
1235 1590 1410 1653 Artemitam

214 1700 241 1756 p·
249 1684 303 1741 otti
311 1673 547 1735 Thessalonicae
578 1680 774 1751 morantem,
803 1692 870 1756 quo
891 1680 1042 1755 pergeret
1061 1672 1102 1735 ud
1120 1672 1279 1750 Terbelio,
1301 1675 1410 1770 quati-

310 1778 458 1817 nuscum
479 1756 592 1817 auxilio
615 1756 786 1839 vulgarico
808 1763 921 1817 contra
939 1758 1077 1820 Leonem
1097 1756 1229 1819 reniret.
1271 1778 1326 1855 qur
1346 1758 1410 1821 ob-

309 1838 435 1902 audiens
457 1838 649 1906 edTerhelin
668 1840 755 1915 abiit,
777 1847 811 1903 et
830 1838 885 1900 dat
900 1840 929 1902 ei
950 1839 1131 1915 exercitum,
1146 1848 1179 1902 et
1194 1838 1248 1902 dat
1268 1861 1297 1902 er
1314 1840 1409 1925 quin·

310 1925 458 2006 quaginta
492 1923 563 1985 auri
589 1924 783 1999 centenaria,
811 1930 844 1985 et
866 1921 912 1984 his
946 1923 1080 2005 receptis
1102 1922 1410 2007 Constantinopolim
1471 1951 1475 1959 ¹

309 2006 397 2069 venit
416 2006 495 2069 urhe
513 2028 586 2069 sane
607 2006 639 2069 id
658 2006 786 2071 minime
813 2005 1010 2069 admittente.
1030 2005 1182 2089 Vulgares
1204 2004 1288 2069 hunc
1308 2006 1408 2069 Leoni

309 2088 532 2165 tradiderunt,
565 2100 597 2151 et
619 2090 739 2153 liberali
769 2089 920 2152 honorati
947 2091 986 2151 ab
1016 2110 1054 2151 eo
1074 2089 1267 2175 benignitate
1288 2090 1407 2154 reversi

309 2180 390 2235 sunt.
433 2182 480 2238 ast
511 2174 686 2256 imperator
713 2175 798 2235 hunc
828 2194 900 2234 cum
928 2172 1069 2317 nginitc
1097 2173 1249 2254 peremit,
1277 2174 1405 2257 publico

309 2262 437 2339 qudqne
458 2258 532 2319 fisco
554 2258 755 2321 substantiam
778 2256 937 2339 applicans
993 2255 1118 2341 pituitis,
1139 2256 1286 2339 quicum
1306 2258 1408 2341 magi.

308 2348 374 2401 ster
395 2350 484 2418 esset,
506 2341 707 2403 substantiam
728 2342 859 2403 multam
879 2339 1070 2422 possederat.
1118 2338 1286 2401 Sisinnium
1305 2341 1411 2423 patri-

308 2425 392 2487 cinm
411 2435 620 2509 cognomento
652 2426 843 2502 Reducium,
868 2444 906 2486 eo
936 2422 1024 2508 quod
1046 2423 1142 2485 suerit
1161 2445 1233 2486 cnm
1255 2425 1408 2504 Artemio,

307 2509 460 2591 Volgares
483 2510 586 2590 capite
611 2512 800 2592 punierunt,
826 2515 857 2570 et
881 2507 1153 2589 archiepiscopum
1172 2507 1409 2572 Thessalonicae

307 2592 406 2654 Leoni
428 2593 563 2674 principi
590 2595 800 2668 tradiderunt,
826 2591 881 2676 qui
905 2589 1074 2652 decollatus
1095 2599 1140 2652 est
1161 2613 1232 2654 cum
1252 2593 1407 2658 Artemis.

306 2675 448 2736 similiter
478 2685 510 2738 ct
534 2677 647 2737 llisoen
677 2679 847 2759 patricium
873 2682 904 2736 et
926 2675 1072 2736 comitem
1094 2673 1224 2752 Obsicii,
1246 2685 1278 2738 et
1298 2675 1410 2738 Theo.

308 2761 433 2820 ctistnm
455 2760 592 2840 primunr
616 2783 632 2820 a
655 2763 793 2830 secretis,
817 2765 850 2819 el
871 2759 1010 2819 Nicetam
1043 2758 1233 2825 Anthracem
1254 2768 1286 2821 et
1306 2759 1410 2821 comi.

308 2849 372 2902 tem
393 2841 538 2912 Titiclrei,
575 2851 609 2904 ut
632 2843 746 2906 amicos
770 2852 803 2905 et
827 2840 1000 2905 concordes
1022 2841 1087 2904 eins
1109 2841 1244 2906 occidit:
1268 2842 1410 2926 reliquos

309 2932 414 2984 antem
435 2925 581 2986 mutitatis
613 2928 739 2990 naribus
768 2925 1015 3010 proscriptione·
1034 2923 1196 2988 damnatos
1230 2927 1410 2992 inexilium

309 3007 405 3069 misit.

390 3114 501 3177 Mundi
524 3139 605 3178 ιιιιιιο
628 3115 721 3192 6219,
745 3115 1104 3181 divinaeincarnationis
1126 3138 1208 3178 anno
1229 3115 1302 3194 719,
1323 3138 1407 3180 anno

308 3219 386 3260 vero
409 3199 532 3282 imperii
556 3201 667 3262 Leonis
691 3209 806 3284 quarto
828 3201 919 3262 Hiaid
941 3203 1078 3263 Arabum
1103 3199 1164 3262 dur
1186 3201 1329 3279 habetur,
1349 3202 1409 3286 qui
1440 3197 1444 3204 ‘

308 3281 350 3343 eis
374 3287 526 3366 quattuor
544 3285 681 3365 praefuit
702 3285 799 3350 antris.
842 3287 954 3346 eodem
976 3305 1104 3368 quoqne
1124 3306 1207 3345 anno
1231 3286 1409 3347 indictione

308 3365 412 3440 tertia,
437 3363 487 3428 dic
509 3369 651 3450 paschae,
673 3377 844 3454 coronatus
862 3377 907 3429 est
926 3367 1145 3429 Constantinus
1167 3370 1409 3451 nLeonepatre

307 3471 364 3511 suo
387 3451 418 3512 in
440 3451 611 3513 tribunatio
627 3453 733 3514 decem
755 3462 788 3515 et
807 3473 919 3514 norem
941 3451 1151 3524 accubituum,
1173 3453 1329 3514 Germano
1345 3473 1408 3534 pa.

308 3531 447 3595 triarcha
467 3535 599 3596 faciente
619 3537 776 3597 orationes
795 3533 966 3598 secundnm
979 3557 1110 3597 morem.
1132 3534 1194 3597 hoc
1210 3535 1303 3597 etiam
1320 3555 1406 3597 anno
1509 3594 1510 3607 ,

209 3641 236 3698 p.
247 3623 299 3678 61⁷
310 3624 451 3678 mortuns
474 3627 519 3678 est
540 3619 695 3681 Humerus
720 3619 781 3680 dur
803 3621 953 3694 Arabum,
969 3629 1001 3681 el
1023 3619 1128 3681 oritur
1149 3619 1180 3678 in
1200 3619 1330 3682 Perside
1349 3629 1409 3704 ty·
1508 3676 1509 3681 ,

309 3721 444 3774 rannus,
472 3711 504 3762 et
527 3701 591 3785 ipse
613 3703 736 3763 nomine
764 3701 855 3764 tliaid
874 3702 1030 3776 Moatahe,
1049 3709 1081 3764 et
1101 3703 1248 3766 abierunt
1269 3725 1342 3766 cum
1362 3721 1409 3765 eo
1507 3732 1508 3753 ι

308 3805 344 3846 ex
366 3783 492 3845 Perside
513 3786 617 3846 multi.
671 3787 761 3848 misso
783 3795 887 3848 autem
915 3784 1004 3847 Hiaid
1023 3787 1167 3848 lllasslma
1189 3785 1308 3850 oceidit
1329 3807 1408 3850 enm
1506 3806 1507 3827 ¹

308 3876 340 3928 et
363 3867 521 3931 Persidem
538 3867 685 3930 subdidit.

391 3995 481 4053 Anno
511 3993 635 4074 imperii
665 3994 777 4055 Leonis
812 3993 925 4078 quinto
955 4000 1104 4077 apparuit
1138 3997 1265 4079 quidam
1291 3991 1406 4080 Syrius
1503 4022 1504 4041 ι

306 4075 558 4157 pseudochristus
579 4087 609 4140 et
630 4079 952 4158 seduxitliaebrseos,
972 4080 1076 4142 dicem
1096 4103 1127 4142 se
1146 4079 1315 4143 Christum.

391 4201 480 4261 Anno
503 4202 627 4284 imperii
650 4203 697 4264 sui
721 4213 807 4266 serto
827 4207 892 4264 Leo
915 4207 1019 4285 coegit
1040 4205 1197 4267 Hebraeos
1217 4213 1250 4268 et
1271 4205 1406 4265 Monta.

305 4305 362 4348 nos
382 4285 542 4369 baptizari.
594 4297 735 4350 atvero
770 4288 877 4351 ludaei
898 4297 1009 4352 contra
1027 4291 1228 4373 propositum
1246 4286 1407 4372 baptizati
1498 4348 1499 4355 ,
