3050 4900
635 291 783 360 norae.
1172 283 1245 360 455

241 435 385 516 361,16.
427 439 485 501 τοῦ
503 435 646 520 misai]
665 465 763 528 equos
783 444 971 512 circensibus
995 443 1074 510 ludls
1093 466 1248 531 peregen-
1299 485 1308 508 .

159 523 207 589 die
227 523 355 584 dicatos.
397 544 461 605 qna
482 521 617 588 dictione
640 529 723 592 nulla
736 549 796 612 per
817 528 879 592 hoc
900 549 978 611 opus
998 530 1207 614 frequentior.

243 623 325 686 Ibid.
356 622 405 686 19.
456 619 513 686 xor*
541 621 686 707 ἕποιἠσεν
717 623 899 710 cavositas]
930 630 1017 692 vallo
1048 649 1080 690 se
1109 631 1248 694 munivit.

156 706 311 790 Agathias.
363 706 550 770 Belissurim
578 711 661 771 hand
675 713 786 795 pmcad
811 713 850 774 ab
881 712 952 776 urbe
979 713 1024 774 od
1051 711 1249 776 Clsetunesurn

157 791 212 872 (id
229 792 290 852 loci
307 792 432 870 mmm)
452 792 562 873 positis
574 797 692 867 caseis,
716 803 777 855 etc.

238 871 311 949 369,
331 871 361 935 7.
404 869 576 955 delapsum]
598 878 750 958 Agathiss.
773 878 990 962 amphiproru:
1012 899 1093 962 quae
1114 897 1176 940 non
1199 877 1248 939 in.

154 975 273 1101 liiii,
294 954 1250 1124 1ῗέἷὲἝῖῗῖῑῖῗῶἯῖἓὲῑὲ’3311313336331

155 1130 321 1307 ”iffa
344 1216 392 1285 14.
434 1211 550 1303 ἤρξατο
581 1217 772 1303 ὃβασιλεύς
792 1223 920 1307 maleta]
943 1224 1097 1289 difficilem
1119 1225 1247 1289 conditu

155 1307 261 1386 pontis
281 1307 405 1383 molem,
433 1309 560 1392 eiusque
589 1307 824 1392 amplitudinem
847 1309 995 1372 emetitur
1015 1311 1189 1392 Procopius
1210 1309 1249 1372 de

156 1387 248 1451 aedil.
273 1391 383 1452 lustin.
408 1391 460 1454 tib.
481 1391 512 1469 5,
534 1393 697 1476 Sangarim
715 1393 827 1454 scribit
848 1391 919 1454 ille:
942 1391 1050 1454 Suidas
1060 1389 1249 1474 Σαγγάριος.

240 1487 363 1568 363,1.
405 1479 457 1550 ὅτι
483 1487 681 1572 ἐτελεύτησεν
700 1487 718 1554 ὁ
744 1490 905 1572 βασιλεύς]
927 1513 994 1555 eam
1017 1493 1175 1554 lastiniani
1195 1513 1250 1554 ae·

159 1571 360 1654 gritudinem
384 1594 443 1656 qua
465 1573 550 1636 velut
569 1576 653 1637 inter
667 1577 818 1637 cadavera
839 1575 941 1636 iacens
961 1586 1122 1658 reputatus
1145 1577 1250 1650 suerit,

156 1665 311 1718 memorat
339 1658 514 1737 Procopius
543 1657 582 1721 de
608 1659 701 1740 ipsius
729 1658 847 1720 aedilis.
876 1659 927 1720 lih.
952 1661 989 1738 1,
1011 1681 1126 1720 annum
1147 1668 1249 1721 tamen

155 1759 220 1800 nou
241 1739 405 1802 observat:
426 1763 519 1824 quem
541 1737 583 1803 34
604 1742 727 1825 imperii
749 1743 857 1804 labens
874 1742 983 1802 anuuit
1002 1743 1164 1805 Barouius.

238 1841 322 1904 laid.
348 1837 396 1901 14.
448 1836 632 1922 acopdrmpu
664 1842 721 1921 τῆς
745 1838 910 1922 Macrine]
939 1841 1057 1921 (lomus,
1079 1843 1249 1916 facultates,

157 1921 286 2006 praedia
306 1922 487 1984 hereditatis
507 1924 557 1988 vel
585 1925 803 2008 publicationis
828 1925 896 1985 iure
923 1926 1075 2008 principis
1095 1927 1168 1986 fisco
1193 1924 1249 1986 ad·

156 2005 291 2068 iudicata
335 2006 558 2082 rationalibus,
604 2010 668 2071 sive
716 2007 916 2070 curatoribus
959 2031 1065 2070 rerum
1109 2009 1249 2090 privata-

158 2111 229 2151 rum
253 2089 362 2151 domus
392 2093 546 2170 Augustae
566 2092 844 2155 committebantur
871 2093 1020 2154 curanda.
1071 2091 1134 2156 eius
1156 2111 1260 2175 gene..

157 2174 199 2234 ris
221 2175 368 2250 fuerunt,
402 2194 483 2256 qnae
503 2176 642 2238 Marinae
666 2179 822 2258 Augustae
846 2175 968 2236 Arcadii
1001 2175 1098 2252 saliae,
1129 2173 1250 2256 deque

157 2255 268 2317 chron.
298 2256 444 2321 Alexand.
477 2256 516 2317 ad
547 2258 611 2320 eius
640 2281 757 2320 annum
787 2279 922 2335 norsum,
957 2266 988 2318 et
1010 2257 1158 2320 Antiochi
1191 2257 1248 2318 sub

155 2337 334 2400 Theodosio
356 2338 480 2401 iuniore
500 2341 590 2402 bonis
611 2341 762 2419 mulctati,
789 2341 984 2422 exsuperius
1008 2343 1097 2402 dictis
1117 2359 1185 2422 pag.
1207 2339 1248 2400 83
1342 2371 1347 2376 ·

156 2433 189 2485 et
207 2420 313 2500 suida,
333 2421 410 2483 iuris
431 2423 589 2522 quondam
609 2426 785 2503 extiterant,
816 2445 952 2507 quorum
978 2423 1025 2484 isti
1049 2423 1249 2487 celebrantur

155 2515 327 2577 curatores.
350 2516 417 2569 not.
443 2529 516 2590 unp.
539 2508 578 2571 de
599 2508 745 2571 Antiochi
769 2507 864 2568 domo
887 2507 964 2589 orig.
988 2508 1049 2568 Cl‘.

241 2601 315 2686 364,
334 2605 364 2667 7.
406 2606 591 2693 Ζίμαρχον]
614 2602 788 2689 Ζὴμαρχος
808 2605 958 2667 scribitur
980 2606 1009 2667 io
1034 2604 1184 2688 excerptis
1209 2604 1248 2668 dc

156 2689 374 2772 legationibus,
397 2712 432 2753 ea
447 2714 539 2773 quem
563 2694 696 2754 lustinus
718 2691 809 2767 misit,
831 2700 863 2751 et
882 2687 942 2751 τῶν
965 2685 1040 2771 πρὸς
1062 2684 1106 2751 ἕω
1129 2686 1248 2751 πόλεων

154 2770 341 2855 στρατηγός.
383 2774 502 2837 urbium
521 2778 713 2839 oriemulium
734 2775 810 2836 dccx.

235 2870 309 2951 365,
332 2870 381 2934 16.
435 2870 490 2934 καὶ
511 2871 549 2935 ori
579 2868 728 2956 διηλλάγη
748 2868 857 2946 αὐτοῖς
878 2868 895 2932 d
917 2866 1082 2951 βασιλεύς]
1103 2869 1246 2932 tustinia·
1328 2898 1337 2920 ι

153 2978 228 3019 unm
252 2955 287 3017 ἐκ
314 2956 372 3036 τῆς
390 2954 506 3034 μανίας
529 2956 667 3020 Venetae
695 2955 781 3039 parti
802 2957 869 3037 plus
895 2978 996 3039 aequo
1019 2954 1170 3019 faventem
1193 2976 1248 3015 su·-
1351 3018 1363 3043 X

152 3039 240 3123 gittat
261 3040 413 3121 Euagrius
436 3038 488 3101 lib.
509 3035 532 3101 4
550 3063 617 3123 cap.
637 3040 689 3102 31.
738 3048 824 3102 certe
845 3040 1050 3101 Prasiuorum
1077 3040 1173 3101 factio
1196 3038 1244 3097 iu-

152 3122 283 3186 solentia
300 3123 431 3185 alteram
451 3127 609 3204 superavit
632 3125 662 3184 in
685 3124 821 3185 tumultu
842 3120 900 3184 τοῦ
921 3121 1016 3187 Νίκα.

236 3218 383 3299 36611.
436 3216 500 3281 sind
523 3224 587 3285 rada
610 3215 753 3306 Oaiaama]
785 3220 885 3283 Persis
918 3221 1164 3283 foederatorum.
1207 3218 1246 3283 dc

139 3308 301 3369 ‘Marcello
326 3302 484 3367 lastiniani
506 3328 542 3369 ex
564 3309 663 3369 fratre
686 3316 801 3389 nepote
814 3304 988 3387 Procopius
1012 3303 1050 3365 de
1072 3303 1154 3366 bello
1165 3303 1244 3365 Per.

154 3390 208 3452 sic.
228 3389 281 3451 lib.
301 3388 333 3465 9,
355 3388 394 3452 de
417 3388 549 3452 Vandal.
574 3392 627 3453 lib.
654 3393 684 3469 1,
715 3390 755 3452 de
777 3388 872 3451 Goth.
892 3388 925 3449 3.
958 3382 994 3449 sd
1015 3386 1124 3462 Balad,
1144 3406 1245 3468 porro

154 3471 188 3534 in
210 3472 353 3555 pluribus
382 3471 532 3534 Codicum
565 3496 628 3536 non
651 3474 810 3555 reperitur
841 3472 970 3532 maxime
991 3470 1143 3548 Palatino,
1163 3471 1245 3552 Pey.

154 3555 279 3617 miano
302 3564 335 3619 et
349 3555 519 3627 Vaticanis;
543 3558 553 3618 l
594 3560 618 3619 it
636 3557 842 3618 Ilarberimun
859 3553 995 3615 dictione
1014 3576 1074 3615 uun
1091 3554 1245 3615 Ruscino-

152 3640 213 3716 λις,
235 3639 365 3720 Regium
384 3638 467 3701 inter
486 3641 585 3702 Batos
614 3648 647 3701 et
666 3636 754 3711 πυλὶς
783 3637 918 3721 spatium
946 3636 1092 3713 adhibet,
1114 3641 1244 3699 accentu

152 3722 240 3804 quasi
261 3724 345 3784 foret
368 3744 430 3783 una
453 3720 551 3784 dictio
574 3722 725 3784 adhibito.
750 3721 923 3785 Anastasius
945 3721 1042 3783 solam
1062 3720 1243 3793 dictionem,

151 3806 285 3885 civitas,
310 3803 467 3887 reddidit,
487 3800 523 3867 rai
536 3805 654 3884 Bucar,
676 3806 824 3868 nimirum
854 3806 886 3867 in
909 3802 971 3867 eius
991 3802 1156 3885 exemplari
1179 3822 1241 3863 uon

36 3899 42 3911 ·
152 3886 244 3952 lecto.

236 3970 310 4052 367,
331 3969 363 4033 l.
405 3967 451 4041 sic
472 3968 528 4032 τὸν
547 3962 638 4049 ἅγιον
658 3966 834 4057 Διομήδην]
874 3970 1030 4033 ecclesiam
1052 3992 1068 4029 a
1090 3968 1243 4029 Constau.

150 4052 220 4117 tino
239 4061 462 4129 constructam,
485 4055 516 4115 in
562 4076 601 4116 aa
620 4063 726 4117 sancta
748 4076 786 4119 ex
819 4052 1007 4119 Hierusalem
1029 4052 1155 4115 advecta
1177 4052 1244 4114 lle-

151 4136 220 4202 lena
242 4138 395 4223 reposuit.
416 4139 496 4222 orig.
519 4076 581 4202 cl·
