<?xml version="1.0" encoding="UTF-8"?>
<!DOCTYPE html PUBLIC "-//W3C//DTD XHTML 1.0 Transitional//EN"
    "http://www.w3.org/TR/xhtml1/DTD/xhtml1-transitional.dtd">
<html xmlns="http://www.w3.org/1999/xhtml" xml:lang="en" lang="en">
 <head>
  <title>
</title>
<meta http-equiv="Content-Type" content="text/html;charset=utf-8" />
  <meta name='ocr-system' content='tesseract 3.04.00' />
  <meta name='ocr-capabilities' content='ocr_page ocr_carea ocr_par ocr_line ocrx_word'/>
</head>
<body>
  <div class='ocr_page' id='page_1' title='image "./corpusscriptoru34theogoog_0670.png"; bbox 0 0 3050 4900; ppageno 0'>
   <div class='ocr_carea' id='block_1_1' title="bbox 468 319 1220 391">
    <p class='ocr_par' dir='ltr' id='par_1_1' title="bbox 468 319 1220 391">
     <span class='ocr_line' id='line_1_1' title="bbox 468 319 1220 391; baseline -0.003 0"><span class='ocrx_word' id='word_1_1' title='bbox 468 322 606 391; x_wconf 74' lang='lat' dir='ltr'>Norae</span> <span class='ocrx_word' id='word_1_2' title='bbox 633 324 920 390; x_wconf 76' lang='lat' dir='ltr'>POSTERIORES.</span> <span class='ocrx_word' id='word_1_3' title='bbox 1149 319 1220 390; x_wconf 85' lang='lat'>661</span> 
     </span>
    </p>
   </div>
   <div class='ocr_carea' id='block_1_2' title="bbox 60 490 1228 4067">
    <p class='ocr_par' dir='ltr' id='par_1_2' title="bbox 60 490 1228 4067">
     <span class='ocr_line' id='line_1_2' title="bbox 142 490 1223 577; baseline -0.005 -19"><span class='ocrx_word' id='word_1_4' title='bbox 142 490 284 558; x_wconf 87' lang='lat' dir='ltr'>mulaoda</span> <span class='ocrx_word' id='word_1_5' title='bbox 306 513 368 554; x_wconf 87' lang='lat' dir='ltr'>non</span> <span class='ocrx_word' id='word_1_6' title='bbox 389 503 476 573; x_wconf 86' lang='lat' dir='ltr'>esset,</span> <span class='ocrx_word' id='word_1_7' title='bbox 497 494 574 556; x_wconf 83' lang='lat' dir='ltr'>uti</span> <span class='ocrx_word' id='word_1_8' title='bbox 565 516 627 555; x_wconf 86' lang='lat' dir='ltr'>ram</span> <span class='ocrx_word' id='word_1_9' title='bbox 650 495 682 554; x_wconf 89' lang='lat' dir='ltr'>in</span> <span class='ocrx_word' id='word_1_10' title='bbox 697 494 826 556; x_wconf 86' lang='lat' dir='ltr'>Tarusio</span> <span class='ocrx_word' id='word_1_11' title='bbox 849 503 881 556; x_wconf 83' lang='lat' dir='ltr'>et</span> <span class='ocrx_word' id='word_1_12' title='bbox 903 494 970 577; x_wconf 86' lang='lat' dir='ltr'>ipso</span> <span class='ocrx_word' id='word_1_13' title='bbox 992 515 1027 556; x_wconf 85' lang='lat' dir='ltr'>ex</span> <span class='ocrx_word' id='word_1_14' title='bbox 1047 491 1131 555; x_wconf 76' lang='lat' dir='ltr'>laicis</span> <span class='ocrx_word' id='word_1_15' title='bbox 1142 511 1223 574; x_wconf 91' lang='lat' dir='ltr'>pro</span> 
     </span>
     <span class='ocr_line' id='line_1_3' title="bbox 140 577 1223 661; baseline -0.001 -22"><span class='ocrx_word' id='word_1_16' title='bbox 140 587 226 639; x_wconf 88' lang='lat' dir='ltr'>moto</span> <span class='ocrx_word' id='word_1_17' title='bbox 250 577 527 650; x_wconf 77' lang='lat' dir='ltr'>dissimulaverant3</span> <span class='ocrx_word' id='word_1_18' title='bbox 551 599 614 661; x_wconf 88' lang='lat' dir='ltr'>quo</span> <span class='ocrx_word' id='word_1_19' title='bbox 638 579 730 638; x_wconf 88' lang='lat' dir='ltr'>etiam</span> <span class='ocrx_word' id='word_1_20' title='bbox 754 578 950 638; x_wconf 87' lang='lat' dir='ltr'>amicesub</span> <span class='ocrx_word' id='word_1_21' title='bbox 942 597 1039 658; x_wconf 78' lang='lat' dir='ltr'>ipsum</span> <span class='ocrx_word' id='word_1_22' title='bbox 1055 579 1223 638; x_wconf 89' lang='lat' dir='ltr'>sacerdotii</span> 
     </span>
     <span class='ocr_line' id='line_1_4' title="bbox 141 660 1223 743; baseline -0.004 -21"><span class='ocrx_word' id='word_1_23' title='bbox 141 662 272 738; x_wconf 81' lang='lat' dir='ltr'>initiam,</span> <span class='ocrx_word' id='word_1_24' title='bbox 294 671 423 743; x_wconf 88' lang='lat' dir='ltr'>tumque</span> <span class='ocrx_word' id='word_1_25' title='bbox 442 662 564 722; x_wconf 84' lang='lat' dir='ltr'>sublato</span> <span class='ocrx_word' id='word_1_26' title='bbox 586 661 741 737; x_wconf 81' lang='lat' dir='ltr'>scandalo,</span> <span class='ocrx_word' id='word_1_27' title='bbox 766 681 802 722; x_wconf 85' lang='lat' dir='ltr'>ac</span> <span class='ocrx_word' id='word_1_28' title='bbox 823 672 929 723; x_wconf 87' lang='lat' dir='ltr'>amoto</span> <span class='ocrx_word' id='word_1_29' title='bbox 954 660 1086 742; x_wconf 85' lang='lat' dir='ltr'>losepho</span> <span class='ocrx_word' id='word_1_30' title='bbox 1108 660 1223 720; x_wconf 86' lang='lat' dir='ltr'>Catha-</span> 
     </span>
     <span class='ocr_line' id='line_1_5' title="bbox 139 744 1224 826; baseline -0.002 -20"><span class='ocrx_word' id='word_1_31' title='bbox 139 767 250 806; x_wconf 83' lang='lat' dir='ltr'>rorum</span> <span class='ocrx_word' id='word_1_32' title='bbox 273 746 452 826; x_wconf 86' lang='lat' dir='ltr'>praeposito</span> <span class='ocrx_word' id='word_1_33' title='bbox 483 747 668 805; x_wconf 85' lang='lat' dir='ltr'>incestarum</span> <span class='ocrx_word' id='word_1_34' title='bbox 699 747 878 825; x_wconf 81' lang='lat' dir='ltr'>nuptiarum</span> <span class='ocrx_word' id='word_1_35' title='bbox 907 745 1063 824; x_wconf 87' lang='lat' dir='ltr'>ministro,</span> <span class='ocrx_word' id='word_1_36' title='bbox 1087 745 1131 804; x_wconf 89' lang='lat' dir='ltr'>usi</span> <span class='ocrx_word' id='word_1_37' title='bbox 1153 744 1224 804; x_wconf 87' lang='lat' dir='ltr'>fue-</span> 
     </span>
     <span class='ocr_line' id='line_1_6' title="bbox 140 826 1223 911; baseline -0.001 -22"><span class='ocrx_word' id='word_1_38' title='bbox 140 839 220 894; x_wconf 90' lang='lat' dir='ltr'>raut.</span> <span class='ocrx_word' id='word_1_39' title='bbox 263 827 393 888; x_wconf 83' lang='lat' dir='ltr'>offendit</span> <span class='ocrx_word' id='word_1_40' title='bbox 407 826 531 911; x_wconf 89' lang='lat' dir='ltr'>quidem</span> <span class='ocrx_word' id='word_1_41' title='bbox 543 827 660 889; x_wconf 87' lang='lat' dir='ltr'>Plato</span> <span class='ocrx_word' id='word_1_42' title='bbox 652 851 683 888; x_wconf 89' lang='lat' dir='ltr'>ru</span> <span class='ocrx_word' id='word_1_43' title='bbox 697 827 864 909; x_wconf 83' lang='lat' dir='ltr'>Nicephori</span> <span class='ocrx_word' id='word_1_44' title='bbox 882 831 1042 902; x_wconf 75' lang='lat' dir='ltr'>electione,</span> <span class='ocrx_word' id='word_1_45' title='bbox 1063 829 1114 888; x_wconf 86' lang='lat' dir='ltr'>scd</span> <span class='ocrx_word' id='word_1_46' title='bbox 1137 828 1223 911; x_wconf 91' lang='lat' dir='ltr'>quod</span> 
     </span>
     <span class='ocr_line' id='line_1_7' title="bbox 140 908 1223 1008; baseline -0.002 -35"><span class='ocrx_word' id='word_1_47' title='bbox 140 933 199 994; x_wconf 89' lang='lat' dir='ltr'>per</span> <span class='ocrx_word' id='word_1_48' title='bbox 221 908 325 974; x_wconf 77' lang='lat' dir='ltr'>literas</span> <span class='ocrx_word' id='word_1_49' title='bbox 352 911 532 995; x_wconf 81' lang='lat' dir='ltr'>suffragium</span> <span class='ocrx_word' id='word_1_50' title='bbox 563 921 688 994; x_wconf 81' lang='lat' dir='ltr'>rogatus</span> <span class='ocrx_word' id='word_1_51' title='bbox 720 910 758 970; x_wconf 86' lang='lat' dir='ltr'>ab</span> <span class='ocrx_word' id='word_1_52' title='bbox 787 911 996 1008; x_wconf 79' lang='lat' dir='ltr'>imperatore,</span> <span class='ocrx_word' id='word_1_53' title='bbox 1033 912 1130 972; x_wconf 88' lang='lat' dir='ltr'>libere</span> <span class='ocrx_word' id='word_1_54' title='bbox 1153 931 1223 972; x_wconf 88' lang='lat' dir='ltr'>eum</span> 
     </span>
     <span class='ocr_line' id='line_1_8' title="bbox 140 993 1223 1093; baseline -0.001 -38"><span class='ocrx_word' id='word_1_55' title='bbox 140 993 313 1077; x_wconf 74' lang='lat' dir='ltr'>praesulem</span> <span class='ocrx_word' id='word_1_56' title='bbox 332 993 471 1071; x_wconf 82' lang='lat' dir='ltr'>edixerit,</span> <span class='ocrx_word' id='word_1_57' title='bbox 493 1015 584 1078; x_wconf 88' lang='lat' dir='ltr'>quem</span> <span class='ocrx_word' id='word_1_58' title='bbox 606 1004 694 1056; x_wconf 84' lang='lat' dir='ltr'>tanto</span> <span class='ocrx_word' id='word_1_59' title='bbox 716 995 838 1055; x_wconf 90' lang='lat' dir='ltr'>muneri</span> <span class='ocrx_word' id='word_1_60' title='bbox 862 995 1017 1076; x_wconf 80' lang='lat' dir='ltr'>aptiorem</span> <span class='ocrx_word' id='word_1_61' title='bbox 1040 1003 1223 1093; x_wconf 58' lang='lat' dir='ltr'>putaveram</span> 
     </span>
     <span class='ocr_line' id='line_1_9' title="bbox 140 1075 1224 1174; baseline 0 -36"><span class='ocrx_word' id='word_1_62' title='bbox 140 1079 288 1174; x_wconf 80' lang='lat' dir='ltr'>quodque</span> <span class='ocrx_word' id='word_1_63' title='bbox 308 1087 345 1139; x_wconf 87' lang='lat' dir='ltr'>ut</span> <span class='ocrx_word' id='word_1_64' title='bbox 371 1077 422 1139; x_wconf 89' lang='lat' dir='ltr'>ille</span> <span class='ocrx_word' id='word_1_65' title='bbox 451 1079 677 1159; x_wconf 82' lang='lat' dir='ltr'>praeficeretur</span> <span class='ocrx_word' id='word_1_66' title='bbox 699 1075 743 1138; x_wconf 90' lang='lat' dir='ltr'>ita</span> <span class='ocrx_word' id='word_1_67' title='bbox 771 1079 895 1140; x_wconf 78' lang='lat' dir='ltr'>adnixus</span> <span class='ocrx_word' id='word_1_68' title='bbox 920 1078 968 1154; x_wconf 88' lang='lat' dir='ltr'>sit,</span> <span class='ocrx_word' id='word_1_69' title='bbox 991 1089 1025 1138; x_wconf 92' lang='lat' dir='ltr'>ut</span> <span class='ocrx_word' id='word_1_70' title='bbox 1047 1079 1139 1138; x_wconf 89' lang='lat' dir='ltr'>etiam</span> <span class='ocrx_word' id='word_1_71' title='bbox 1164 1079 1224 1138; x_wconf 87' lang='lat' dir='ltr'>im-</span> 
     </span>
     <span class='ocr_line' id='line_1_10' title="bbox 138 1160 1225 1242; baseline 0 -20"><span class='ocrx_word' id='word_1_72' title='bbox 138 1163 294 1242; x_wconf 86' lang='lat' dir='ltr'>peratoris</span> <span class='ocrx_word' id='word_1_73' title='bbox 314 1171 469 1222; x_wconf 88' lang='lat' dir='ltr'>secretum</span> <span class='ocrx_word' id='word_1_74' title='bbox 490 1160 614 1222; x_wconf 88' lang='lat' dir='ltr'>cuidam</span> <span class='ocrx_word' id='word_1_75' title='bbox 637 1183 672 1222; x_wconf 86' lang='lat' dir='ltr'>ex</span> <span class='ocrx_word' id='word_1_76' title='bbox 692 1161 878 1242; x_wconf 88' lang='lat' dir='ltr'>proceribus</span> <span class='ocrx_word' id='word_1_77' title='bbox 903 1183 974 1221; x_wconf 77' lang='lat' dir='ltr'>sarr¹</span> <span class='ocrx_word' id='word_1_78' title='bbox 958 1161 1055 1242; x_wconf 63' lang='lat' dir='ltr'>„uinis</span> <span class='ocrx_word' id='word_1_79' title='bbox 1078 1161 1225 1224; x_wconf 86' lang='lat' dir='ltr'>affinitate</span> 
     </span>
     <span class='ocr_line' id='line_1_11' title="bbox 139 1244 1224 1328; baseline 0.001 -23"><span class='ocrx_word' id='word_1_80' title='bbox 139 1245 239 1306; x_wconf 87' lang='lat' dir='ltr'>eidem</span> <span class='ocrx_word' id='word_1_81' title='bbox 262 1245 451 1322; x_wconf 89' lang='lat' dir='ltr'>coniuncto,</span> <span class='ocrx_word' id='word_1_82' title='bbox 473 1244 766 1306; x_wconf 82' lang='lat' dir='ltr'>communicaverit:</span> <span class='ocrx_word' id='word_1_83' title='bbox 797 1263 860 1328; x_wconf 91' lang='lat' dir='ltr'>quo</span> <span class='ocrx_word' id='word_1_84' title='bbox 884 1246 1001 1304; x_wconf 87' lang='lat' dir='ltr'>scilieet</span> <span class='ocrx_word' id='word_1_85' title='bbox 1023 1265 1075 1304; x_wconf 88' lang='lat' dir='ltr'>sua</span> <span class='ocrx_word' id='word_1_86' title='bbox 1098 1245 1148 1305; x_wconf 89' lang='lat' dir='ltr'>ille</span> <span class='ocrx_word' id='word_1_87' title='bbox 1168 1267 1224 1306; x_wconf 87' lang='lat' dir='ltr'>au·</span> 
     </span>
     <span class='ocr_line' id='line_1_12' title="bbox 141 1291 1225 1426; baseline 0 -37"><span class='ocrx_word' id='word_1_88' title='bbox 141 1329 289 1389; x_wconf 86' lang='lat' dir='ltr'>ctoritate</span> <span class='ocrx_word' id='word_1_89' title='bbox 310 1348 384 1408; x_wconf 80' lang='lat' dir='ltr'>erga</span> <span class='ocrx_word' id='word_1_90' title='bbox 406 1291 628 1425; x_wconf 79' lang='lat' dir='ltr'>imperatorem</span> <span class='ocrx_word' id='word_1_91' title='bbox 660 1329 826 1410; x_wconf 83' lang='lat' dir='ltr'>obtineret,</span> <span class='ocrx_word' id='word_1_92' title='bbox 850 1328 937 1388; x_wconf 90' lang='lat' dir='ltr'>utin</span> <span class='ocrx_word' id='word_1_93' title='bbox 959 1349 1029 1390; x_wconf 80' lang='lat' dir='ltr'>etam</span> <span class='ocrx_word' id='word_1_94' title='bbox 1050 1327 1225 1426; x_wconf 76' lang='lat' dir='ltr'>imperator</span> 
     </span>
     <span class='ocr_line' id='line_1_13' title="bbox 139 1377 1224 1494; baseline 0 -24"><span class='ocrx_word' id='word_1_95' title='bbox 139 1421 214 1472; x_wconf 78' lang='lat' dir='ltr'>vota</span> <span class='ocrx_word' id='word_1_96' title='bbox 235 1433 289 1472; x_wconf 85' lang='lat' dir='ltr'>sua</span> <span class='ocrx_word' id='word_1_97' title='bbox 309 1413 477 1488; x_wconf 80' lang='lat' dir='ltr'>conferret,</span> <span class='ocrx_word' id='word_1_98' title='bbox 498 1431 592 1494; x_wconf 90' lang='lat' dir='ltr'>quem</span> <span class='ocrx_word' id='word_1_99' title='bbox 614 1412 637 1472; x_wconf 92' lang='lat' dir='ltr'>is</span> <span class='ocrx_word' id='word_1_100' title='bbox 659 1410 703 1470; x_wconf 92' lang='lat' dir='ltr'>illi</span> <span class='ocrx_word' id='word_1_101' title='bbox 723 1377 881 1492; x_wconf 87' lang='lat' dir='ltr'>potissime</span> <span class='ocrx_word' id='word_1_102' title='bbox 902 1433 936 1472; x_wconf 86' lang='lat' dir='ltr'>ex</span> <span class='ocrx_word' id='word_1_103' title='bbox 960 1411 1101 1472; x_wconf 86' lang='lat' dir='ltr'>omnibus</span> <span class='ocrx_word' id='word_1_104' title='bbox 1123 1413 1224 1472; x_wconf 87' lang='lat' dir='ltr'>nomi·</span> 
     </span>
     <span class='ocr_line' id='line_1_14' title="bbox 136 1493 1225 1576; baseline 0 -22"><span class='ocrx_word' id='word_1_105' title='bbox 136 1505 243 1556; x_wconf 85' lang='lat' dir='ltr'>nasset.</span> <span class='ocrx_word' id='word_1_106' title='bbox 285 1503 389 1554; x_wconf 89' lang='lat' dir='ltr'>secuta</span> <span class='ocrx_word' id='word_1_107' title='bbox 409 1495 484 1555; x_wconf 86' lang='lat' dir='ltr'>haec</span> <span class='ocrx_word' id='word_1_108' title='bbox 506 1493 624 1576; x_wconf 87' lang='lat' dir='ltr'>losephi</span> <span class='ocrx_word' id='word_1_109' title='bbox 652 1495 859 1554; x_wconf 72' lang='lat' dir='ltr'>catharorum</span> <span class='ocrx_word' id='word_1_110' title='bbox 888 1495 1059 1575; x_wconf 88' lang='lat' dir='ltr'>praepositi</span> <span class='ocrx_word' id='word_1_111' title='bbox 1082 1497 1143 1555; x_wconf 86' lang='lat' dir='ltr'>iam</span> <span class='ocrx_word' id='word_1_112' title='bbox 1163 1497 1225 1554; x_wconf 85' lang='lat' dir='ltr'>Tu-</span> 
     </span>
     <span class='ocr_line' id='line_1_15' title="bbox 139 1577 1223 1673; baseline -0.002 -35"><span class='ocrx_word' id='word_1_113' title='bbox 139 1578 219 1638; x_wconf 85' lang='lat' dir='ltr'>rasio</span> <span class='ocrx_word' id='word_1_114' title='bbox 241 1577 386 1673; x_wconf 82' lang='lat' dir='ltr'>abdicati,</span> <span class='ocrx_word' id='word_1_115' title='bbox 407 1577 578 1638; x_wconf 84' lang='lat' dir='ltr'>restitutio:</span> <span class='ocrx_word' id='word_1_116' title='bbox 613 1587 711 1659; x_wconf 88' lang='lat' dir='ltr'>utque</span> <span class='ocrx_word' id='word_1_117' title='bbox 742 1599 806 1650; x_wconf 82' lang='lat' dir='ltr'>nup</span> <span class='ocrx_word' id='word_1_118' title='bbox 838 1577 929 1638; x_wconf 85' lang='lat' dir='ltr'>aliter</span> <span class='ocrx_word' id='word_1_119' title='bbox 957 1579 1076 1639; x_wconf 87' lang='lat' dir='ltr'>Tarasii</span> <span class='ocrx_word' id='word_1_120' title='bbox 1097 1579 1223 1638; x_wconf 86' lang='lat' dir='ltr'>admissa</span> 
     </span>
     <span class='ocr_line' id='line_1_16' title="bbox 139 1658 1223 1744; baseline 0 -22"><span class='ocrx_word' id='word_1_121' title='bbox 139 1660 319 1722; x_wconf 85' lang='lat' dir='ltr'>commuuio</span> <span class='ocrx_word' id='word_1_122' title='bbox 341 1661 482 1737; x_wconf 87' lang='lat' dir='ltr'>Platoni,</span> <span class='ocrx_word' id='word_1_123' title='bbox 504 1683 540 1720; x_wconf 85' lang='lat' dir='ltr'>ac</span> <span class='ocrx_word' id='word_1_124' title='bbox 561 1658 732 1742; x_wconf 84' lang='lat' dir='ltr'>discipulis,</span> <span class='ocrx_word' id='word_1_125' title='bbox 754 1683 847 1744; x_wconf 87' lang='lat' dir='ltr'>quam</span> <span class='ocrx_word' id='word_1_126' title='bbox 875 1661 1037 1744; x_wconf 88' lang='lat' dir='ltr'>losephum</span> <span class='ocrx_word' id='word_1_127' title='bbox 1061 1661 1112 1722; x_wconf 87' lang='lat' dir='ltr'>ille</span> <span class='ocrx_word' id='word_1_128' title='bbox 1128 1683 1198 1724; x_wconf 84' lang='lat' dir='ltr'>sacr</span> <span class='ocrx_word' id='word_1_129' title='bbox 1200 1683 1223 1722; x_wconf 90' lang='lat' dir='ltr'>rs</span> 
     </span>
     <span class='ocr_line' id='line_1_17' title="bbox 138 1743 1224 1828; baseline 0.002 -25"><span class='ocrx_word' id='word_1_130' title='bbox 138 1753 278 1815; x_wconf 86' lang='lat' dir='ltr'>arceret,</span> <span class='ocrx_word' id='word_1_131' title='bbox 291 1743 334 1803; x_wconf 89' lang='lat' dir='ltr'>sic</span> <span class='ocrx_word' id='word_1_132' title='bbox 346 1753 378 1803; x_wconf 92' lang='lat' dir='ltr'>et</span> <span class='ocrx_word' id='word_1_133' title='bbox 390 1745 428 1804; x_wconf 89' lang='lat' dir='ltr'>ab</span> <span class='ocrx_word' id='word_1_134' title='bbox 442 1743 547 1805; x_wconf 89' lang='lat' dir='ltr'>iisdem</span> <span class='ocrx_word' id='word_1_135' title='bbox 559 1745 660 1806; x_wconf 87' lang='lat' dir='ltr'>etiam&#39;</span> <span class='ocrx_word' id='word_1_136' title='bbox 663 1743 830 1826; x_wconf 83' lang='lat' dir='ltr'>Nicephori</span> <span class='ocrx_word' id='word_1_137' title='bbox 843 1753 959 1826; x_wconf 83' lang='lat' dir='ltr'>spreta,</span> <span class='ocrx_word' id='word_1_138' title='bbox 979 1755 1143 1828; x_wconf 89' lang='lat' dir='ltr'>postquam</span> <span class='ocrx_word' id='word_1_139' title='bbox 1158 1746 1224 1827; x_wconf 86' lang='lat' dir='ltr'>ipse</span> 
     </span>
     <span class='ocr_line' id='line_1_18' title="bbox 139 1826 1224 1926; baseline -0.001 -37"><span class='ocrx_word' id='word_1_140' title='bbox 139 1835 175 1890; x_wconf 85' lang='lat' dir='ltr'>ut</span> <span class='ocrx_word' id='word_1_141' title='bbox 197 1826 394 1908; x_wconf 83' lang='lat' dir='ltr'>imperatoris</span> <span class='ocrx_word' id='word_1_142' title='bbox 415 1828 547 1926; x_wconf 80' lang='lat' dir='ltr'>gratiam</span> <span class='ocrx_word' id='word_1_143' title='bbox 567 1826 661 1888; x_wconf 83' lang='lat' dir='ltr'>iniret</span> <span class='ocrx_word' id='word_1_144' title='bbox 681 1827 720 1888; x_wconf 86' lang='lat' dir='ltr'>ed</span> <span class='ocrx_word' id='word_1_145' title='bbox 738 1827 869 1910; x_wconf 87' lang='lat' dir='ltr'>pristina</span> <span class='ocrx_word' id='word_1_146' title='bbox 891 1849 961 1888; x_wconf 90' lang='lat' dir='ltr'>eum</span> <span class='ocrx_word' id='word_1_147' title='bbox 981 1831 1084 1888; x_wconf 85' lang='lat' dir='ltr'>munia</span> <span class='ocrx_word' id='word_1_148' title='bbox 1109 1829 1224 1904; x_wconf 82' lang='lat' dir='ltr'>instau-</span> 
     </span>
     <span class='ocr_line' id='line_1_19' title="bbox 139 1896 1224 2010; baseline -0.001 -38"><span class='ocrx_word' id='word_1_149' title='bbox 139 1920 276 1972; x_wconf 82' lang='lat' dir='ltr'>raverat.</span> <span class='ocrx_word' id='word_1_150' title='bbox 319 1921 417 1972; x_wconf 87' lang='lat' dir='ltr'>totum</span> <span class='ocrx_word' id='word_1_151' title='bbox 431 1933 506 1992; x_wconf 84' lang='lat' dir='ltr'>ergo</span> <span class='ocrx_word' id='word_1_152' title='bbox 530 1911 561 1972; x_wconf 90' lang='lat' dir='ltr'>in</span> <span class='ocrx_word' id='word_1_153' title='bbox 585 1911 691 1972; x_wconf 88' lang='lat' dir='ltr'>ambos</span> <span class='ocrx_word' id='word_1_154' title='bbox 710 1910 814 1984; x_wconf 91' lang='lat' dir='ltr'>duces,</span> <span class='ocrx_word' id='word_1_155' title='bbox 837 1932 873 1971; x_wconf 89' lang='lat' dir='ltr'>ac</span> <span class='ocrx_word' id='word_1_156' title='bbox 898 1910 1061 2010; x_wconf 86' lang='lat' dir='ltr'>discipulos</span> <span class='ocrx_word' id='word_1_157' title='bbox 1082 1933 1154 1972; x_wconf 75' lang='lat' dir='ltr'>aere</span> <span class='ocrx_word' id='word_1_158' title='bbox 1177 1896 1224 1972; x_wconf 86' lang='lat' dir='ltr'>di-</span> 
     </span>
     <span class='ocr_line' id='line_1_20' title="bbox 137 1993 1222 2096; baseline 0.004 -44"><span class='ocrx_word' id='word_1_159' title='bbox 137 2015 229 2076; x_wconf 76' lang='lat' dir='ltr'>gnam</span> <span class='ocrx_word' id='word_1_160' title='bbox 250 1993 349 2055; x_wconf 88' lang='lat' dir='ltr'>luctus</span> <span class='ocrx_word' id='word_1_161' title='bbox 370 1995 561 2096; x_wconf 84' lang='lat' dir='ltr'>tragoediam</span> <span class='ocrx_word' id='word_1_162' title='bbox 583 2002 725 2055; x_wconf 84' lang='lat' dir='ltr'>executus</span> <span class='ocrx_word' id='word_1_163' title='bbox 752 1995 981 2054; x_wconf 86' lang='lat' dir='ltr'>Theodorus</span> <span class='ocrx_word' id='word_1_164' title='bbox 958 2017 1002 2056; x_wconf 86' lang='lat' dir='ltr'>src</span> <span class='ocrx_word' id='word_1_165' title='bbox 1026 2017 1147 2056; x_wconf 87' lang='lat' dir='ltr'>causam</span> <span class='ocrx_word' id='word_1_166' title='bbox 1169 2017 1222 2056; x_wconf 81' lang='lat' dir='ltr'>ex-</span> 
     </span>
     <span class='ocr_line' id='line_1_21' title="bbox 137 2071 1221 2178; baseline 0.003 -43"><span class='ocrx_word' id='word_1_167' title='bbox 137 2075 241 2173; x_wconf 72' lang='lat' dir='ltr'>plioat.</span> <span class='ocrx_word' id='word_1_168' title='bbox 281 2071 338 2136; x_wconf 78' lang='grc' dir='ltr'>κατ’</span> <span class='ocrx_word' id='word_1_169' title='bbox 367 2077 469 2136; x_wconf 81' lang='grc' dir='ltr'>ταῦτα</span> <span class='ocrx_word' id='word_1_170' title='bbox 493 2074 571 2154; x_wconf 76' lang='grc' dir='ltr'>ὑπὲρ</span> <span class='ocrx_word' id='word_1_171' title='bbox 601 2079 691 2148; x_wconf 72' lang='grc' dir='ltr'>τίνος.</span> <span class='ocrx_word' id='word_1_172' title='bbox 716 2072 889 2178; x_wconf 73' lang='grc' dir='ltr'>πάλινγιὶρ</span> <span class='ocrx_word' id='word_1_173' title='bbox 914 2075 1185 2176; x_wconf 73' lang='grc' dir='ltr'>ἅναλαμβάνιιν’</span> <span class='ocrx_word' id='word_1_174' title='bbox 1169 2099 1221 2140; x_wconf 80' lang='grc' dir='ltr'>εκ-</span> 
     </span>
     <span class='ocr_line' id='line_1_22' title="bbox 136 2153 1222 2262; baseline -0.001 -43"><span class='ocrx_word' id='word_1_175' title='bbox 136 2155 244 2237; x_wconf 74' lang='grc' dir='ltr'>πλήξει</span> <span class='ocrx_word' id='word_1_176' title='bbox 265 2153 301 2219; x_wconf 80' lang='grc' dir='ltr'>τὰ</span> <span class='ocrx_word' id='word_1_177' title='bbox 323 2155 428 2237; x_wconf 79' lang='grc' dir='ltr'>δράμα</span> <span class='ocrx_word' id='word_1_178' title='bbox 451 2160 690 2254; x_wconf 80' lang='grc' dir='ltr'>περιποιοῦματ.</span> <span class='ocrx_word' id='word_1_179' title='bbox 732 2155 809 2220; x_wconf 80' lang='lat' dir='ltr'>lv&#39;‘</span> <span class='ocrx_word' id='word_1_180' title='bbox 786 2156 1059 2262; x_wconf 73' lang='lat' dir='ltr'>aarapavoiauc</span> <span class='ocrx_word' id='word_1_181' title='bbox 1055 2157 1128 2232; x_wconf 79' lang='grc' dir='ltr'>τούς</span> <span class='ocrx_word' id='word_1_182' title='bbox 1148 2181 1222 2256; x_wconf 84' lang='grc' dir='ltr'>μοι.</span> 
     </span>
     <span class='ocr_line' id='line_1_23' title="bbox 135 2236 1221 2342; baseline 0 -41"><span class='ocrx_word' id='word_1_183' title='bbox 135 2239 299 2342; x_wconf 79' lang='grc' dir='ltr'>χωμένοος</span> <span class='ocrx_word' id='word_1_184' title='bbox 315 2238 416 2342; x_wconf 82' lang='grc' dir='ltr'>παρὰ</span> <span class='ocrx_word' id='word_1_185' title='bbox 449 2236 485 2300; x_wconf 77' lang='lat' dir='ltr'>ad</span> <span class='ocrx_word' id='word_1_186' title='bbox 506 2239 684 2340; x_wconf 66' lang='grc' dir='ltr'>εὐαγγέλιον</span> <span class='ocrx_word' id='word_1_187' title='bbox 714 2263 796 2300; x_wconf 84' lang='grc' dir='ltr'>κατα</span> <span class='ocrx_word' id='word_1_188' title='bbox 823 2236 982 2304; x_wconf 67' lang='lat' dir='ltr'>anetem</span> <span class='ocrx_word' id='word_1_189' title='bbox 1003 2264 1059 2304; x_wconf 88' lang='grc' dir='ltr'>τοο</span> <span class='ocrx_word' id='word_1_190' title='bbox 1086 2237 1221 2322; x_wconf 72' lang='grc' dir='ltr'>προδρό-</span> 
     </span>
     <span class='ocr_line' id='line_1_24' title="bbox 135 2319 1224 2425; baseline 0.006 -43"><span class='ocrx_word' id='word_1_191' title='bbox 135 2343 228 2422; x_wconf 84' lang='grc' dir='ltr'>μου,</span> <span class='ocrx_word' id='word_1_192' title='bbox 231 2319 273 2394; x_wconf 74' lang='grc' dir='ltr'>ὥς</span> <span class='ocrx_word' id='word_1_193' title='bbox 293 2321 469 2400; x_wconf 69' lang='grc' dir='ltr'>οικονομίαν</span> <span class='ocrx_word' id='word_1_194' title='bbox 488 2320 641 2425; x_wconf 64' lang='grc' dir='ltr'>σοιιρριον</span> <span class='ocrx_word' id='word_1_195' title='bbox 660 2323 697 2406; x_wconf 80' lang='grc' dir='ltr'>τῇ</span> <span class='ocrx_word' id='word_1_196' title='bbox 718 2323 1060 2422; x_wconf 74' lang='grc' dir='ltr'>ἑκκλησιζιπιπσιηκώς,</span> <span class='ocrx_word' id='word_1_197' title='bbox 1081 2327 1224 2409; x_wconf 61' lang='lat' dir='ltr'>diluatis]</span> 
     </span>
     <span class='ocr_line' id='line_1_25' title="bbox 105 2401 1224 2508; baseline 0 -39"><span class='ocrx_word' id='word_1_198' title='bbox 105 2410 110 2430; x_wconf 94' lang='lat'>&#39;</span> <span class='ocrx_word' id='word_1_199' title='bbox 138 2407 196 2469; x_wconf 79' lang='grc' dir='ltr'>τοῦ</span> <span class='ocrx_word' id='word_1_200' title='bbox 215 2401 405 2486; x_wconf 76' lang='grc' dir='ltr'><em>ἱερουργεῖν·</em></span> <span class='ocrx_word' id='word_1_201' title='bbox 455 2407 511 2467; x_wconf 74' lang='grc' dir='ltr'>κατ’</span> <span class='ocrx_word' id='word_1_202' title='bbox 539 2403 569 2469; x_wconf 87' lang='grc' dir='ltr'>οἱ</span> <span class='ocrx_word' id='word_1_203' title='bbox 589 2427 693 2467; x_wconf 87' lang='grc' dir='ltr'>τσιιον</span> <span class='ocrx_word' id='word_1_204' title='bbox 712 2403 758 2487; x_wconf 73' lang='grc' dir='ltr'><em>μή</em></span> <span class='ocrx_word' id='word_1_205' title='bbox 789 2409 987 2483; x_wconf 72' lang='grc' dir='ltr'>προσίεμενοι</span> <span class='ocrx_word' id='word_1_206' title='bbox 1000 2407 1224 2508; x_wconf 75' lang='grc' dir='ltr'>ευάγγελικοῖς,</span> 
     </span>
     <span class='ocr_line' id='line_1_26' title="bbox 137 2482 1224 2591; baseline 0.002 -40"><span class='ocrx_word' id='word_1_207' title='bbox 137 2484 263 2565; x_wconf 78' lang='grc' dir='ltr'>ἕκνομοι</span> <span class='ocrx_word' id='word_1_208' title='bbox 283 2492 339 2550; x_wconf 87' lang='grc' dir='ltr'><strong><em>καί</em></strong></span> <span class='ocrx_word' id='word_1_209' title='bbox 370 2487 611 2591; x_wconf 80' lang='grc' dir='ltr'>ἤλλοτριαιμένοι</span> <span class='ocrx_word' id='word_1_210' title='bbox 638 2491 716 2550; x_wconf 79' lang='grc' dir='ltr'>θεοῦ</span> <span class='ocrx_word' id='word_1_211' title='bbox 748 2490 933 2567; x_wconf 61' lang='grc' dir='ltr'>νομίζοιντο.</span> <span class='ocrx_word' id='word_1_212' title='bbox 988 2482 1015 2551; x_wconf 84' lang='lat' dir='ltr'>ai</span> <span class='ocrx_word' id='word_1_213' title='bbox 1034 2485 1123 2566; x_wconf 80' lang='grc' dir='ltr'>νόμοι</span> <span class='ocrx_word' id='word_1_214' title='bbox 1144 2494 1224 2553; x_wconf 65' lang='lat' dir='ltr'>droti</span> 
     </span>
     <span class='ocr_line' id='line_1_27' title="bbox 138 2564 1226 2678; baseline 0.002 -45"><span class='ocrx_word' id='word_1_215' title='bbox 138 2564 436 2673; x_wconf 77' lang='grc' dir='ltr'>καταφρονούμενοι.</span> <span class='ocrx_word' id='word_1_216' title='bbox 460 2568 484 2633; x_wconf 82' lang='grc' dir='ltr'>ὠ</span> <span class='ocrx_word' id='word_1_217' title='bbox 480 2564 637 2634; x_wconf 80' lang='grc' dir='ltr'>διώκιοιι</span> <span class='ocrx_word' id='word_1_218' title='bbox 652 2572 775 2650; x_wconf 78' lang='grc' dir='ltr'>πικροῦ,</span> <span class='ocrx_word' id='word_1_219' title='bbox 795 2574 993 2650; x_wconf 82' lang='grc' dir='ltr'>Χριστιανοῦ</span> <span class='ocrx_word' id='word_1_220' title='bbox 1015 2596 1226 2678; x_wconf 73' lang='grc' dir='ltr'>προσηγοριαν</span> 
     </span>
     <span class='ocr_line' id='line_1_28' title="bbox 138 2649 1226 2757; baseline 0.003 -42"><span class='ocrx_word' id='word_1_221' title='bbox 138 2649 273 2733; x_wconf 77' lang='grc' dir='ltr'>ἔχοντος,</span> <span class='ocrx_word' id='word_1_222' title='bbox 295 2676 346 2715; x_wconf 80' lang='grc' dir='ltr'>και</span> <span class='ocrx_word' id='word_1_223' title='bbox 343 2654 502 2753; x_wconf 76' lang='grc' dir='ltr'>Χριστοῦ</span> <span class='ocrx_word' id='word_1_224' title='bbox 520 2653 646 2757; x_wconf 73' lang='grc' dir='ltr'>ιόμορς</span> <span class='ocrx_word' id='word_1_225' title='bbox 650 2658 899 2717; x_wconf 67' lang='lat' dir='ltr'>euroaustro-‘las</span> <span class='ocrx_word' id='word_1_226' title='bbox 921 2654 1049 2732; x_wconf 78' lang='grc' dir='ltr'>ζέοντος.</span> <span class='ocrx_word' id='word_1_227' title='bbox 1092 2655 1128 2717; x_wconf 76' lang='grc' dir='ltr'>τί</span> <span class='ocrx_word' id='word_1_228' title='bbox 1144 2652 1226 2719; x_wconf 73' lang='grc' dir='ltr'>οὗτοι</span> 
     </span>
     <span class='ocr_line' id='line_1_29' title="bbox 137 2734 1224 2842; baseline 0.004 -45"><span class='ocrx_word' id='word_1_229' title='bbox 137 2759 191 2816; x_wconf 87' lang='grc' dir='ltr'>με</span> <span class='ocrx_word' id='word_1_230' title='bbox 191 2759 281 2836; x_wconf 69' lang='lat' dir='ltr'>tuaac</span> <span class='ocrx_word' id='word_1_231' title='bbox 310 2734 518 2842; x_wconf 59' lang='lat' dir='ltr'>dependula,</span> <span class='ocrx_word' id='word_1_232' title='bbox 551 2761 602 2799; x_wconf 87' lang='grc' dir='ltr'>και</span> <span class='ocrx_word' id='word_1_233' title='bbox 624 2737 813 2836; x_wconf 68' lang='lat' dir='ltr'>(inquietare</span> <span class='ocrx_word' id='word_1_234' title='bbox 840 2734 901 2799; x_wconf 81' lang='grc' dir='ltr'>οὐν</span> <span class='ocrx_word' id='word_1_235' title='bbox 920 2739 964 2823; x_wconf 79' lang='lat' dir='ltr'>aui</span> <span class='ocrx_word' id='word_1_236' title='bbox 985 2734 1147 2825; x_wconf 76' lang='grc' dir='ltr'>ὁμοτριὶιιοι</span> <span class='ocrx_word' id='word_1_237' title='bbox 1167 2761 1224 2801; x_wconf 87' lang='grc' dir='ltr'>σου</span> 
     </span>
     <span class='ocr_line' id='line_1_30' title="bbox 138 2798 1225 2918; baseline -0.001 -36"><span class='ocrx_word' id='word_1_238' title='bbox 138 2815 277 2917; x_wconf 67' lang='lat' dir='ltr'>antipapa.</span> <span class='ocrx_word' id='word_1_239' title='bbox 320 2822 377 2880; x_wconf 78' lang='lat' dir='ltr'>adu</span> <span class='ocrx_word' id='word_1_240' title='bbox 400 2814 535 2883; x_wconf 50' lang='lat' dir='ltr'>claust</span> <span class='ocrx_word' id='word_1_241' title='bbox 517 2844 564 2882; x_wconf 83' lang='grc' dir='ltr'>οτι</span> <span class='ocrx_word' id='word_1_242' title='bbox 595 2817 672 2918; x_wconf 87' lang='grc' dir='ltr'>πρός</span> <span class='ocrx_word' id='word_1_243' title='bbox 694 2818 863 2902; x_wconf 75' lang='grc' dir='ltr'>ἀηττήτους</span> <span class='ocrx_word' id='word_1_244' title='bbox 882 2798 996 2897; x_wconf 69' lang='grc' dir='ltr'>νόμους</span> <span class='ocrx_word' id='word_1_245' title='bbox 1017 2822 1096 2883; x_wconf 75' lang='grc' dir='ltr'>θεοῦ</span> <span class='ocrx_word' id='word_1_246' title='bbox 1120 2846 1225 2900; x_wconf 84' lang='grc' dir='ltr'>παριτ-</span> 
     </span>
     <span class='ocr_line' id='line_1_31' title="bbox 138 2896 1227 3003; baseline 0.002 -40"><span class='ocrx_word' id='word_1_247' title='bbox 138 2899 252 2987; x_wconf 67' lang='lat' dir='ltr'>adcon,</span> <span class='ocrx_word' id='word_1_248' title='bbox 273 2896 329 2974; x_wconf 69' lang='lat' dir='ltr'>oric</span> <span class='ocrx_word' id='word_1_249' title='bbox 356 2904 461 2976; x_wconf 71' lang='lat' dir='ltr'>adduc</span> <span class='ocrx_word' id='word_1_250' title='bbox 486 2898 738 3003; x_wconf 78' lang='grc' dir='ltr'>βασιλευσάντων</span> <span class='ocrx_word' id='word_1_251' title='bbox 761 2904 934 3000; x_wconf 74' lang='grc' dir='ltr'>νενίκηκεν·</span> <span class='ocrx_word' id='word_1_252' title='bbox 975 2900 1020 2985; x_wconf 69' lang='grc' dir='ltr'>μὴ</span> <span class='ocrx_word' id='word_1_253' title='bbox 1043 2897 1093 2966; x_wconf 86' lang='grc' dir='ltr'>σ’τι</span> <span class='ocrx_word' id='word_1_254' title='bbox 1113 2926 1148 2984; x_wconf 81' lang='grc' dir='ltr'>γε</span> <span class='ocrx_word' id='word_1_255' title='bbox 1171 2904 1227 2965; x_wconf 68' lang='grc' dir='ltr'>κατ’</span> 
     </span>
     <span class='ocr_line' id='line_1_32' title="bbox 138 2978 1225 3069; baseline 0.003 -23"><span class='ocrx_word' id='word_1_256' title='bbox 138 2986 358 3065; x_wconf 79' lang='grc' dir='ltr'>προσκρούσας</span> <span class='ocrx_word' id='word_1_257' title='bbox 379 2978 488 3059; x_wconf 72' lang='grc' dir='ltr'>αὐτοῖς</span> <span class='ocrx_word' id='word_1_258' title='bbox 509 2984 553 3059; x_wconf 75' lang='grc' dir='ltr'>ὥς</span> <span class='ocrx_word' id='word_1_259' title='bbox 574 2983 614 3048; x_wconf 82' lang='grc' dir='ltr'>σύ</span> <span class='ocrx_word' id='word_1_260' title='bbox 635 2989 834 3069; x_wconf 77' lang='grc' dir='ltr'>περιφανῶς,</span> <span class='ocrx_word' id='word_1_261' title='bbox 860 2981 1014 3049; x_wconf 76' lang='lat' dir='ltr'>anoliam.</span> <span class='ocrx_word' id='word_1_262' title='bbox 1056 2992 1128 3051; x_wconf 78' lang='lat' dir='ltr'>daea·</span> <span class='ocrx_word' id='word_1_263' title='bbox 1148 3008 1225 3049; x_wconf 84' lang='lat' dir='ltr'>vero</span> 
     </span>
     <span class='ocr_line' id='line_1_33' title="bbox 139 3069 1225 3168; baseline 0.001 -38"><span class='ocrx_word' id='word_1_264' title='bbox 139 3069 222 3130; x_wconf 83' lang='lat' dir='ltr'>cuius</span> <span class='ocrx_word' id='word_1_265' title='bbox 239 3072 366 3168; x_wconf 77' lang='lat' dir='ltr'>gratia?</span> <span class='ocrx_word' id='word_1_266' title='bbox 384 3072 493 3131; x_wconf 80' lang='lat' dir='ltr'>itemsm</span> <span class='ocrx_word' id='word_1_267' title='bbox 522 3073 601 3132; x_wconf 84' lang='lat' dir='ltr'>cuim</span> <span class='ocrx_word' id='word_1_268' title='bbox 629 3092 706 3168; x_wconf 82' lang='lat' dir='ltr'>prae</span> <span class='ocrx_word' id='word_1_269' title='bbox 734 3083 859 3153; x_wconf 81' lang='lat' dir='ltr'>stupore</span> <span class='ocrx_word' id='word_1_270' title='bbox 868 3072 1031 3157; x_wconf 70' lang='lat' dir='ltr'>sabulum</span> <span class='ocrx_word' id='word_1_271' title='bbox 1033 3072 1075 3131; x_wconf 87' lang='lat' dir='ltr'>ab</span> <span class='ocrx_word' id='word_1_272' title='bbox 1094 3093 1154 3131; x_wconf 87' lang='grc' dir='ltr'>σοο</span> <span class='ocrx_word' id='word_1_273' title='bbox 1176 3094 1225 3131; x_wconf 77' lang='lat' dir='ltr'>re-</span> 
     </span>
     <span class='ocr_line' id='line_1_34' title="bbox 133 3134 1228 3238; baseline 0.001 -26"><span class='ocrx_word' id='word_1_274' title='bbox 133 3166 236 3236; x_wconf 75' lang='lat' dir='ltr'>petens</span> <span class='ocrx_word' id='word_1_275' title='bbox 270 3155 379 3214; x_wconf 83' lang='lat' dir='ltr'>em&#39;tar.</span> <span class='ocrx_word' id='word_1_276' title='bbox 431 3174 556 3236; x_wconf 82' lang='lat' dir='ltr'>nempe,</span> <span class='ocrx_word' id='word_1_277' title='bbox 577 3168 609 3214; x_wconf 89' lang='lat' dir='ltr'>ut</span> <span class='ocrx_word' id='word_1_278' title='bbox 629 3155 675 3230; x_wconf 87' lang='lat' dir='ltr'>is,</span> <span class='ocrx_word' id='word_1_279' title='bbox 695 3155 749 3238; x_wconf 75' lang='lat' dir='ltr'>qui</span> <span class='ocrx_word' id='word_1_280' title='bbox 775 3154 925 3237; x_wconf 83' lang='lat' dir='ltr'>nuptiales</span> <span class='ocrx_word' id='word_1_281' title='bbox 956 3134 1082 3214; x_wconf 72' lang='lat' dir='ltr'>comllas</span> <span class='ocrx_word' id='word_1_282' title='bbox 1102 3168 1228 3235; x_wconf 81' lang='lat' dir='ltr'>praeter</span> 
     </span>
     <span class='ocr_line' id='line_1_35' title="bbox 60 3235 1225 3317; baseline 0 -22"><span class='ocrx_word' id='word_1_283' title='bbox 60 3260 72 3272; x_wconf 43' lang='lat' dir='ltr'>r</span> <span class='ocrx_word' id='word_1_284' title='bbox 137 3235 321 3317; x_wconf 76' lang='lat' dir='ltr'>evangelii</span> <span class='ocrx_word' id='word_1_285' title='bbox 308 3256 385 3312; x_wconf 80' lang='grc' dir='ltr'>ιανα,</span> <span class='ocrx_word' id='word_1_286' title='bbox 404 3258 441 3296; x_wconf 90' lang='lat' dir='ltr'>ac</span> <span class='ocrx_word' id='word_1_287' title='bbox 453 3240 604 3298; x_wconf 82' lang='lat' dir='ltr'>contrario</span> <span class='ocrx_word' id='word_1_288' title='bbox 616 3258 803 3316; x_wconf 78' lang='lat' dir='ltr'>praecursori</span> <span class='ocrx_word' id='word_1_289' title='bbox 797 3238 977 3312; x_wconf 43' lang='grc' dir='ltr'>Ηοιοὶαπίαι,</span> <span class='ocrx_word' id='word_1_290' title='bbox 998 3235 1178 3297; x_wconf 75' lang='grc' dir='ltr'>αιίιιίιιιίι’</span> <span class='ocrx_word' id='word_1_291' title='bbox 1164 3258 1225 3297; x_wconf 84' lang='grc' dir='ltr'>τινι-</span> 
     </span>
     <span class='ocr_line' id='line_1_36' title="bbox 133 3319 1225 3403; baseline -0.002 -24"><span class='ocrx_word' id='word_1_292' title='bbox 133 3332 286 3402; x_wconf 82' lang='lat' dir='ltr'>posuerat,</span> <span class='ocrx_word' id='word_1_293' title='bbox 312 3319 394 3381; x_wconf 74' lang='lat' dir='ltr'>valiat</span> <span class='ocrx_word' id='word_1_294' title='bbox 424 3342 478 3403; x_wconf 78' lang='lat' dir='ltr'>qua</span> <span class='ocrx_word' id='word_1_295' title='bbox 473 3321 658 3401; x_wconf 84' lang='lat' dir='ltr'>prudenter</span> <span class='ocrx_word' id='word_1_296' title='bbox 687 3342 756 3381; x_wconf 85' lang='lat' dir='ltr'>ere</span> <span class='ocrx_word' id='word_1_297' title='bbox 774 3319 914 3379; x_wconf 83' lang='lat' dir='ltr'>ecclesiae</span> <span class='ocrx_word' id='word_1_298' title='bbox 933 3320 1053 3399; x_wconf 76' lang='lat' dir='ltr'>egisset,</span> <span class='ocrx_word' id='word_1_299' title='bbox 1077 3320 1225 3381; x_wconf 77' lang='lat' dir='ltr'>innoxius</span> 
     </span>
     <span class='ocr_line' id='line_1_37' title="bbox 139 3402 1225 3545; baseline -0.003 -83"><span class='ocrx_word' id='word_1_300' title='bbox 139 3422 298 3463; x_wconf 70' lang='lat' dir='ltr'>sucronem</span> <span class='ocrx_word' id='word_1_301' title='bbox 320 3404 455 3463; x_wconf 72' lang='lat' dir='ltr'>mimator</span> <span class='ocrx_word' id='word_1_302' title='bbox 471 3406 655 3478; x_wconf 52' lang='lat' dir='ltr'>sancimus&amp;</span> <span class='ocrx_word' id='word_1_303' title='bbox 675 3404 770 3545; x_wconf 74' lang='lat' dir='ltr'>itque,</span> <span class='ocrx_word' id='word_1_304' title='bbox 788 3407 847 3482; x_wconf 82' lang='lat' dir='ltr'>qul</span> <span class='ocrx_word' id='word_1_305' title='bbox 864 3421 907 3461; x_wconf 81' lang='lat' dir='ltr'>ex</span> <span class='ocrx_word' id='word_1_306' title='bbox 924 3402 1075 3482; x_wconf 81' lang='lat' dir='ltr'>euangelii</span> <span class='ocrx_word' id='word_1_307' title='bbox 1097 3403 1225 3463; x_wconf 83' lang='lat' dir='ltr'>rationi-</span> 
     </span>
     <span class='ocr_line' id='line_1_38' title="bbox 139 3483 1226 3567; baseline -0.004 -20"><span class='ocrx_word' id='word_1_308' title='bbox 139 3484 194 3547; x_wconf 74' lang='lat' dir='ltr'>las</span> <span class='ocrx_word' id='word_1_309' title='bbox 212 3507 273 3547; x_wconf 88' lang='lat' dir='ltr'>non</span> <span class='ocrx_word' id='word_1_310' title='bbox 293 3484 524 3563; x_wconf 75' lang='lat' dir='ltr'>adrnittcmnt,</span> <span class='ocrx_word' id='word_1_311' title='bbox 510 3488 609 3564; x_wconf 83' lang='grc' dir='ltr'>ιιιίριιί</span> <span class='ocrx_word' id='word_1_312' title='bbox 620 3507 656 3545; x_wconf 86' lang='lat' dir='ltr'>ac</span> <span class='ocrx_word' id='word_1_313' title='bbox 675 3507 694 3544; x_wconf 92' lang='lat' dir='ltr'>a</span> <span class='ocrx_word' id='word_1_314' title='bbox 695 3487 770 3545; x_wconf 83' lang='lat' dir='ltr'>lieni</span> <span class='ocrx_word' id='word_1_315' title='bbox 781 3504 803 3545; x_wconf 88' lang='lat' dir='ltr'>a</span> <span class='ocrx_word' id='word_1_316' title='bbox 824 3483 882 3544; x_wconf 86' lang='lat' dir='ltr'>deo</span> <span class='ocrx_word' id='word_1_317' title='bbox 901 3485 1082 3546; x_wconf 75' lang='lat' dir='ltr'>haberentur.</span> <span class='ocrx_word' id='word_1_318' title='bbox 1105 3506 1226 3567; x_wconf 77' lang='grc' dir='ltr'>σιριιτ.</span> 
     </span>
     <span class='ocr_line' id='line_1_39' title="bbox 136 3565 1224 3651; baseline -0.003 -22"><span class='ocrx_word' id='word_1_319' title='bbox 136 3580 184 3629; x_wconf 79' lang='lat' dir='ltr'>tas</span> <span class='ocrx_word' id='word_1_320' title='bbox 202 3568 253 3629; x_wconf 87' lang='lat' dir='ltr'>dei</span> <span class='ocrx_word' id='word_1_321' title='bbox 273 3570 372 3651; x_wconf 78' lang='lat' dir='ltr'>leges!</span> <span class='ocrx_word' id='word_1_322' title='bbox 390 3590 409 3630; x_wconf 92' lang='lat' dir='ltr'>o</span> <span class='ocrx_word' id='word_1_323' title='bbox 430 3591 553 3630; x_wconf 85' lang='lat' dir='ltr'>saevum</span> <span class='ocrx_word' id='word_1_324' title='bbox 562 3565 731 3629; x_wconf 74' lang='lat' dir='ltr'>Christiano</span> <span class='ocrx_word' id='word_1_325' title='bbox 750 3569 873 3629; x_wconf 84' lang='lat' dir='ltr'>nomine</span> <span class='ocrx_word' id='word_1_326' title='bbox 887 3582 1110 3651; x_wconf 80' lang='lat' dir='ltr'>persecutorem,</span> <span class='ocrx_word' id='word_1_327' title='bbox 1134 3568 1224 3628; x_wconf 76' lang='lat' dir='ltr'>Clari-</span> 
     </span>
     <span class='ocr_line' id='line_1_40' title="bbox 137 3651 1226 3733; baseline -0.001 -22"><span class='ocrx_word' id='word_1_328' title='bbox 137 3654 234 3733; x_wconf 76' lang='lat' dir='ltr'>stiaue</span> <span class='ocrx_word' id='word_1_329' title='bbox 253 3652 331 3733; x_wconf 73' lang='lat' dir='ltr'>leges</span> <span class='ocrx_word' id='word_1_330' title='bbox 338 3654 470 3731; x_wconf 76' lang='lat' dir='ltr'>flervore</span> <span class='ocrx_word' id='word_1_331' title='bbox 502 3651 599 3712; x_wconf 78' lang='lat' dir='ltr'>anima</span> <span class='ocrx_word' id='word_1_332' title='bbox 593 3651 862 3711; x_wconf 81' lang='lat' dir='ltr'>conculcantem!</span> <span class='ocrx_word' id='word_1_333' title='bbox 914 3652 1023 3733; x_wconf 87' lang='lat' dir='ltr'>qaid</span> <span class='ocrx_word' id='word_1_334' title='bbox 1011 3665 1054 3712; x_wconf 79' lang='lat' dir='ltr'>tta</span> <span class='ocrx_word' id='word_1_335' title='bbox 1074 3652 1226 3713; x_wconf 77' lang='lat' dir='ltr'>deutautto</span> 
     </span>
     <span class='ocr_line' id='line_1_41' title="bbox 108 3732 1225 3817; baseline -0.001 -22.981"><span class='ocrx_word' id='word_1_336' title='bbox 108 3732 225 3817; x_wconf 75' lang='lat' dir='ltr'>sitris,</span> <span class='ocrx_word' id='word_1_337' title='bbox 244 3736 331 3796; x_wconf 79' lang='lat' dir='ltr'>domo</span> <span class='ocrx_word' id='word_1_338' title='bbox 350 3756 443 3817; x_wconf 74' lang='lat' dir='ltr'>gravi</span> <span class='ocrx_word' id='word_1_339' title='bbox 437 3735 566 3811; x_wconf 69' lang='lat' dir='ltr'>cosule,</span> <span class='ocrx_word' id='word_1_340' title='bbox 594 3754 633 3795; x_wconf 84' lang='lat' dir='ltr'>aa</span> <span class='ocrx_word' id='word_1_341' title='bbox 654 3736 891 3808; x_wconf 82' lang='lat' dir='ltr'>immanissime,</span> <span class='ocrx_word' id='word_1_342' title='bbox 912 3756 971 3793; x_wconf 82' lang='lat' dir='ltr'>rma</span> <span class='ocrx_word' id='word_1_343' title='bbox 990 3756 1054 3795; x_wconf 88' lang='lat' dir='ltr'>cum</span> <span class='ocrx_word' id='word_1_344' title='bbox 1078 3736 1136 3796; x_wconf 81' lang='lat' dir='ltr'>tili</span> <span class='ocrx_word' id='word_1_345' title='bbox 1157 3754 1225 3793; x_wconf 87' lang='lat' dir='ltr'>mo-</span> 
     </span>
     <span class='ocr_line' id='line_1_42' title="bbox 137 3816 1225 3898; baseline -0.003 -20"><span class='ocrx_word' id='word_1_346' title='bbox 137 3838 204 3878; x_wconf 81' lang='lat' dir='ltr'>rum</span> <span class='ocrx_word' id='word_1_347' title='bbox 225 3820 414 3879; x_wconf 85' lang='lat' dir='ltr'>aemulatae</span> <span class='ocrx_word' id='word_1_348' title='bbox 431 3820 554 3879; x_wconf 73' lang='lat' dir='ltr'>cauda?</span> <span class='ocrx_word' id='word_1_349' title='bbox 593 3839 686 3877; x_wconf 70' lang='grc' dir='ltr'>αριστι</span> <span class='ocrx_word' id='word_1_350' title='bbox 701 3816 841 3877; x_wconf 74' lang='lat' dir='ltr'>adsersus</span> <span class='ocrx_word' id='word_1_351' title='bbox 862 3818 989 3877; x_wconf 83' lang='lat' dir='ltr'>invictas</span> <span class='ocrx_word' id='word_1_352' title='bbox 1010 3818 1061 3877; x_wconf 85' lang='lat' dir='ltr'>dei</span> <span class='ocrx_word' id='word_1_353' title='bbox 1077 3820 1189 3898; x_wconf 76' lang='lat' dir='ltr'>leges</span> <span class='ocrx_word' id='word_1_354' title='bbox 1176 3838 1225 3875; x_wconf 88' lang='grc' dir='ltr'>ια</span> 
     </span>
     <span class='ocr_line' id='line_1_43' title="bbox 137 3900 1226 4001; baseline 0 -42"><span class='ocrx_word' id='word_1_355' title='bbox 137 3913 247 3961; x_wconf 79' lang='lat' dir='ltr'>stmtcta</span> <span class='ocrx_word' id='word_1_356' title='bbox 266 3913 294 3960; x_wconf 90' lang='lat' dir='ltr'>te</span> <span class='ocrx_word' id='word_1_357' title='bbox 313 3903 378 3962; x_wconf 84' lang='lat' dir='ltr'>acie</span> <span class='ocrx_word' id='word_1_358' title='bbox 389 3916 477 4001; x_wconf 78' lang='lat' dir='ltr'>stare,</span> <span class='ocrx_word' id='word_1_359' title='bbox 494 3922 565 3988; x_wconf 79' lang='lat' dir='ltr'>qaas</span> <span class='ocrx_word' id='word_1_360' title='bbox 582 3900 705 3961; x_wconf 69' lang='lat' dir='ltr'>milltes</span> <span class='ocrx_word' id='word_1_361' title='bbox 694 3913 858 3982; x_wconf 75' lang='lat' dir='ltr'>imperator</span> <span class='ocrx_word' id='word_1_362' title='bbox 869 3902 988 3961; x_wconf 84' lang='lat' dir='ltr'>vincere</span> <span class='ocrx_word' id='word_1_363' title='bbox 1002 3902 1122 3980; x_wconf 82' lang='lat' dir='ltr'>potuit.-</span> <span class='ocrx_word' id='word_1_364' title='bbox 1136 3902 1226 3983; x_wconf 70' lang='lat' dir='ltr'>qratia-</span> 
     </span>
     <span class='ocr_line' id='line_1_44' title="bbox 137 3982 1202 4067; baseline -0.003 -23"><span class='ocrx_word' id='word_1_365' title='bbox 137 3984 228 4045; x_wconf 84' lang='grc' dir='ltr'>ἰαιοιο</span> <span class='ocrx_word' id='word_1_366' title='bbox 248 3984 381 4067; x_wconf 79' lang='lat' dir='ltr'>quisquis</span> <span class='ocrx_word' id='word_1_367' title='bbox 399 3986 434 4047; x_wconf 87' lang='lat' dir='ltr'>in</span> <span class='ocrx_word' id='word_1_368' title='bbox 453 4004 509 4048; x_wconf 81' lang='lat' dir='ltr'>eas</span> <span class='ocrx_word' id='word_1_369' title='bbox 526 3983 657 4066; x_wconf 65' lang='lat' dir='ltr'>effudit,</span> <span class='ocrx_word' id='word_1_370' title='bbox 680 3984 763 4066; x_wconf 66' lang='lat' dir='ltr'>praed</span> <span class='ocrx_word' id='word_1_371' title='bbox 780 3998 812 4045; x_wconf 89' lang='lat' dir='ltr'>tu</span> <span class='ocrx_word' id='word_1_372' title='bbox 829 3983 938 4062; x_wconf 84' lang='lat' dir='ltr'>palam</span> <span class='ocrx_word' id='word_1_373' title='bbox 959 3982 1083 4057; x_wconf 79' lang='lat' dir='ltr'>nioliris,</span> <span class='ocrx_word' id='word_1_374' title='bbox 1100 3985 1202 4065; x_wconf 79' lang='lat' dir='ltr'>periit.</span> 
     </span>
    </p>
   </div>
   <div class='ocr_carea' id='block_1_3' title="bbox 136 4076 1227 4251">
    <p class='ocr_par' dir='ltr' id='par_1_3' title="bbox 136 4076 1227 4251">
     <span class='ocr_line' id='line_1_45' title="bbox 221 4076 1227 4181; baseline -0.004 -36"><span class='ocrx_word' id='word_1_375' title='bbox 221 4077 293 4160; x_wconf 77' lang='lat'>748,</span> <span class='ocrx_word' id='word_1_376' title='bbox 313 4082 343 4145; x_wconf 82' lang='grc'>9</span> <span class='ocrx_word' id='word_1_377' title='bbox 386 4078 628 4162; x_wconf 72' lang='grc' dir='ltr'>ἐπεστράτευσεν</span> <span class='ocrx_word' id='word_1_378' title='bbox 647 4076 808 4181; x_wconf 73' lang='grc' dir='ltr'>Ἀαριὸνο</span> <span class='ocrx_word' id='word_1_379' title='bbox 828 4083 902 4143; x_wconf 76' lang='grc' dir='ltr'>τῶν.</span> <span class='ocrx_word' id='word_1_380' title='bbox 921 4101 1005 4141; x_wconf 80' lang='grc' dir='ltr'>τοτε</span> <span class='ocrx_word' id='word_1_381' title='bbox 1018 4086 1150 4181; x_wconf 37' lang='lat' dir='ltr'>&#39;parvola</span> <span class='ocrx_word' id='word_1_382' title='bbox 1172 4082 1227 4159; x_wconf 79' lang='grc' dir='ltr'>τῆς</span> 
     </span>
     <span class='ocr_line' id='line_1_46' title="bbox 136 4164 1225 4251; baseline -0.004 -22"><span class='ocrx_word' id='word_1_383' title='bbox 136 4164 365 4249; x_wconf 75' lang='grc' dir='ltr'>ταλαιπωρίας]</span> <span class='ocrx_word' id='word_1_384' title='bbox 386 4170 542 4233; x_wconf 76' lang='lat' dir='ltr'>osteudens</span> <span class='ocrx_word' id='word_1_385' title='bbox 561 4181 675 4251; x_wconf 77' lang='lat' dir='ltr'>qaeanta</span> <span class='ocrx_word' id='word_1_386' title='bbox 696 4168 743 4227; x_wconf 80' lang='lat' dir='ltr'>uis</span> <span class='ocrx_word' id='word_1_387' title='bbox 773 4168 958 4229; x_wconf 82' lang='lat' dir='ltr'>calamitatis</span> <span class='ocrx_word' id='word_1_388' title='bbox 977 4167 1093 4247; x_wconf 69' lang='lat' dir='ltr'>exulat,</span> <span class='ocrx_word' id='word_1_389' title='bbox 1113 4167 1225 4227; x_wconf 86' lang='lat' dir='ltr'>malta-</span> 
     </span>
    </p>
   </div>
   <div class='ocr_carea' id='block_1_4' title="bbox 0 0 1530 4900">
    <p class='ocr_par' dir='ltr' id='par_1_4' title="bbox 0 0 1530 4900">
     <span class='ocr_line' id='line_1_47' title="bbox 0 0 1530 4900; baseline 0 0"><span class='ocrx_word' id='word_1_390' title='bbox 0 0 1530 4900; x_wconf 95' lang='lat' dir='ltr'> </span> 
     </span>
    </p>
   </div>
  </div>
 </body>
</html>
