3050 4900
609 352 788 456 (none
842 478 847 492 Ι
1171 370 1245 447 477

161 562 224 623 iem
243 558 384 643 proxima
404 560 571 625 Mauricius
589 550 708 625 certior
722 561 944 646 litChaganuaa
964 558 1091 623 differre
1111 578 1247 645 pugnam

161 644 200 707 de
222 645 384 723 industria,
405 650 483 707 etc.”
502 646 645 707 vicesimo
668 647 846 730 contigisse:
867 646 927 709 alia
947 666 1027 743 qnae
1051 646 1131 705 notis
1151 664 1248 726 prae-

162 728 342 792 cedentibus
366 727 406 789 ad
428 750 542 790 aarum
565 730 718 791 decimum
740 752 858 792 nonum
880 752 916 793 ex
937 732 1125 789 Simocattae
1142 726 1249 789 calcu-

161 812 198 874 lis
219 810 347 875 diximus
371 812 554 895 pertinere,
590 812 621 873 in
650 810 744 875 alium
774 814 915 895 priorem
948 833 1063 873 annum
1095 810 1249 875 decimum

161 902 308 957 octavum
339 904 433 957 erunt
466 894 671 957 remittendas
703 906 734 958 et
757 894 820 957 hoc
850 903 942 980 paeto
965 894 1071 957 decem
1093 913 1249 955 annorum

161 980 251 1062 gestis
275 980 306 1038 in
328 1000 423 1040 annos
447 978 570 1061 priores
594 978 755 1055 revocatis,
778 1000 929 1040 annorum
947 977 1081 1041 duorum
1100 978 1249 1040 dissensus

162 1062 247 1125 inter
265 1060 467 1123 Simocattam
487 1072 519 1124 et
542 1060 765 1143 Theophanem
786 1061 977 1124 adMaaricii
999 1083 1094 1124 aanos
1114 1061 1135 1124 9
1157 1064 1194 1127 10
1216 1070 1249 1123 01

164 1146 201 1207 11
225 1146 415 1221 observatus,
435 1145 466 1206 in
487 1146 689 1207 concordiam
717 1147 840 1227 poterit
868 1148 1023 1208 revocari.
1065 1147 1166 1206 solum
1188 1144 1248 1205 ob..

161 1237 223 1289 stat
268 1228 331 1289 aod
352 1251 434 1290 anno
456 1228 602 1290 vicesimo
617 1240 791 1289 memorato
807 1250 874 1312 cap.
885 1229 917 1306 4,
930 1238 1041 1291 cuncta
1060 1228 1137 1290 haec
1161 1225 1249 1309 quasi
1274 1244 1277 1261 ‘

162 1312 227 1374 eius
244 1251 381 1373 decursa
403 1312 465 1373 visa
485 1312 601 1374 referat
617 1312 787 1375 Simocatta
807 1333 877 1394 cap.
887 1311 917 1389 5,
938 1323 1032 1397 atque
1051 1310 1249 1394 1100οΤ100-

161 1393 241 1456 dosii
263 1396 389 1479 nuptiae
414 1394 446 1455 in
468 1417 582 1456 annum
601 1394 796 1473 vicesimum,
824 1416 895 1457 cum
913 1418 931 1456 a
952 1395 1060 1457 ebron.
1087 1395 1248 1458 Alexandr.

162 1489 313 1555 anctore,
330 1488 398 1540 tum
428 1500 445 1538 a
465 1476 657 1560 Theophane
688 1478 850 1560 repositae,
872 1500 954 1539 anno
976 1479 1084 1559 priore
1104 1502 1121 1539 a
1144 1478 1249 1538 Simo-

162 1570 246 1623 catta
268 1562 442 1623 celebratae
462 1582 498 1622 ea
521 1560 558 1623 de
580 1582 669 1623 causa
689 1562 878 1638 laudantur,
899 1561 984 1645 quod
1005 1562 1049 1623 illi
1068 1584 1085 1621 e
1105 1562 1250 1644 Septem·

160 1644 214 1708 bri
233 1644 305 1707 anni
334 1644 501 1727 periodum
531 1645 749 1727 auspicentur,
777 1644 829 1705 hic
859 1644 1009 1706 lulianum
1037 1642 1179 1707 ordinem
1198 1664 1250 1705 se·

163 1737 278 1813 quattu
299 1749 316 1789 a
338 1728 483 1789 ianuario
507 1748 631 1791 cursum
656 1728 720 1791 eius
743 1727 884 1791 videatur
905 1728 1035 1791 emetiri.

248 1846 320 1934 438,
344 1848 373 1918 9.
414 1846 469 1914 τὸν
485 1847 606 1931 ’Auum
629 1851 762 1914 eundem
791 1852 898 1916 variae
918 1852 1067 1916 lectiones
1095 1862 1128 1915 et
1147 1869 1248 1913 anno.

163 1934 297 1998 tationes
321 1935 353 1997 in
375 1956 445 2019 pag.
469 1940 528 2003 215
551 1944 735 2003 memorent.

245 2058 326 2137 Ibid,
350 2060 397 2125 19.
440 2056 503 2119 τῶν
522 2060 655 2134 ναυτῶν]
678 2060 783 2122 variae
802 2058 949 2123 lectiones
962 2056 1015 2121 hic
1034 2057 1250 2139 consulendae,

163 2144 187 2205 si
213 2144 296 2205 sorte
319 2141 358 2203 ad
380 2140 541 2221 barbaros,
568 2164 632 2204 non
656 2141 694 2203 ad
720 2151 827 2205 nantas
854 2142 930 2205 haec
949 2144 1141 2205 referantur.

244 2263 316 2337 439,
338 2264 368 2328 2.
409 2260 426 2326 d
447 2263 483 2326 tt
504 2266 689 2345 Mevpt'snoe
701 2264 735 2328 ἐκ
756 2259 862 2355 ἑαυτῷ
883 2261 1058 2349 γενόμενος]
1079 2267 1250 2330 simocatta

162 2348 216 2415 lib.
235 2348 257 2411 8
278 2370 346 2433 cap.
374 2351 411 2415 11
436 2347 519 2409 circa
540 2348 685 2411 medium.

244 2473 326 2537 idid.
352 2475 400 2540 10.
442 2465 497 2533 καὶ
514 2469 636 2546 εἰςτὰς
663 2466 798 2554 λαύρας]
818 2475 928 2534 laurae
946 2473 1121 2556 opponitur
1141 2494 1250 2536 mona.

159 2555 287 2617 nerium
328 2555 390 2617 hoc
412 2555 496 2617 enim
514 2555 752 2619 coenobitarum
772 2577 938 2618 commane
966 2556 1174 2622 domicilium:
1197 2555 1251 2617 illa

159 2639 421 2702 anachoretarum
449 2641 539 2701 cellas
569 2663 586 2703 a
618 2662 651 2702 te
682 2640 815 2702 invicem
836 2640 952 2702 dissitas
977 2639 1182 2703 habitantium
1203 2641 1251 2702 lo·

161 2743 224 2784 cus.
268 2723 400 2806 Cyrillns
430 2722 461 2783 in
481 2723 642 2806 Euthymii
670 2723 734 2786 vita
766 2723 900 2786 ianuarii
932 2721 972 2784 20
999 2723 1085 2806 apud
1111 2725 1251 2784 Surium.

161 2813 248 2868 “non
268 2805 403 2868 habehat
423 2827 548 2890 magnus
571 2807 755 2890 Euthymios
787 2807 819 2868 in
838 2805 953 2883 animo,
973 2828 1031 2868 nee
1052 2807 1250 2884 coenobium,

161 2909 220 2952 nec
241 2891 368 2952 omnino
383 2889 501 2952 lauram
522 2891 553 2950 in
567 2891 621 2952 illo
643 2891 712 2952 loco
730 2894 941 2956 construere.”
983 2891 1081 2952 infra:
1102 2891 1250 2954 “Petrum

103 3044 107 3051 ‚
162 2972 350 3036 adhortatur
370 2973 560 3070 episcopam,
582 2985 617 3036 ut
633 2976 673 3036 eis
686 2993 794 3054 parvas
811 2973 956 3057 quasdam
970 2974 1058 3035 cellas
1078 2983 1250 3050 construat,

162 3065 195 3118 et
212 3058 254 3117 eis
275 3057 425 3140 templum
447 3068 524 3118 sexte
544 3055 694 3118 adornets
717 3065 748 3118 et
770 3057 814 3118 sic
836 3057 926 3118 brevi
947 3056 1009 3119 illic
1030 3059 1151 3119 lauram
1169 3079 1250 3118 con-

162 3139 295 3201 stituit.’'
337 3139 463 3201 inferius
491 3139 624 3202 iterums
654 3141 868 3216 “Gerasimus,
898 3162 968 3200 cum
995 3141 1156 3202 maximam
1187 3141 1250 3202 illic

161 3221 301 3298 lauram,
322 3244 402 3306 quae
423 3244 487 3285 non
519 3223 682 3305 pauciores
704 3243 798 3306 quam
829 3224 1022 3306 septaaginta
1046 3223 1249 3285 anachoretes

162 3305 313 3381 habebat,
350 3306 582 3369 construxisset:
614 3317 644 3369 et
674 3317 839 3388 praeterea
867 3307 1055 3368 coenobium
1083 3307 1114 3366 in
1144 3307 1248 3368 medlo

162 3389 226 3450 eius
248 3392 365 3472 optime
381 3389 573 3470 collocasset,
594 3391 732 3466 curabat,
748 3400 784 3451 nt
804 3390 859 3472 qui
872 3389 1154 3452 introducebantur
1175 3391 1249 3472 qui.

161 3471 232 3534 dem
252 3472 407 3554 monachi,
436 3483 599 3536 manerent
626 3475 657 3534 in
688 3472 860 3555 coenobio,
881 3482 913 3533 et
931 3475 1028 3535 vitam
1048 3473 1249 3535 monasticam

162 3567 359 3618 exercerent:
392 3557 447 3639 qui
477 3565 579 3620 autem
608 3557 725 3618 crebris
748 3564 781 3617 et
810 3555 907 3638 longis
926 3577 959 3618 se
979 3555 1137 3618 laboribus
1160 3577 1249 3618 exer.

161 3649 311 3716 onerant,
342 3639 435 3702 etad
467 3640 671 3721 perfectionis
698 3659 854 3700 mensuras
875 3640 934 3700 iam
955 3648 1249 3720 perseuerantem,

160 3721 249 3785 iniis
275 3745 356 3807 ques
384 3723 502 3805 (laura)
535 3731 688 3786 vocantur
709 3722 792 3783 cellis
816 3723 981 3797 collocans,
1003 3721 1250 3785 0011001010-

161 3806 217 3868 bat
235 3806 342 3870 vivere
364 3806 483 3888 regula,
507 3817 542 3868 ut
562 3809 700 3890 quinque
716 3804 778 3867 dies
797 3805 1019 3884 hebdomadae,
1041 3806 1250 3891 unusquisque

162 3889 194 3950 in
216 3891 347 3972 propria
370 3890 446 3954 cella
462 3889 576 3968 sileret,
598 3889 821 3972 nilxilgustaas,
866 3887 930 3952 uod
951 3898 1028 3952 esset
1047 3889 1250 3966 esculentam,

162 3971 221 4034 nisi
243 3995 364 4056 panem,
388 3981 420 4036 et
444 3996 566 4057 aquam,
589 3983 622 4034 et
641 3972 789 4055 dactylos.
820 3997 834 4034 s
874 3973 949 4034 bato
970 3984 1074 4035 entem
1097 3981 1129 4034 et
1150 3971 1250 4034 domi.

165 4056 235 4118 nica
255 4056 410 4119 venientes
434 4058 466 4118 in
487 4058 665 4131 ecclesiam,
697 4077 770 4118 cum
797 4056 1017 4139 participarint
1045 4055 1250 4132 sanctificate,

166 4149 257 4212 cocto
283 4149 449 4202 uterentur
472 4144 503 4206 in
524 4139 702 4222 coenobio,
724 4149 756 4202 et
776 4149 932 4232 sumerent
947 4160 1059 4224 parum
1079 4139 1153 4224 vini,
1169 4143 1249 4204 etc.'’

166 4222 226 4286 alia
246 4221 286 4286 ad
306 4244 379 4307 pag.
387 4217 457 4292 413.
