3050 4900
522 303 575 366 nx
599 300 858 366 annuamus.
1182 285 1229 364 tt

154 475 210 552 rid,
229 474 298 556 suga
325 471 455 537 sulutem
481 482 661 548 mereatur,
689 482 721 536 et
744 470 784 533 ad
800 480 924 554 patrem
952 491 1042 532 snum
1063 470 1162 532 salvas
1180 493 1234 532 re.

152 557 232 620 diens
251 559 360 620 multas
393 579 466 620 cnm
498 557 551 618 illo
572 556 687 639 gratias
708 556 845 634 Christo,
867 556 922 637 qui
944 575 976 616 se
996 554 1136 629 salvavit,
1160 576 1233 636 age-

149 643 211 704 bat.
233 641 315 703 cirea
331 641 408 704 haee
421 663 495 702 sana
513 649 657 722 tempora
673 638 827 701 Miltiades
839 637 1234 703 etdeinSilvestcrlloma.
1246 663 1272 716 p.
1288 647 1322 700 10
1341 647 1376 700 ts

151 745 204 787 naa
222 735 334 807 gerant
354 725 499 788 ecclesiae
520 724 743 805 praesulatum.
765 743 866 805 porro
887 721 1084 784 Theotccnus
1104 721 1236 800 divinus,
1244 751 1273 805 p.
1285 735 1325 788 12
1342 732 1377 790 14

151 809 197 870 cui
219 829 329 891 parens
352 809 494 870 Galerius
513 807 726 885 Maximianus,
745 829 817 868 cum
839 805 1040 868 daemonibus
1061 806 1239 870 immolarat

149 899 177 953 et
198 912 343 974 responsa
370 892 565 973 susciperet,
586 887 730 953 adversus
763 890 954 952 Christianos
984 890 1237 972 persecutionem

149 975 336 1050 commovit,
364 976 550 1038 monitiones
578 973 741 1036 salvatoris
760 974 859 1052 tinxit,
879 980 912 1034 et
929 972 969 1036 acl
991 973 1095 1034 omnia
1112 971 1181 1034 loca
1203 975 1236 1038 in

148 1057 289 1120 iniuriam
311 1059 411 1138 misit,
440 1067 475 1122 et
490 1057 668 1120 litterarum
696 1057 848 1140 magistris
869 1078 985 1140 pueros
1006 1055 1121 1118 docere
1142 1079 1236 1138 prae-

148 1143 234 1225 cepit,
254 1142 381 1204 studens
403 1164 466 1227 quo
479 1139 677 1204 derideretur
694 1142 879 1226 mysterium
898 1150 1049 1202 nostrum.
1091 1152 1272 1222 practer-1³·
1282 1137 1316 1191 ¹4
1335 1142 1352 1197 7

148 1247 179 1288 ca
200 1225 398 1288 Constantius
429 1227 460 1290 in
488 1224 655 1288 Britanniis
686 1225 839 1302 moritur,
860 1246 933 1286 cum
953 1225 1131 1306 imperasset
1150 1226 1238 1287 annis

150 1307 304 1384 undecim,
327 1310 382 1392 qui
402 1329 463 1407 pro
485 1330 516 1372 se
530 1309 768 1371 Constantinum
781 1307 1042 1392 pronuntiaverat
1064 1307 1238 1390 imperato.

150 1415 218 1472 rem,
237 1394 485 1478 primogenitum
507 1393 606 1454 silium
628 1413 734 1472 suum,
755 1392 787 1453 in
809 1401 979 1472 conspectu
1001 1391 1097 1452 totius
1117 1393 1239 1475 populi,

149 1477 356 1560 praesentibus
375 1497 502 1560 quoqne
517 1477 628 1540 ceteris
646 1475 714 1538 filiis
734 1475 807 1554 suis,
828 1474 1021 1537 Constantini
1045 1477 1238 1557 compatrio.

151 1561 202 1638 tis,
222 1561 409 1627 Constantio
445 1559 562 1623 scilicet
590 1568 622 1623 et
643 1558 850 1637 Anaballeno,
871 1558 928 1642 qni
949 1568 981 1621 et
997 1558 1170 1620 Dalmatius
1191 1560 1238 1621 di.

152 1651 212 1706 ctus
235 1653 304 1722 cst,
334 1644 388 1728 qui
410 1643 475 1704 nati
497 1641 624 1706 lucrant
646 1663 683 1706 ex
703 1641 874 1706 Theodora
896 1640 958 1704 filia
979 1641 1142 1704 Herculiis
1165 1665 1238 1704 nam

149 1727 361 1790 Constantinus
382 1747 418 1789 cx
438 1727 553 1790 Helena
573 1727 684 1806 fuerat,
708 1726 812 1810 priori
831 1726 1004 1788 Constantii
1021 1727 1161 1808 coniuge.
1204 1735 1239 1790 at

147 1809 337 1874 Constantius
360 1811 475 1874 horum
497 1818 588 1894 pater
621 1831 716 1892 nepos
737 1821 805 1872 erat
827 1808 948 1870 Claudii
971 1809 1181 1893 imperatoris,
1200 1831 1237 1873 ex

147 1895 201 1956 titia
222 1897 288 1958 eins
305 1895 435 1976 genitus.
491 1914 593 1978 porro
625 1893 775 1956 Eusebius
806 1894 1008 1956 Caesariensis
1040 1893 1117 1955 dicit
1149 1893 1358 1977 quadratas
1383 1906 1385 1909 ·

147 1977 355 2042 Diocletianus
387 1999 490 2038 amcos
518 1977 642 2040 effectus
671 2000 732 2040 una
756 1999 829 2039 cnm
849 1977 1000 2040 Herculio
1025 1975 1158 2059 imperio
1179 1975 1236 2040 de-

146 2061 240 2142 posito
263 2061 420 2146 privatam
436 2062 531 2123 vitam
545 2061 739 2144 arripuerit3
764 2081 900 2145 quornm
922 2083 1001 2121 orius
1023 2061 1150 2144 quidem
1168 2081 1236 2122 sus.

146 2146 255 2226 pendio
281 2145 378 2206 vitam
402 2145 582 2222 mutaverit,
603 2145 683 2208 alter
702 2166 791 2222 vero,
813 2142 845 2205 id
866 2144 1143 2224 estDioclatianus,
1166 2146 1237 2206 lan.

146 2249 237 2310 guore
264 2228 392 2313 prolixo
431 2240 631 2311 consumptus
666 2228 864 2292 emarcuerit.
924 2237 1065 2290 ceterum
1089 2229 1237 2305 Celusius,

146 2311 278 2376 eiusdem
306 2310 466 2376 Caesarine
499 2311 641 2390 antistes,
663 2310 845 2396 dicitquod
865 2311 1058 2395 poenitentia
1083 2313 1181 2384 ducti,
1205 2321 1238 2375 et

61 2425 64 2432 .
146 2392 239 2460 denuo
263 2393 421 2480 imperare
442 2395 590 2475 volentes,
612 2397 770 2459 communi
784 2406 906 2459 senatus
921 2395 1049 2458 decreto
1070 2395 1236 2479 periman-

145 2488 201 2541 tur.
242 2480 292 2541 his
320 2501 396 2565 ergo
430 2480 469 2545 de
491 2480 596 2543 medio
618 2480 723 2559 factis,
745 2488 778 2542 et
800 2501 881 2563 quae
904 2478 1144 2541 Christianitatis
1163 2488 1237 2541 sunt

145 2563 293 2627 sentiente
324 2564 505 2626 Constantio
528 2564 696 2643 defuncto,
719 2564 897 2645 imperium,
921 2570 959 2623 ut
978 2560 1130 2645 praedixi,
1151 2562 1235 2625 ohti-

36 2640 37 2675 l
144 2668 236 2710 nuere
256 2648 477 2713 Constantinus
497 2651 661 2731 Augustus,
683 2656 715 2711 et
739 2646 941 2709 Maximianus
961 2644 1114 2709 Galerius.

219 2747 333 2811 Mundi
355 2768 436 2809 anno
458 2746 550 2826 5797,
573 2748 697 2810 divinae
716 2746 938 2809 incarnationis
960 2744 1031 2823 997,
1056 2744 1235 2807 Constanti.
1244 2774 1272 2829 p.
1288 2754 1322 2811 ιθ

151 2852 201 2891 nus
227 2830 449 2893 sacratissimus
484 2840 517 2893 et
549 2832 815 2893 christianissimus
849 2832 983 2913 imperat
1009 2831 1041 2890 in
1064 2828 1171 2892 Galliis
1204 2838 1237 2892 et

145 2912 320 2989 Britannia3
342 2937 415 2977 cum
437 2933 500 2999 quo
515 2936 574 2998 per
595 2914 676 2977 idem
695 2923 816 2997 tempus
827 2916 950 2998 pariter
970 2915 1147 2997 imperabat
1167 2915 1235 2973 Ma-

36 2996 38 3061 l
143 2996 289 3061 rimianus
315 2998 456 3060 Galerius
487 3019 558 3059 cum
581 2999 709 3062 ¹duobus
730 3000 911 3060 Caesaribus
932 2998 1051 3061 Severo
1078 3008 1111 3060 et
1134 2995 1234 3058 Maxi.

36 3090 37 3139 ξ
143 3080 231 3143 mino.
287 3082 406 3143 Romae
432 3090 536 3144 autem
565 3080 737 3145 Maxentius
771 3090 919 3179 tyrannus
949 3081 1061 3143 iniuste
1081 3081 1235 3163 imperans

36 3150 38 3235 l
142 3166 240 3225 omnia
262 3186 353 3228 saeve
364 3164 566 3248 operabatur.
609 3174 684 3227 tunc
704 3175 737 3228 et
756 3164 912 3227 Licinium
926 3166 1090 3227 Caesarem
1102 3164 1235 3225 Romani

36 3268 37 3287 ¹
142 3250 354 3330 appellavere,
375 3249 507 3331 gratiam
532 3248 735 3312 Constantino
765 3256 967 3331 praestantes,
991 3268 1064 3309 cum
1084 3254 1161 3311 esset
1181 3266 1236 3307 so.

141 3333 218 3393 roris
249 3332 316 3396 eius
337 3332 534 3396 Constantius
564 3333 679 3413 nuptiis
709 3332 899 3409 honoratus,
931 3332 1049 3416 quique
1084 3330 1235 3417 pietatem

36 3488 37 3497 ἵ
141 3415 333 3478 Christianae
362 3415 519 3499 religionis
559 3416 709 3479 fallaciter
740 3415 913 3477 simulabat.
966 3416 1086 3477 interea
1113 3416 1234 3477 Severo

140 3509 266 3562 mortuo
285 3500 395 3562 Petrus
417 3501 578 3583 episcopus
597 3499 830 3576 Alexandrinus,
851 3497 921 3559 cuin
941 3506 1017 3561 essct
1038 3500 1069 3559 in
1091 3496 1231 3561 custodis

140 3592 310 3667 praecepto
339 3583 516 3645 Maximiani
543 3583 660 3646 Galerii
689 3594 722 3645 et
749 3582 908 3644 Maximini
936 3583 992 3644 lilii
1022 3582 1106 3654 eiua,
1128 3582 1312 3662 capitanii

140 3666 238 3727 reciso
270 3666 407 3749 glorioso
440 3667 657 3750 martyrisatus
681 3676 748 3744 est3
770 3666 825 3750 qni
848 3665 958 3727 Arium
980 3666 1146 3726 diaconam
1166 3663 1233 3726 exi.

36 3794 37 3807 .
139 3757 270 3811 stentem
298 3750 414 3834 absque
442 3750 775 3829 communicassent,
798 3750 906 3831 quiet
933 3749 1065 3832 posthac
1085 3747 1233 3834 pessimae

140 3832 295 3913 opinionis
315 3832 475 3895 haereseos
500 3844 651 3917 patronus
672 3834 798 3895 effectas
814 3834 928 3894 multos
947 3857 964 3893 a
986 3833 1104 3915 pietate
1124 3853 1233 3898 remo.

140 3918 194 3977 rit.
236 3916 328 3978 multi
350 3938 425 3979 vero
448 3926 481 3981 et
501 3918 550 3979 alii
574 3916 713 3979 subistis
735 3915 876 4000 tyrannis
898 3915 1044 4012 martyrii
1063 3936 1123 3996 pro
1141 3916 1233 3992 Chri,-

36 4030 37 4053 3
140 4008 184 4059 sto
207 4020 327 4062 corona
341 3996 444 4061 induti
464 4012 545 4079 sunt,
567 4022 703 4085 quorum
722 4010 793 4060 sunt
806 3999 927 4061 Phileas
941 4020 1103 4082 episcopus
1114 3998 1233 4061 Thmu-

36 4128 37 4145 .
140 4104 188 4143 eos
211 4083 363 4167 Aegypti,
394 4082 503 4147 Peleus
531 4094 563 4147 et
589 4084 672 4146 Nilus
710 4082 847 4167 episcopi
881 4083 1034 4167 Aegypti,
1065 4082 1235 4145 Anthemus

142 4166 300 4253 episcopus
311 4166 519 4248 Nicomediae,
537 4168 699 4255 Tyrannio
722 4168 885 4253 episcopus
895 4167 985 4253 Tyri,
1008 4166 1148 4231 Silvanus
1165 4164 1236 4249 epi-
