3050 4900
620 349 770 415 uorsa.
1162 334 1232 412 aar

149 521 365 602 consignatur,
389 519 509 580 loannis
537 521 599 580 iter
625 523 821 583 Marcellinus
842 519 1001 598 distrahit,
1023 527 1055 582 et
1083 520 1137 580 ista
1160 519 1238 580 seri-

149 604 209 664 bit.
256 604 440 663 Theodorico
460 625 527 685 rege
542 626 602 687 pro
623 606 827 666 Atrioreomm
848 625 965 666 suorum
985 605 1177 664 eaeremoru'is
1190 623 1238 662 re·

144 687 297 771 pmcndis
315 687 497 748 laborante:
518 689 596 748 solers
613 688 775 749 duntaxat
804 691 1006 749 Romanorum
1028 687 1090 749 sibi
1109 687 1239 747 decesso-

148 791 217 830 rum
247 772 319 832 urbe
344 770 513 851 digressus,
545 772 609 830 ΟΡ.
630 775 730 846 venit,
764 775 843 832 urim
872 774 985 832 honore
1012 781 1158 851 sruceptus
1188 781 1239 828 est.

150 854 259 913 dexter
273 853 416 914 &etnim
438 854 579 914 ecclesiae
599 854 708 914 insedit
726 855 860 928 solium,
888 855 1026 938 diemque
1045 855 1166 914 domini
1186 873 1240 912 uo-

118 974 122 980 ·
148 937 211 996 stri
231 939 449 997 resurrectionis
468 938 562 1020 plenu
579 957 654 997 voce
668 937 813 998 Romanis
823 939 964 1018 precibus
985 937 1158 1000 celebravit.

238 1042 309 1119 961,
330 1041 377 1103 13.
423 1039 579 1123 Καβάδης
601 1041 636 1104 δὲ
657 1039 673 1103 ὅ
691 1045 754 1104 τῶν
767 1044 905 1122 Περσῶν
928 1036 1090 1123 βασιλεύς]
1111 1044 1252 1105 inlectos·

149 1126 403 1188 Manichaeorum
426 1126 542 1189 deliriis
566 1128 674 1188 Persas
696 1130 795 1190 refert
816 1127 959 1208 Agathias
979 1127 1031 1188 lib.
1043 1128 1075 1188 9.

236 1233 308 1308 969,
329 1233 360 1296 5.
399 1233 570 1318 erpuino]
603 1235 759 1297 Cedrenos
792 1235 823 1296 in
852 1234 1071 1297 monomacho.
1113 1229 1242 1304 στάντες

151 1315 206 1379 ini
225 1319 282 1396 τῆς
301 1311 378 1378 ioasi
396 1314 558 1398 συμβολὴν
575 1319 795 1400 προετίθεσαν,
817 1311 885 1399 ἥτις
908 1320 981 1400 παρ’
1001 1315 1111 1389 αὐτοῖς
1131 1319 1243 1392 νομέν-

150 1421 206 1461 ror
225 1397 396 1476 ὀνόματατ.
446 1405 635 1464 eoruisteutes
664 1406 697 1463 in
728 1405 785 1466 uio
814 1405 973 1464 concilium
998 1403 1038 1464 ab
1065 1403 1109 1460 eis
1127 1401 1242 1460 dietum

149 1498 326 1544 conventren
347 1500 510 1566 megenum.
558 1485 763 1568 theophanes
789 1487 870 1547 infra
896 1482 1064 1564 stippentur
1091 1476 1241 1564 πονήσειν·
1340 1541 1347 1556 ,

150 1587 222 1641 τες·
264 1567 382 1630 habitis
401 1570 540 1647 comitiis,
562 1567 745 1652 scripturus.

237 1672 309 1753 963,
329 1673 361 1736 3.
383 1740 385 1745 ,
409 1670 426 1735 ὅ
457 1673 493 1738 et
527 1677 662 1757 ee'oaprie
686 1671 836 1756 βασιλεῦς
859 1673 1042 1755 Ἰουστῖνος]
1072 1671 1243 1735 Marcellini

156 1758 259 1819 verbis
282 1757 320 1818 ad
340 1781 455 1820 atinum
492 1761 599 1822 lustini
629 1762 783 1844 quintum,
804 1781 822 1820 a
846 1761 933 1821 cuius
953 1757 1126 1840 Septembri
1146 1767 1243 1817 sextus

151 1863 188 1902 ex
218 1841 402 1924 Theophani
435 1844 555 1904 calculo
586 1846 716 1927 incipit,
744 1843 822 1906 haec
851 1843 1058 1930 illustrantur.
1105 1840 1243 1925 plerique

151 1923 388 2005 lapidarentur,
411 1948 645 2009 percussorum,
675 1929 813 2013 urbisque
843 1925 1111 2011 depopulatorum,
1131 1945 1185 1985 sua
1205 1923 1244 1986 ob

150 2009 263 2068 scelera
282 2009 467 2091 deprehensi,
478 2013 581 2088 ferro,
602 2013 675 2092 igni,
698 2011 914 2095 suspendioque
932 2011 1059 2094 expensi
1077 2021 1153 2084 susat,
1170 2027 1244 2088 gm-

150 2103 213 2152 turu
235 2093 322 2152 bonis
338 2093 456 2154 ciuibus
477 2096 684 2178 spectaculum
703 2095 882 2156 exlu'beutes.

237 2198 316 2258 Ibid.
336 2197 366 2259 8.
409 2192 524 2276 ἔσττψε
546 2199 658 2261 δὲκαὶ
677 2195 734 2280 τὴν
756 2193 876 2263 ἑαυτοῦ
895 2197 1040 2282 γυναῖκα]
1064 2199 1150 2260 locus
1172 2216 1245 2258 cor·

153 2289 272 2362 ruptus.
316 2280 472 2342 lastiniani
498 2284 728 2360 enimcnniur,
761 2305 825 2344 non
855 2284 961 2345 tustini
986 2283 1046 2344 suit
1067 2279 1243 2342 Theodora·

154 2383 254 2446 qrrnre
274 2364 463 2445 Λουπινίαν,
483 2369 531 2428 vel
553 2363 725 2447 Εὕφημτάν
744 2387 877 2448 repono,
901 2366 984 2427 iuxta
1004 2367 1143 2447 superius
1166 2364 1244 2424 lecta

154 2470 236 2508 antro
258 2448 364 2510 tustini
386 2449 509 2531 primo:
533 2460 699 2532 totumque
721 2472 884 2511 numerum
906 2447 947 2511 39
971 2449 1043 2509 anni
1078 2451 1099 2509 1.
1121 2447 1157 2507 C.
1182 2443 1244 2507 593

150 2532 235 2613 apud
264 2533 434 2594 Bar-onium
458 2534 701 2617 ‚expungendum
732 2534 907 2595 huiusmodi
938 2528 1162 2593 animadversio
1187 2529 1243 2591 sle-

150 2617 261 2677 ceruit.
827 2626 829 2633 '

232 2724 315 2785 Ibid.
339 2723 369 2786 9.
409 2726 465 2787 κατ’
491 2724 682 2803 προεβάλετο
712 2721 764 2786 τὸν
788 2724 963 2806 πατρύττον]
993 2726 1056 2785 eins
1079 2744 1189 2783 maanus
1209 2730 1240 2782 ct

150 2828 246 2887 gertus
264 2808 321 2869 sub
343 2808 458 2869 lustina
480 2809 615 2871 celebrat
640 2810 809 2891 l'rocopius
829 2809 868 2871 de
889 2810 971 2870 hello
994 2808 1120 2870 Persico
1145 2807 1197 2868 lib.
1210 2807 1239 2878 l,

151 2892 205 2951 uhi
228 2889 368 2973 depace
390 2914 462 2952 cum
484 2894 584 2955 Persis
606 2893 750 2953 ineunda.

233 2998 318 3061 thid.
344 3001 391 3061 19.
433 2996 559 3079 ἐποίησε
579 2998 614 3060 δὲ
635 2995 691 3059 uui
718 2997 817 3071 τιν’τὸς
845 2997 994 3080 διωγμόν]
1019 3000 1114 3081 legem
1138 3000 1167 3060 in
1190 3020 1241 3061 eos

151 3104 169 3141 a
190 3083 305 3145 lustina
328 3084 476 3145 sancitam
498 3084 590 3145 habes
612 3082 681 3144 cod.
705 3082 744 3145 de
766 3082 882 3146 haeret.
914 3092 946 3145 ct
964 3084 1096 3173 Manieh.
1121 3082 1175 3144 lib.
1192 3082 1239 3143 19.

152 3232 204 3333 ω’
231 3190 311 3333 [gud
340 3186 391 3253 14.
432 3187 628 3270 Ἀναζαρβός
657 3188 871 3272 μητρόπολις]
902 3214 936 3253 ex
970 3189 1107 3275 Euagrio
1139 3190 1192 3250 lib.
1220 3182 1240 3249 4

189 3294 312 3441 plinii.
335 3379 382 3441 19.
425 3383 649 3463 κατεποντώθη
671 3379 730 3443 sini
762 3382 943 3463 θεομηνίας]
970 3380 1116 3445 indidem.
1154 3468 1161 3475 ι

234 3483 304 3565 964,
329 3488 376 3549 11.
419 3482 560 3571 ἀνεφάνη
582 3482 660 3569 γυνή
681 3498 751 3564 ττςῙ,
770 3488 954 3572 Simplicius,
979 3490 1033 3573 qui
1057 3511 1092 3552 ex
1112 3486 1240 3571 Agathia

150 3572 201 3630 lih.
223 3572 242 3632 9
261 3594 377 3655 gessere
398 3571 474 3632 Cilix
508 3593 545 3633 eo
568 3572 858 3655 temporerivehel,
881 3574 1107 3635 commentario
1131 3572 1162 3633 in
1187 3594 1240 3632 ca-

150 3656 283 3737 tegorias
303 3650 444 3717 meminit
464 3654 599 3717 mulieris
622 3658 748 3718 natione
764 3656 897 3734 Cilissae,
920 3679 1000 3741 quac
1020 3680 1075 3720 suo
1098 3667 1242 3739 tempore
1303 3680 1306 3699 ¹

149 3739 270 3815 vixerit,
292 3738 505 3823 magnitudine
526 3748 678 3821 quattuor
707 3740 895 3802 cubitorum.

142 3866 148 3880 ¹
231 3846 311 3908 Ibid.
329 3844 377 3909 16.
418 3843 497 3928 μηνὶ
512 3844 690 3933 Ὀκτωβρτζν
710 3848 765 3928 τῆς
779 3843 924 3929 τετάρτης
938 3846 1141 3929 italiensium]
1162 3867 1240 3907 con.

148 3930 342 4012 flagrationis
372 3932 604 4007 Antiochense,
625 3953 661 3992 ae
684 3942 788 3995 terrae
810 3933 1078 4015 conquassationis
1100 3932 1137 3991 ad
1159 3930 1241 3991 hunc

147 4036 265 4076 annum
285 4015 394 4077 tustini
414 4014 444 4092 8,
469 4015 641 4079 indictione
661 4010 693 4091 4,
727 4016 784 4078 suh
805 4016 931 4099 Olybrii
952 4016 1045 4076 solius
1068 4014 1240 4080 corisulutu,

148 4099 277 4159 brevem
308 4098 522 4163 narrationem
553 4099 684 4160 instituit
715 4099 928 4176 Marcellinus,
970 4098 1063 4179 patilo
1094 4100 1240 4159 fusiorem

144 4182 298 4263 Euagrius
320 4182 373 4246 lih.
397 4178 416 4244 4
444 4204 513 4266 cap.
535 4182 572 4259 5,
596 4205 658 4265 quo
682 4184 831 4247 loannem
851 4182 1011 4247 rhetorem
1036 4191 1134 4245 totam
1158 4182 1239 4243 illam
