3050 4900
468 370 526 436 ,ux
553 361 808 434 satornana.
1143 357 1190 430 53

126 543 189 604 sium
199 547 226 604 et
236 540 386 602 munnam
397 559 456 620 pro
468 558 500 601 aa
510 538 663 614 reddenti,
686 537 771 622 qaod
784 557 846 610 noa
860 536 1193 617 intellexerlptscriptn

126 649 169 688 sua
182 626 210 686 bi
228 624 280 708 qui
298 645 330 686 se
353 623 598 686 accusationibus
620 621 820 704 impetebant.
861 622 980 684 interea
997 621 1229 695 Corutantiusp.
1242 623 1276 678 57
1294 622 1313 676 l

128 709 250 791 vigesimo
273 708 377 790 primo
400 727 483 768 anno
503 707 632 768 Romam
657 714 770 768 corrtra
789 706 1002 786 Magnentinm
1029 703 1194 765 dimicatu-

126 813 169 854 ras
187 791 283 874 venit,
316 791 370 852 ubi
393 789 432 852 nb
451 789 581 852 Eusebia
610 789 743 872 propria
768 808 865 850 uxore
885 797 1011 869 rogatus
1041 783 1275 856 lulianam-⁶⁸
1292 783 1326 836 18

127 895 291 938 excercere
312 872 441 935 ductum
453 872 614 936 Caesarem
634 873 710 934 lacit
730 881 763 934 et
782 871 815 932 in
832 871 1071 947 Galliasmittit,
1093 891 1196 952 copu-

125 959 176 1102 lpns
195 959 220 1021 ei
237 958 279 1020 ad
296 954 419 1040 nuptias
431 976 574 1022 sororem
593 977 678 1022 suam
690 955 850 1032 Helenam,
869 976 950 1039 quae
970 963 1002 1016 et
1014 955 1195 1018 Constantia

143 1043 193 1104 ictu
214 1052 267 1104 est.

189 1155 298 1220 Mundi
318 1173 398 1216 anno
413 1150 506 1230 5850,
530 1153 653 1216 divinae
673 1155 894 1218 incarnationis
914 1175 996 1217 anno
1016 1151 1087 1229 350,
1111 1153 1276 1227 santonos
1295 1155 1327 1208 tt)

124 1259 220 1321 magno
240 1248 346 1301 terrae
368 1248 457 1299 motu
469 1239 754 1322 Constantinopolis
776 1239 882 1300 diruta
903 1247 957 1301 est.
980 1238 1091 1300 deinde
1105 1243 1277 1315 mor-pao
1298 1243 1331 1296 12

121 1329 168 1382 tna
196 1322 376 1384 Constantio
408 1319 553 1405 vigesimo
585 1331 699 1405 quarto
728 1322 849 1405 imperii
876 1322 922 1382 sui
955 1343 1037 1382 anno
1062 1320 1195 1381 lulianus

123 1415 314 1467 monocrator
332 1406 455 1468 effectus
470 1403 669 1487 impudenter
680 1405 805 1467 vivebat
825 1415 919 1488 atque
940 1405 1107 1487 gentiliter,
1124 1424 1195 1464 san.

122 1488 201 1568 guina
219 1489 443 1550 sacrificiorum
477 1496 616 1549 sanctum
644 1489 834 1572 baptismum
864 1489 1002 1565 diluens,
1034 1497 1065 1550 et
1083 1493 1195 1548 cuncta

122 1571 218 1634 iaciens
233 1573 347 1657 quibus
364 1571 526 1634 daemones
540 1573 660 1654 placari
679 1581 833 1636 suescant.

186 1687 295 1750 Mundi
308 1709 390 1751 anno
401 1685 493 1771 5856,
506 1685 628 1752 divinae
640 1686 862 1752 incarnationis
874 1707 956 1750 anno
966 1683 1039 1764 355,
1052 1686 1197 1748 Iovianus
1205 1709 1232 1763 p.
1241 1689 1277 1745 83

121 1769 303 1848 chiliarchas,
326 1772 374 1832 vir
395 1773 566 1834 mitissimus
590 1779 622 1834 et
647 1769 840 1837 orthodoxus
863 1768 1065 1849 Christianus,
1096 1769 1197 1852 impe..

120 1862 197 1916 rator
214 1855 430 1918 Romanorum
451 1855 490 1918 ah
512 1853 597 1916 omni
618 1856 754 1920 exercitu
775 1878 812 1918 ao
843 1853 1071 1938 magistratibus
1103 1862 1198 1938 atque

121 1939 283 2000 consulibus
307 1936 338 2000 in
361 1940 474 2003 endam¹
492 1939 563 2000 loco
593 1947 698 2002 terrae
719 1939 901 2015 Persarum,
923 1937 955 1998 in
978 1958 1043 2022 quo
1064 1959 1198 2020 praeva-

120 2019 227 2084 ricator
250 2020 381 2100 interiit,
405 2029 620 2103 nuncupatum
648 2023 703 2107 qui
724 2023 886 2085 recusabat
909 2021 1096 2104 imperium,
1117 2041 1198 2082 aue

119 2122 215 2188 rerans
234 2127 300 2166 non
322 2126 355 2166 se
375 2125 464 2188 posse
482 2103 658 2188 principari
670 2106 820 2170 exercitui
841 2105 896 2190 qui
911 2126 1046 2190 paganus
1065 2103 1123 2165 sub
1144 2105 1199 2164 lu-

119 2184 188 2246 liano
208 2187 248 2250 sit
271 2188 389 2263 faetus,
418 2188 458 2250 ad
490 2209 582 2270 quern
610 2211 715 2252 omnes
749 2189 939 2251 unanimiter
964 2191 1138 2250 clamavere
1164 2207 1197 2249 te

118 2269 298 2332 Christianos
318 2292 389 2334 esse.
411 2271 534 2352 scripsit
547 2281 710 2353 praeterea
724 2273 866 2334 lovianns
889 2269 1199 2333 sacratissimodtba-

118 2353 192 2414 nasio
214 2354 430 2417 immaculatae
459 2354 532 2416 fidei
550 2355 609 2416 sibi
629 2357 796 2437 significari
816 2357 847 2416 in
870 2355 992 2437 scriptis
1012 2354 1199 2427 acribeiam;

117 2435 192 2518 quod
212 2447 246 2501 et
271 2438 353 2516 fecit,
374 2437 469 2501 totius
492 2436 699 2502 orthodoxiae
719 2437 847 2504 loriano
863 2436 1023 2521 epistolam
1047 2438 1197 2499 scribens.

117 2518 188 2581 unde
211 2522 357 2583 lovianus
378 2522 539 2583 robustior
559 2522 590 2581 in
616 2522 805 2584 orthodoxia
825 2524 950 2600 effectus
965 2520 1012 2580 his
1030 2522 1084 2603 qui
1104 2540 1198 2602 prae-

115 2600 250 2667 dicabant
284 2604 480 2668 homousiam
501 2602 598 2667 multa
619 2604 769 2684 donavit,
794 2615 827 2668 et
845 2606 911 2668 sine
929 2606 1049 2666 tributo
1071 2623 1198 2665 manere

116 2688 284 2751 constituit.
309 2748 313 2756 ,

188 2788 265 2866 Quo
288 2786 436 2850 defuncto
466 2786 649 2849 acclamatas
679 2797 724 2849 est
744 2786 977 2850 Valentinianus
1005 2789 1157 2871 Augustus
1178 2792 1275 2867 apul
1297 2794 1330 2847 15
1367 2858 1372 2867 Ι

114 2868 273 2944 militibus;
302 2870 356 2955 qui
379 2870 529 2933 continuo
552 2870 735 2954 perveniens
757 2872 797 2933 ad
819 2876 936 2955 regiam
957 2872 1065 2933 arbom
1078 2870 1197 2934 Valen-

114 2958 169 3015 tem
191 2956 326 3017 fratrem
343 2972 433 3015 suurn
449 2955 745 3017 communicatorem
762 2954 811 3015 ani
823 2958 897 3017 secit
911 2956 1046 3037 imperii,
1065 2954 1196 3036 largitus

112 3035 136 3094 ei
156 3046 264 3117 partes
287 3036 480 3114 orientales,
510 3037 570 3100 ribi
604 3038 731 3101 retentis
766 3039 1026 3103 Occidentalibus.
1075 3038 1310 3114 internap.856
1392 3061 1395 3066 ⁴
1480 3003 1481 3028 ἶ

113 3118 341 3182 Valentinianus
363 3124 514 3203 Augustus
549 3122 733 3183 Gratianum
768 3123 866 3183 filium
903 3144 993 3197 suurn
1025 3124 1197 3203 Augustum

110 3205 296 3283 appellavit,
335 3206 633 3267 communicatorum
665 3205 790 3287 imperii
821 3207 940 3288 patris,
970 3214 1002 3267 et
1038 3205 1198 3269 consulem

111 3298 175 3347 ante
193 3288 457 3369 pronuntiatum,
484 3296 517 3349 et
541 3289 704 3351 Valentem
740 3290 870 3350 fratrem
902 3310 992 3350 snum
1023 3287 1198 3368 imperato·-

109 3388 180 3430 rem.
213 3370 388 3433 orthodoxi
417 3382 518 3433 autem
549 3381 743 3433 accesserunt
777 3372 818 3432 ad
848 3371 1102 3435 Valentinianum
1137 3392 1198 3453 per

108 3448 278 3533 Hypatium
307 3454 485 3536 episcopum
514 3454 916 3537 Heracliae,.daprecantes
943 3476 1007 3538 quo
1027 3455 1096 3517 ficri
1117 3476 1197 3514 con-

107 3546 234 3598 ventum
276 3538 474 3620 praeciperet
508 3559 601 3619 super
638 3540 837 3601 correctione
868 3538 1020 3622 dogmatis
1060 3538 1196 3599 homou-

105 3618 145 3677 sii.
194 3616 237 3679 ad
273 3642 352 3704 quos
378 3620 610 3683 Valentinianus
633 3620 759 3681 “mibi''
792 3620 893 3705 inquit
919 3627 1018 3684 “cum
1053 3620 1196 3683 subiecto

105 3702 223 3783 populo
246 3702 286 3764 de
304 3702 480 3765 huiusmodi
503 3706 633 3787 negotiis
655 3705 777 3767 curiose
804 3727 896 3788 agere
910 3706 954 3767 fas
975 3726 1038 3766 non
1061 3713 1129 3764 est..
1161 3712 1198 3765 ut

104 3806 176 3867 crgo
203 3784 332 3847 videtur
352 3786 439 3848 vobis
458 3786 679 3868 sacerdotibus,
699 3789 822 3850 facite.''
848 3799 923 3850 tunc
936 3789 1090 3850 venientes
1112 3786 1197 3868 apud

103 3866 332 3951 Lampsacum,
365 3880 397 3931 et
417 3868 536 3931 duobus
557 3871 620 3933 illic
641 3870 794 3932 mensibus
816 3872 1011 3948 commorati,
1033 3869 1197 3931 novissime
1311 3900 1320 3913 =

104 3950 191 4013 irrita
216 3954 323 4014 fecere
345 3974 424 4035 quae
444 3954 483 4013 ab
499 3953 642 4017 Eudoxio
663 3964 695 4016 et
707 3954 820 4017 Acacio
835 3952 1104 4035 Constantinopoli
1124 3962 1198 4017 sunt

103 4045 254 4114 patrata,
277 4034 501 4119 tenendamque
529 4036 621 4099 fidem
642 4038 724 4120 apud
753 4036 922 4101 Seleuciam
945 4038 1115 4118 expositam
1137 4036 1196 4099 do·

103 4126 286 4181 creverunt
334 4118 387 4181 sed
406 4121 514 4202 impius
537 4120 658 4199 Valens,
682 4144 761 4217 quac
784 4122 867 4203 apud
889 4123 1090 4203 Lampsacum
1110 4131 1195 4203 gesta

103 4210 179 4279 sunt,
203 4202 371 4281 destruxit,
393 4212 424 4267 et
444 4204 625 4289 episcopos,
647 4226 700 4289 qur
725 4205 841 4267 ibidem
858 4217 1078 4282 convenerant,
1102 4206 1192 4268 exilio
