3050 4900
271 223 343 293 360
636 230 678 290 ΙΝ
706 225 986 290 tulmentum

269 396 357 457 trudet
376 395 455 457 intro
472 397 555 457 uiam
574 397 864 476 rurmmstmntem.
904 415 991 478 eques
1005 413 1101 474 porro
1121 393 1155 456 in
1176 393 1258 457 bivio
1274 397 1366 480 posi.

268 493 329 556 tos,
351 480 416 563 ipse
434 492 477 539 est
496 501 619 557 merrus
645 480 837 555 Theodosiru,
864 477 1004 540 dextram
1024 499 1127 539 versuo
1144 479 1248 539 urbem
1268 483 1366 540 ιἰιιοιι-

268 563 352 636 dem,
376 582 416 622 ac
438 577 608 623 momtrom
627 563 775 645 inscripto
795 575 912 623 stotrrae
930 564 1140 646 trophaeorum
1162 577 1362 624 monumeeua.

268 646 433 706 columnae
458 655 491 705 et
518 655 638 707 statute
664 646 922 728 superimpositae
953 666 1058 706 casum
1079 652 1207 706 ettsrrnt
1227 646 1365 706 Zonnrss

269 728 302 788 iu
324 727 439 790 Alexio.
483 729 618 811 origines
641 730 700 794 CP.
722 730 834 790 Petrus
857 727 962 812 Gyitus
983 727 1015 788 in
1039 729 1099 790 CP.
1115 728 1343 812 topographia.

356 834 490 909 110,14.
531 842 759 913 χειροτονεῖται
780 833 845 897 ἄντ’
874 831 975 896 αὐτοῦ
992 828 1160 918 Θεόφιλος]
1184 835 1221 896 ed
1246 857 1364 898 annum

269 917 437 979 Theodosii
454 918 634 1000 septimum,
661 940 725 1002 quo
754 939 831 980 coss.
855 919 988 1001 agebunt
1017 919 1165 979 Arcadius
1190 927 1222 980 et
1239 920 1362 994 Bouto,

269 1000 436 1084 Theophili
458 1002 689 1064 ordinationem
712 1004 1002 1064 revocotsocrutes
1025 1003 1077 1062 tib.
1100 1001 1120 1062 5
1145 1023 1216 1084 cup.
1232 1007 1281 1081 11,
1303 1026 1366 1065 en-

270 1103 326 1147 nos
349 1084 387 1146 97
412 1094 445 1146 et
464 1084 528 1146 dies
548 1085 588 1147 87
612 1087 725 1147 tribuit
752 1085 908 1148 Abraham
930 1083 1146 1148 Eceheltensis.

351 1195 436 1257 Ihid.
460 1198 510 1262 17.
555 1190 685 1276 νικήσας
698 1191 853 1270 Μάξιμον
871 1188 927 1255 τὸν
946 1187 1111 1274 τύραννοι]
1131 1191 1309 1257 Theodosio
1331 1205 1365 1258 et

270 1279 407 1362 cynegio
430 1300 506 1340 coss.
529 1300 612 1339 anno
634 1278 728 1360 ipsius
750 1276 920 1340 Theodosii
947 1276 1068 1338 decimo
1088 1277 1255 1339 Maximum
1275 1278 1364 1342 dcvi.

270 1374 356 1423 ctum
379 1370 566 1423 attestantur
580 1361 729 1443 Prosperi
751 1365 784 1421 et
805 1358 895 1422 idatii
917 1359 1079 1438 chronice,
1100 1371 1131 1422 et
1142 1363 1287 1424 Socrates
1309 1362 1363 1426 tib.

267 1443 379 1526 besp.
402 1443 440 1506 13
463 1453 494 1506 et
518 1441 577 1523 14,
602 1445 654 1506 hic
676 1454 762 1506 sexto
785 1443 845 1508 kal.
869 1442 1072 1525 Septembris,
1093 1444 1149 1506 iste
1171 1447 1280 1526 quinto
1301 1445 1363 1508 kat.

268 1531 428 1613 Augustus,
451 1536 563 1590 auctor
584 1527 770 1589 duodecimo
792 1525 912 1589 clcdcm
936 1527 1088 1610 accepisse
1107 1536 1247 1588 narrant.
1296 1552 1298 1568 ·

353 1642 423 1711 111,
449 1639 476 1702 1.
516 1625 613 1716 ἦλθεν
634 1627 805 1706 Θεοδόσιος
825 1633 860 1695 ἐν
876 1627 995 1718 Ῥώμῃ]
1018 1634 1109 1696 idatii
1129 1645 1160 1697 et
1179 1636 1363 1699 Alexandri*

268 1719 524 1887 pipmbgtasponlips
554 1717 594 1779 ud
622 1740 737 1779 nouum
768 1718 937 1782 Theodosii
963 1715 1173 1780 nhdecimum.
1215 1721 1363 1783 Socrates

347 1911 428 1972 Ibid.
451 1911 481 1975 4.
525 1905 542 1969 d
570 1906 720 1990 Εὖγέιιος
747 1904 763 1974 ὅ
790 1905 853 1971 οἶαό
880 1907 1120 1992 γραμματικῶν]
1142 1920 1301 1992 arreptam
1322 1911 1361 1973 ab

266 1993 408 2074 Eugenio
429 1992 626 2075 tyrannidem
647 2001 846 2074 praemature
876 2015 959 2054 enno
983 1993 1149 2054 Theodosii
1173 1993 1360 2056 duodecimo

266 2067 401 2139 iocatum
422 2079 559 2158 Prosper
589 2087 622 2137 et
643 2077 758 2139 idatius
788 2077 957 2139 reclament
979 2079 1010 2139 in
1032 2077 1197 2152 chronicis,
1220 2085 1252 2139 et
1273 2079 1361 2140 annis

265 2159 387 2221 duobus
410 2160 620 2242 posteriorem
640 2169 788 2226 statuunt
832 2162 997 2223 confirmet
1014 2161 1154 2222 Zosimus
1177 2154 1267 2223 tunt
1288 2161 1355 2222 Vc-

264 2242 424 2306 ientiniani
445 2242 576 2303 iunioris
597 2265 713 2320 necem,
728 2253 759 2305 et
771 2244 900 2325 Eugenii
918 2243 1127 2320 rebellionem,
1140 2245 1255 2304 Rufino
1276 2266 1356 2305 con-

263 2328 338 2405 suie,
362 2327 417 2410 qui
439 2325 549 2388 eodem
573 2348 654 2387 nuno
675 2329 769 2389 fasces
791 2327 934 2404 tenebat,
959 2329 1017 2390 ΕΡ.
1040 2327 1176 2388 auditum
1199 2328 1356 2388 referens=

289 2411 377 2473 uibus
399 2409 514 2472 addere
537 2410 654 2492 poteris
666 2412 838 2487 Socratem,
860 2411 915 2497 qui
939 2411 1119 2473 Theodosio
1137 2411 1177 2471 111
1199 2419 1231 2473 et
1249 2412 1359 2473 Abun-

264 2433 375 2555 iinntio
397 2515 482 2570 coss,
505 2494 598 2576 ipsius
621 2496 769 2557 nimirum
792 2494 960 2559 Theodosii
981 2496 1029 2573 15,
1050 2495 1219 2555 exercitum
1242 2493 1279 2555 ud
1304 2517 1361 2555 er-

263 2576 430 2720 pptergdsm
450 2576 647 2721 didymum)
663 2578 812 2643 ultionem
824 2578 885 2639 GP.
909 2580 1039 2641 movisse
1063 2586 1207 2640 testatum
1232 2578 1360 2661 reliquit

278 2685 316 2722 il·
384 2682 454 2741 Otipo
520 2703 527 2718 ·

347 2758 427 2819 thid.
470 2751 487 2816 d
510 2752 572 2817 αάὀ
587 2735 825 2837 γραμμαιικοῖν]
845 2754 1044 2838 Ῥωμαϊκούς
1065 2757 1226 2822 παιδεύων
1247 2753 1360 2839 λόγους

265 2840 299 2901 εἰ
319 2845 383 2910 τοῖς
405 2838 637 2917 ααιδεοτηριόις
659 2840 752 2902 hebet
773 2844 916 2904 Socrates
939 2844 1031 2905 idem.
1056 2846 1112 2927 qui
1131 2846 1258 2905 Latim
1278 2844 1360 2904 litte·

264 2944 315 2984 ιω
332 2925 366 2982 in
387 2924 469 2981 ludis
487 2921 643 3019 docuerat.
687 2922 902 3025 ἀντιγραφεὺς
923 2950 999 2989 vero
1022 2930 1163 3029 magister·
1180 2928 1359 3023 scriniorum

265 2994 548 3173 ffitqudmssppplhgpg
566 3026 622 3087 equ
641 3008 808 3090 βασιληιην
828 3013 974 3089 γλωσοαν
994 3008 1159 3091 εἀετρεψε.
1200 3012 1359 3093 Eunupius

335 3186 432 3251 thid.
455 3184 483 3249 9.
528 3182 696 3268 Θεόφιλος]
726 3186 946 3263 εἰδωλοκτόιος
977 3200 1112 3275 propter
1139 3193 1190 3255 hic
1211 3202 1358 3256 enarratu

266 3272 404 3353 Georgio
426 3270 569 3353 §ynceiio
588 3274 697 3334 dictus.
717 3275 862 3335 Socrates
884 3274 962 3337 tiss
986 3298 1056 3355 esp.
1075 3276 1112 3339 16
1134 3286 1166 3337 ct
1189 3278 1236 3353 17,
1250 3278 1357 3340 Theo·-

265 3354 395 3499 Ιαὲοοὲαο
424 3354 519 3500 tibh}
551 3376 621 3441 cap.
645 3356 702 3437 92,
731 3359 920 3420 sozomenus
954 3358 1039 3422 tint
1071 3382 1139 3443 cop.
1158 3359 1207 3440 15,
1229 3362 1357 3424 Rufinus

278 3461 318 3502 ι.
383 3458 450 3520 cup.
515 3485 522 3501 .
1170 3470 1171 3477 ι

351 3540 419 3613 119,
440 3537 471 3597 5.
516 3534 705 3615 Μάρκελλος
725 3534 742 3600 ὅ
764 3538 946 3617 Ἀπαμείας]
975 3544 1164 3606 Soeomenus
1185 3566 1286 3627 nuper
1308 3544 1353 3605 ci.

265 3628 360 3697 tetus,
383 3630 414 3681 et
434 3620 652 3683 Theodoretus
674 3622 730 3683 tib.
750 3621 769 3683 5
794 3646 861 3705 cop.
885 3622 934 3685 21.

346 3728 428 3787 [tid.
450 3724 481 3787 8.
527 3721 699 3807 Νοιιτοὶριος
718 3728 753 3791 δὲ
768 3722 786 3790 ὅ
802 3731 898 3805 tta]
923 3734 1066 3797 ecclesiae
1088 3735 1286 3815 particularis
1304 3758 1357 3797 er-

265 3830 323 3871 ror
345 3819 432 3873 recto
453 3823 485 3873 et
507 3812 629 3893 integro
651 3814 829 3875 universalis
851 3818 950 3877 sensui
973 3838 1036 3881 noo
1061 3818 1177 3891 officit,
1202 3840 1258 3881 nec
1281 3820 1357 3880 Ori-

265 3896 372 3955 entntis
394 3894 622 3976 quantumlibet
652 3896 752 3978 empta
772 3899 1018 3983 spectandoque,
1040 3903 1284 3984 poenitentiariis
1305 3926 1355 3964 sn-

267 3974 445 4038 eerdotihus
468 3980 606 4054 reiectis,
630 4000 665 4040 oc
696 3992 827 4062 sequuto
858 3990 1001 4079 tempore
1022 3988 1165 4075 receptis,
1186 3987 1247 4047 suis
1265 3988 1355 4069 gestis

267 4067 321 4119 aut
341 4060 463 4142 privata
483 4060 627 4125 doctriua
637 4062 794 4128 Romanae
813 4069 1006 4148 auctoritati,
1028 4070 1165 4153 generati
1186 4078 1357 4135 consuetu-
