3050 4900
300 338 348 408 56
451 343 662 408 ANASThSll
693 341 887 406 ntsrottta
922 337 1228 405 ecamrnstrcn

279 503 406 574 'exorta
434 513 487 573 est.
515 509 548 572 hi
571 511 731 594 psallentes
751 507 899 573 incedunt
913 518 943 572 et
965 507 1105 572 manibus
1124 501 1287 588 plaudunt,
1307 523 1388 584 quae

300 596 383 676 apud
404 595 506 657 David
526 603 599 656 sunt
628 595 779 656 insensate
808 616 844 655 ac
873 593 1023 655 velociter
1047 590 1245 672 excipientes.
1296 584 1388 667 huius

299 678 532 740 haeresiarchae
554 677 678 740 Dadocs
708 685 741 740 et
759 677 876 738 Sabbas
902 685 934 738 et
954 673 1122 757 Adelphius
1142 671 1334 742 extiterunt,
1354 675 1387 731 ct

299 771 335 822 ut
355 761 482 845 quidam
498 762 586 822 aiunt
608 761 785 823 Euatathius
800 761 1000 833 Sebastenam
1024 758 1136 840 quihus
1151 755 1295 817 restitere
1315 753 1387 812 lor-

298 845 374 906 titer
395 845 627 926 Amphilochius
651 845 826 921 iconiensis,
857 843 976 906 Litoius
994 841 1167 914 Melitanus,
1187 834 1388 922 postmodum

298 937 402 988 autem
427 939 459 990 et
479 929 642 991 Flavianus
658 928 875 990 Antiochenus.
916 934 1080 1008 praeterea
1093 920 1206 984 Valeas
1225 919 1311 982 omni
1332 939 1388 979 ec-

298 1011 389 1072 clesia
409 1010 565 1073 devastata
587 1011 672 1074 venit
685 1011 861 1073 Caesarium
884 1012 923 1072 nh
945 1009 1085 1085 Oriente,
1108 1013 1220 1068 contra
1240 1001 1388 1064 sacratis-

298 1096 409 1155 simum
431 1095 574 1156 Basiliam
599 1096 767 1166 insaniens;
795 1093 850 1177 qui
871 1094 936 1176 egit
962 1113 1044 1178 quae
1063 1109 1191 1171 magnus
1215 1083 1388 1170 Gregorius

142 1205 169 1260 p.
183 1189 233 1244 100
258 1177 331 1243 lain
354 1177 514 1259 epitaphio
529 1177 629 1239 Basilii
650 1177 761 1260 arguit.
805 1176 917 1239 deinde
940 1197 1015 1238 vero
1038 1174 1141 1238 Maria
1159 1173 1390 1233 Saracenorum

298 1262 404 1342 regina
426 1263 524 1322 malta
544 1261 623 1323 mala
646 1260 793 1322 Romanis
815 1261 927 1322 iaciens
947 1279 1058 1342 pacem
1078 1255 1250 1340 qnaesivit,
1272 1251 1389 1314 ethlo-

298 1365 351 1405 sen
374 1341 530 1426 quendum
556 1344 775 1426 religiosorum
806 1341 837 1402 in
873 1343 1000 1405 heremo
1028 1337 1290 1402 commorantium
1318 1331 1389 1416 epi·

298 1447 429 1508 scopum
451 1427 518 1488 dari
541 1427 715 1504 Saracenis,
737 1427 793 1511 qui
824 1426 908 1506 apud
929 1447 961 1487 tc
991 1421 1272 1497 christianisuhant,
1293 1437 1389 1500 expe-

300 1510 359 1570 tiit.
403 1512 594 1592 imperatore
627 1521 731 1572 autem
760 1510 907 1572 alacriter
935 1507 997 1570 hoe
1017 1507 1160 1581 faciente,
1180 1505 1301 1586 Moyses
1324 1521 1388 1560 non

298 1635 368 1654 ...
391 1637 398 1654 .
422 1617 439 1654 a
466 1593 604 1656 Luciano
634 1594 749 1655 Ariane
772 1593 969 1670 consecrari,
998 1587 1051 1653 sed
1070 1585 1247 1674 aquodam
1264 1584 1389 1666 episco-

298 1697 414 1758 porum
437 1677 494 1758 qui
516 1678 546 1738 in
568 1675 659 1737 exilio
682 1677 824 1749 fuerant3
855 1675 943 1759 quod
961 1681 995 1736 et
1013 1676 1200 1735 factumest.
1241 1668 1304 1730 hnc
1322 1685 1390 1726 sus·

166 1759 191 1770 ''
299 1768 391 1841 cepto
416 1758 518 1820 Mevia
538 1762 651 1821 multos
672 1759 863 1821 Christianos
892 1758 931 1820 de
950 1755 1112 1819 Saracenis
1145 1751 1259 1816 effecit.
1301 1751 1391 1811 siunt

299 1852 403 1902 autem
430 1841 503 1924 quia
526 1851 558 1903 et
581 1841 646 1924 ipsa
666 1841 839 1904 Christiana
859 1849 937 1919 erat,
963 1841 1090 1902 natione
1111 1840 1262 1911 Romana,
1281 1843 1315 1896 et
1335 1853 1392 1895 ca·

300 1926 386 2008 ptiaa
401 1925 494 1986 ducta
516 1923 635 2008 placuit
653 1936 791 2008 propter
802 1921 1047 2008 pulcritudinem
1067 1921 1134 2005 regi
1148 1920 1389 1988 Saracenorum,

298 2008 396 2068 etsie
418 2029 548 2090 regnum
571 2007 716 2070 obtinuit.
736 2009 846 2071 scribit
863 2029 941 2071 vero
961 2007 1058 2068 multa
1082 2005 1122 2068 de
1141 2003 1255 2065 eodem
1275 2017 1391 2082 genera

299 2091 503 2167 sozomenus,
525 2091 609 2153 unde
638 2091 793 2174 originem
814 2093 935 2173 ceperit
959 2100 992 2152 et
1013 2089 1098 2151 unde
1115 2087 1160 2148 sic
1180 2089 1390 2164 nuncupetur,

300 2181 334 2234 et
354 2172 440 2256 quod
464 2173 502 2235 13
532 2197 615 2254 anno
639 2175 892 2237 circumcidatur.
948 2193 1049 2255 porro
1080 2170 1178 2234 Gothi
1205 2168 1245 2230 ah
1269 2164 1391 2226 llunnis

300 2253 474 2338 impugnati
496 2256 640 2319 auxilium
663 2259 702 2320 ah
723 2257 916 2342 imperatore
931 2258 1103 2340 postulant,
1126 2262 1158 2314 et
1178 2273 1237 2334 per
1257 2250 1393 2310 llulsram

301 2341 483 2421 episcopum
505 2361 595 2402 suum
615 2343 776 2420 brienum,
797 2343 852 2425 qui
869 2350 1010 2402 moratus
1035 2339 1091 2402 suh
1114 2333 1297 2397 Constantio
1321 2333 1392 2391 iue-

301 2431 354 2485 rat
374 2443 444 2484 cum
475 2423 619 2487 Eudoxio
651 2433 683 2489 et
713 2425 828 2495 Acacio
850 2422 979 2486 Arianis.
1034 2421 1088 2484 hic
1109 2417 1229 2483 Gothos
1259 2415 1394 2479 Arianos

148 2532 175 2587 p.
190 2512 239 2571 tot
260 2516 293 2569 10
302 2528 366 2569 esse
386 2506 512 2585 docuit,
538 2510 591 2593 qui
621 2509 747 2571 adunati
780 2509 880 2570 ferme
897 2507 1008 2591 viginti
1028 2504 1179 2566 Graeciae
1195 2499 1393 2585 depopulan-

301 2598 358 2651 tur
378 2591 565 2673 prorincias.
596 2613 660 2677 quo
683 2590 789 2653 audito
811 2592 934 2669 Valens,
955 2610 1027 2651 cum
1049 2586 1232 2648 Antiochiae
1252 2584 1394 2667 degeret,

302 2674 388 2735 venit
410 2674 723 2757 Constantinopolim.
776 2675 917 2758 Byzantii
949 2690 1026 2734 vero
1055 2670 1203 2732 conviciis
1231 2668 1317 2729 illum
1339 2676 1394 2727 ut-

302 2766 380 2839 pote
402 2755 570 2817 invnlidum
590 2766 634 2843 yet
660 2757 816 2819 bellorum
845 2759 986 2839 fugacem
1015 2753 1258 2816 accumulabant
1300 2750 1394 2811 ilisa·

302 2840 369 2899 cius
391 2846 512 2917 autem,
540 2860 628 2901 sacer
650 2839 836 2917 monachus,
865 2848 972 2901 tenens
999 2838 1123 2900 frenum
1143 2858 1161 2898 e
1184 2837 1216 2897 ui
1239 2834 1393 2913 Valentis,

303 2942 376 2985 cnm
398 2922 560 2983 novissime
592 2924 797 3005 egrederetur
817 2923 849 2983 in
869 2922 1040 3005 praelium,
1066 2921 1112 2983 ait
1140 2858 1182 2981 ad
1210 2937 1282 2981 eum
1304 2922 1393 3001 “quo

301 3003 398 3079 vadh,
421 3005 592 3085 imperator
618 3004 764 3069 adversus
790 3003 883 3068 deum
913 3026 1052 3088 pugnans
1081 3011 1115 3066 et
1134 3001 1226 3065 deum
1245 3001 1396 3063 adversa·

302 3087 387 3150 rium
409 3087 565 3149 habenae
587 3108 679 3172 quem
699 3090 796 3150 iratus
809 3089 929 3151 carceri
945 3084 1085 3165 tradidit,
1107 3096 1244 3147 mortem
1265 3084 1309 3145 illi
1330 3084 1395 3144 mi-

302 3178 412 3246 natus,
445 3170 470 3233 si
490 3170 618 3247 rediret,
642 3170 903 3253 quemadmodum
926 3172 1066 3233 Miclseae
1094 3170 1255 3253 quondam
1275 3166 1394 3228 Achab.

302 3264 376 3336 post
398 3256 605 3337 egressionem
640 3262 742 3317 autem
771 3256 836 3317 eins
870 3255 998 3340 quidam
1018 3276 1053 3316 ex
1080 3253 1142 3314 suis
1168 3252 1395 3313 confessisunt

303 3334 622 3481 linerent
648 3336 1032 3483 slansteten
1053 3336 1290 3482 00000
1305 3332 1396 3477 rat

304 3502 460 3584 quandam
481 3442 718 3585 dnsnuncdlam,
746 3504 785 3567 ad
807 3446 911 3589 (putam¹
928 3444 999 3566 cdrd
1020 3442 1149 3585 burhbri
1169 3439 1396 3581 pervenissent,

304 3590 434 3646 domum
455 3585 661 3664 incendentes,
683 3588 871 3671 ignorantes,
892 3610 999 3651 omnes
1022 3587 1076 3671 qui
1098 3585 1130 3645 in
1146 3586 1196 3645 illa
1218 3592 1308 3646 erant
1322 3604 1396 3645 cre·

304 3676 478 3729 meaverunt.
529 3670 615 3731 aiurrt
644 3682 747 3732 autem
778 3672 864 3754 quod
894 3670 1015 3731 divinus
1046 3667 1182 3731 llisacius
1212 3668 1243 3727 in
1265 3688 1398 3728 carcerc

303 3751 435 3813 foetoris
456 3750 629 3829 Valentem,
650 3752 724 3815 dum
744 3762 950 3831 cremaretur,
973 3752 1076 3816 divina
1097 3752 1196 3835 gratia
1219 3758 1251 3811 et
1271 3750 1397 3813 animae

303 3834 457 3899 munditia
478 3832 725 3916 deprehenderit,
751 3838 1006 3921 praedixeritque
1035 3835 1307 3915 interemptionem
1327 3834 1398 3895 eius

303 3914 350 3978 his
373 3916 428 3999 qui
448 3938 552 3978 secum
573 3930 672 3997 erant,
702 3932 870 4004 autequam
890 3922 991 3982 nuntii
1017 3918 1207 3980 advenissent
1229 3916 1283 3999 qui
1307 3926 1398 3996 gestu

304 3999 415 4082 praelii
438 4002 626 4063 nuntiarent.
693 4026 733 4064 uo
755 4013 920 4086 comperto
933 4001 1098 4064 Gratianus
1108 4004 1260 4083 Angustus
1283 4000 1402 4060 Then-

212 4132 215 4138 ,
306 4082 427 4143 dasium
446 4084 616 4167 Augustum
636 4026 739 4149 induit
760 4098 793 4149 et
821 4088 989 4169 appellavit
1009 4086 1241 4167 imperatorem,
1264 4090 1296 4145 et
1317 4104 1403 4143 con.

306 4173 355 4226 tra
377 4164 499 4229 Gothos
521 4168 641 4233 direxit.
685 4170 806 4235 Gothos
825 4179 930 4233 autem
962 4168 1056 4253 vulgo
1078 4164 1209 4251 Scythas
1228 4166 1290 4231 dici
1310 4166 1404 4227 Tra.
