3050 4900
296 391 370 462 372
666 399 709 464 lli
736 395 1017 464 moruncurt

293 565 366 628 ilem
387 563 594 629 Valentiniani
608 567 696 630 tertii
714 567 838 650 nuptias
868 565 1049 648 excipiente,
1069 563 1399 652 Hierosolymitsnern.

296 650 581 734 peregrinationem
610 651 776 735 suscepisse
804 647 995 725 Eudooiam,
1029 649 1202 712 Theodosio
1228 652 1383 718 decimum

294 740 413 795 sextum
440 733 584 806 console,
606 734 713 796 scribit
735 733 875 794 Socrates
897 731 950 794 lib.
972 731 991 793 7
1013 753 1084 816 ουρ.
1104 729 1146 795 44
1163 741 1196 796 et
1215 732 1268 798 46.
1312 760 1386 800 enm

294 825 398 877 antem
420 817 619 888 consolatum>
634 837 715 878 anno
726 814 890 878 Theodosii
911 813 1080 878 chronicon
1096 815 1240 879 Alexand.
1263 821 1388 884 tricesi-

293 919 361 978 mo,
381 898 433 958 alii
451 902 491 965 31
517 897 705 962 devinciunt.
758 897 797 960 de
824 898 932 961 eodem
963 898 1075 962 itinere
1102 901 1253 984 Euagrius
1285 905 1339 966 lib.
1364 910 1382 972 l

213 1049 216 1052 ,
293 1002 362 1064 cap.
385 977 425 1042 λθ
447 990 480 1042 et
500 985 550 1048 91.

379 1097 448 1172 143,
460 1100 492 1166 9.
531 1097 572 1182 τῇ
589 1093 764 1177 ιιαννυχίδι
783 1091 1022 1180 intertinctae]
1044 1097 1204 1182 quaelibet
1220 1099 1252 1160 in
1274 1109 1385 1176 totam,

291 1180 342 1244 rel
361 1183 527 1261 plurimam
555 1191 678 1242 noctem
707 1180 790 1242 actio
822 1178 975 1261 producta
1006 1183 1131 1242 Graecis
1153 1191 1198 1244 est
1219 1183 1384 1260 ααννυχίς,

292 1266 336 1326 sic
356 1265 502 1346 longiores
523 1263 762 1340 matutinarum,
786 1284 861 1348 quas
882 1271 1012 1341 vocant,
1034 1285 1163 1345 precum
1182 1265 1311 1347 vigilias,
1336 1265 1385 1327 vel

292 1349 386 1411 eliam
404 1347 565 1430 prophana
587 1345 726 1407 convivia
749 1357 952 1426 pernoctem
974 1347 1087 1428 agitata
1109 1345 1303 1424 παννυχάλας
1327 1367 1384 1408 vo.

291 1430 360 1494 curi
382 1439 514 1493 testatur
533 1429 765 1511 Euchologium,
787 1440 817 1490 et
839 1429 1086 1514 'theophylactus
1106 1430 1273 1491 Simocatta
1295 1430 1386 1492 lih.8

290 1535 360 1596 cap.
376 1517 424 1580 13.
460 1512 546 1576 Nilou
569 1533 665 1596 porro
686 1533 776 1572 sucre
797 1511 828 1570 in
852 1521 973 1574 noctem
995 1512 1089 1573 dilate
1114 1511 1382 1574 narratlleliorlo-

291 1617 344 1658 rus
364 1595 623 1678 Aethiopicorum
645 1595 696 1655 lib.
722 1591 742 1654 9
764 1595 900 1656 ineunte.
940 1595 995 1672 τῆς
1015 1593 1078 1656 τάν
1100 1588 1250 1658 Netteia»
1272 1587 1382 1675 ἑορτῆς

292 1678 507 1760 ἐνεστηκυίας,
538 1673 567 1740 oi
593 1677 653 1757 pair
684 1669 833 1755 ίγχάριοι
854 1671 933 1755 apic
955 1679 1085 1749 θυσίαις
1105 1697 1147 1756 τε,
1168 1679 1222 1738 καί
1241 1679 1381 1749 τελεταῖς

289 1753 392 1842 ἦσαν,
420 1766 487 1833 τοῖς
514 1760 574 1838 μὲν
601 1753 730 1835 σάμοσι
750 1754 806 1819 κατ’
826 1752 1044 1841 περιεστηκόσι
1065 1757 1178 1834 δεινοῖς
1198 1759 1382 1840 κάμνοντες,

288 1853 348 1909 etc.
370 1839 390 1904 ά
419 1840 456 1904 δὲ
473 1839 676 1923 Ὀρουνδάτης
699 1839 800 1915 μίσος
827 1837 942 1914 νύκτας
963 1837 1160 1924 ἐπιτηρήσας,
1182 1835 1262 1922 πρὸς
1281 1833 1380 1902 ineos

287 1921 394 2004 βαθάν
424 1924 489 1986 τοῖν
516 1924 679 2005 Συηναίων
706 1917 768 1984 uini
789 1923 843 2004 τῆς
868 1923 1007 2003 εάωχίας
1033 1923 1265 2004 τετραμμένων.
1294 1926 1382 2004 fisco

288 2010 451 2070 Niioorum
473 2023 591 2084 exorto,
611 2007 773 2088 indigenae
794 2005 916 2090 quidem
939 2009 1169 2070 mactationibus
1185 2008 1382 2068 victimatum

288 2105 318 2151 et
336 2094 420 2152 sacri
456 2091 495 2150 iis
523 2089 702 2164 cacabant,
734 2090 911 2171 corporibm
936 2091 1056 2173 quidem
1077 2105 1108 2152 et
1127 2089 1384 2151 circumstantibus

287 2174 377 2234 malis
448 2187 575 2245 orantes,
593 2182 651 2233 etc.
672 2187 709 2234 at
724 2171 914 2234 Oroondates
935 2173 1101 2234 obseruata
1120 2174 1287 2248 occasione,
1311 2193 1377 2231 nte.

287 2256 347 2316 dia
365 2269 451 2318 nocte
470 2278 538 2316 cum
550 2254 685 2335 Syenaei
697 2268 783 2316 arcto
804 2275 906 2314 somno
922 2267 992 2336 post
1008 2255 1189 2338 epulationes
1204 2275 1383 2339 premeren-

290 2352 356 2414 aar,
377 2347 437 2400 etc.
472 2338 576 2399 ,Niloa
598 2359 672 2400 vero
701 2358 781 2421 qnae
800 2358 887 2398 sacra
911 2335 958 2396 rel
979 2337 1054 2398 iestn
1077 2338 1194 2399 fuerint
1214 2339 1278 2420 ipse
1298 2335 1381 2400 libro

290 2420 497 2505 praecedente
521 2421 566 2484 ad
590 2422 705 2484 calcem
726 2421 861 2502 exponit.
912 2418 967 2481 καί
985 2414 1046 2499 γάρ
1067 2439 1134 2493 πως
1153 2421 1304 2483 συνέπεσε
1324 2419 1384 2481 καί

290 2502 331 2567 τά
353 2501 482 2567 Νειλῶα
501 2500 574 2567 τότε
599 2500 657 2585 την
686 2504 835 2584 μεγίστην
865 2504 942 2579 παρ’
968 2501 1159 2580 Αίγνττιοις
1187 2498 1295 2585 ἑορτήν
1316 2501 1386 2563 ἑνε-

290 2590 455 2669 οτηκίναι,
478 2584 557 2649 κατά
585 2582 706 2666 τροπάς
730 2588 791 2665 μὲν
815 2580 945 2663 θερινάς
964 2584 1110 2666 μάλιστα,
1132 2586 1187 2647 καί
1205 2578 1255 2647 ὅτε
1276 2580 1381 2666 α’ρχην

290 2667 346 2748 τῆς
367 2665 568 2749 αάξησεωςά
596 2662 736 2744 ποταμὸς
757 2665 966 2744 ἐπιλαμβάνει
996 2668 1194 2751 τελουμένην,
1215 2661 1296 2748 άττὲρ
1319 2661 1385 2729 τιά-

291 2771 352 2821 σος
372 2752 409 2812 δὲ
434 2746 492 2824 τάς
513 2740 610 2822 ἄλλος
631 2748 711 2828 ττράς
728 2748 915 2829 Αἰγυπτίων
937 2748 1195 2833 σουυὸαζομὲνην
1214 2750 1256 2811 δι’
1277 2750 1385 2812 αἰτίαν

293 2826 430 2895 τοιάνδε.
480 2835 591 2895 etenim
618 2832 839 2917 quodammodo
861 2834 1033 2907 acciderat,
1054 2846 1086 2893 ut
1105 2846 1173 2895 tunc
1192 2854 1307 2919 quoquae
1324 2833 1386 2894 Ni·

291 2916 352 2991 toa,
379 2915 550 2975 mariniani
570 2916 654 2997 σριιιί
674 2919 847 3001 Aegyptios
860 2916 979 2991 fictum
1005 2915 1145 2977 instaret.-
1165 2916 1247 3001 quaed
1263 2916 1386 3000 ριάάειη

192 3013 197 3023 ·
292 2998 375 3057 circa
394 2998 552 3059 solstitium
565 3000 715 3060 aestivum
736 3000 881 3073 maxime,
901 3012 934 3059 et
949 2991 1073 3081 picando
1092 3000 1213 3061 initium
1234 2998 1387 3059 uescendi

279 3075 403 3162 sisoius
422 3082 526 3165 capit,
550 3082 735 3155 celebratur,
764 3102 801 3141 ac
823 3082 857 3141 tn
887 3099 1004 3141 sumnia
1024 3081 1136 3143 honore
1149 3103 1228 3165 prae
1247 3082 1386 3144 omnibus

291 3163 430 3237 liabetur,
447 3178 576 3247 propter
591 3164 794 3225 Ινάιιτσιτιιοάί
806 3182 949 3223 causant:
973 3183 1065 3245 quum
1078 3162 1192 3226 ibidem
1204 3165 1302 3228 refert
1320 3184 1386 3227 esse

291 3244 609 3396 §gilidpplpplpptionem
641 3255 727 3309 certa
749 3254 879 3307 naturae
907 3244 974 3329 lege
1000 3252 1099 3309 tetam
1118 3250 1294 3335 Aegyptum
1313 3248 1384 3309 foe-

374 3444 455 3507 Ibid.
475 3440 526 3507 14.
569 3440 624 3506 καί
644 3444 689 3529 soi
710 3444 870 3590 ἕρχομένΐ
883 3440 1000 3531 χρόνῳ]
1022 3467 1085 3531 quo
1105 3444 1383 3509 llreodosius‘im.

290 3528 372 3609 perii
396 3550 492 3589 nnnm
513 3537 546 3589 et
568 3529 697 3611 triginta
717 3551 846 3593 numera
869 3539 901 3591 at
922 3552 1027 3609 annos,
1049 3530 1057 3591 i
1082 3550 1116 3593 so
1139 3529 1293 3591 decimum
1314 3548 1383 3591 sex-

291 3620 358 3671 tum
385 3621 418 3672 et
445 3613 559 3673 Fausto
591 3632 669 3674 coss.
691 3622 790 3694 prout
812 3613 949 3674 Socratis
979 3613 1033 3677 lib.
1055 3552 1166 3697 icap.
1188 3606 1232 3676 44
1252 3621 1284 3675 ol
1299 3611 1386 3674 Pro-

291 3695 374 3777 speri
397 3692 507 3757 calculi
527 3696 651 3755 auctori
675 3694 848 3757 concordes
872 3695 1017 3759 reddunt.

372 3818 454 3881 Ιίιίά.
477 3811 532 3878 διά
554 3812 597 3897 ty'
612 3816 701 3895 ε’τάν]
727 3818 808 3879 obiit
824 3819 943 3903 quippe
960 3819 1195 3904 chrysostomus
1216 3842 1232 3880 a
1253 3816 1386 3881 conditu

292 3902 400 3961 muudi
419 3921 470 3962 on.
492 3897 584 3981 5894,
607 3902 667 3961 ΟΡ.
690 3922 766 3962 vero
789 3903 902 3963 relatus
926 3912 971 3964 est
993 3922 1074 3963 anno
1096 3900 1176 3965 5931
1200 3910 1231 3963 et
1250 3898 1386 3963 secondo

292 3983 404 4045 deinde
424 4005 505 4045 anno
535 3983 675 4068 partium
704 3985 768 4045 eins
794 3987 922 4047 asseclae
952 3987 1097 4047 ecclesiae
1117 4008 1151 4048 ex
1175 3986 1297 4067 integro
1332 4002 1388 4045 re-

291 4067 408 4126 vincti:
446 4066 584 4151 illudque
609 4077 655 4129 est
685 4068 772 4149 qnod
807 4069 952 4129 Socrates
989 4090 1092 4151 nuper
1124 4069 1277 4130 adductus
1306 4066 1387 4127 scri-

292 4150 364 4228 psit.
403 4145 549 4231 Ἰωάννης
569 4149 613 4231 τῷ
633 4148 804 4236 τριακοστῷ
824 4150 952 4237 τιέμτιτρι
973 4146 1037 4229 ἔτει
1051 4146 1131 4227 μετά
1154 4146 1212 4231 την
1231 4146 1387 4226 τελευτήν,

291 4230 338 4307 εἰς
356 4232 518 4297 κοινωνίαν
538 4224 600 4297 o‘ui
624 4228 776 4315 Πρόκλου
809 4232 938 4316 ἐδέχθη.
964 4232 1094 4297 Icauna
1112 4234 1262 4297 ιιίετιίαιο
1281 4234 1385 4319 ηιάιιιο
