<?xml version="1.0" encoding="UTF-8"?>
<!DOCTYPE html PUBLIC "-//W3C//DTD XHTML 1.0 Transitional//EN"
    "http://www.w3.org/TR/xhtml1/DTD/xhtml1-transitional.dtd">
<html xmlns="http://www.w3.org/1999/xhtml" xml:lang="en" lang="en">
 <head>
  <title>
</title>
<meta http-equiv="Content-Type" content="text/html;charset=utf-8" />
  <meta name='ocr-system' content='tesseract 3.04.00' />
  <meta name='ocr-capabilities' content='ocr_page ocr_carea ocr_par ocr_line ocrx_word'/>
</head>
<body>
  <div class='ocr_page' id='page_1' title='image "./corpusscriptoru34theogoog_0332.png"; bbox 0 0 3050 4900; ppageno 0'>
   <div class='ocr_carea' id='block_1_1' title="bbox 607 397 1213 465">
    <p class='ocr_par' dir='ltr' id='par_1_1' title="bbox 607 397 1213 465">
     <span class='ocr_line' id='line_1_1' title="bbox 607 397 1213 465; baseline 0.005 -4"><span class='ocrx_word' id='word_1_1' title='bbox 607 397 755 462; x_wconf 79' lang='lat' dir='ltr'><strong>NOTAE.</strong></span> <span class='ocrx_word' id='word_1_2' title='bbox 1140 399 1213 465; x_wconf 61' lang='lat'>323</span> 
     </span>
    </p>
   </div>
   <div class='ocr_carea' id='block_1_2' title="bbox 128 579 1217 755">
    <p class='ocr_par' dir='ltr' id='par_1_2' title="bbox 128 579 1217 755">
     <span class='ocr_line' id='line_1_2' title="bbox 209 579 1217 672; baseline 0.007 -29"><span class='ocrx_word' id='word_1_3' title='bbox 209 581 260 661; x_wconf 80' lang='grc'>31,</span> <span class='ocrx_word' id='word_1_4' title='bbox 284 581 333 645; x_wconf 82' lang='grc'>13.</span> <span class='ocrx_word' id='word_1_5' title='bbox 377 579 628 664; x_wconf 58' lang='lat' dir='ltr'>stanpensem]</span> <span class='ocrx_word' id='word_1_6' title='bbox 649 585 731 646; x_wconf 85' lang='lat' dir='ltr'>idem</span> <span class='ocrx_word' id='word_1_7' title='bbox 753 589 783 646; x_wconf 93' lang='lat' dir='ltr'>iu</span> <span class='ocrx_word' id='word_1_8' title='bbox 804 607 871 672; x_wconf 87' lang='lat' dir='ltr'>cap.</span> <span class='ocrx_word' id='word_1_9' title='bbox 891 583 911 650; x_wconf 80' lang='grc'>9</span> <span class='ocrx_word' id='word_1_10' title='bbox 930 585 1068 648; x_wconf 84' lang='lat' dir='ltr'>Gelasius</span> <span class='ocrx_word' id='word_1_11' title='bbox 1091 608 1217 671; x_wconf 85' lang='lat' dir='ltr'>qnoque</span> 
     </span>
     <span class='ocr_line' id='line_1_3' title="bbox 128 665 1175 755; baseline 0.001 -26"><span class='ocrx_word' id='word_1_12' title='bbox 128 671 298 755; x_wconf 77' lang='lat' dir='ltr'>Cyzicenus</span> <span class='ocrx_word' id='word_1_13' title='bbox 319 675 406 728; x_wconf 83' lang='lat' dir='ltr'>turno</span> <span class='ocrx_word' id='word_1_14' title='bbox 431 668 450 727; x_wconf 78' lang='lat'>‘2</span> <span class='ocrx_word' id='word_1_15' title='bbox 471 688 558 728; x_wconf 78' lang='lat' dir='ltr'>cotie.</span> <span class='ocrx_word' id='word_1_16' title='bbox 581 669 703 728; x_wconf 89' lang='lat' dir='ltr'>Parisiis</span> <span class='ocrx_word' id='word_1_17' title='bbox 734 691 816 731; x_wconf 89' lang='lat' dir='ltr'>anno</span> <span class='ocrx_word' id='word_1_18' title='bbox 842 665 923 730; x_wconf 82' lang='lat'>1636</span> <span class='ocrx_word' id='word_1_19' title='bbox 947 670 1175 752; x_wconf 83' lang='lat' dir='ltr'>impressorum.</span> 
     </span>
    </p>
   </div>
   <div class='ocr_carea' id='block_1_3' title="bbox 126 777 1221 2202">
    <p class='ocr_par' dir='ltr' id='par_1_3' title="bbox 126 777 1221 2202">
     <span class='ocr_line' id='line_1_4' title="bbox 210 777 1217 869; baseline 0.001 -23"><span class='ocrx_word' id='word_1_20' title='bbox 210 783 292 846; x_wconf 82' lang='lat' dir='ltr'>Ibid.</span> <span class='ocrx_word' id='word_1_21' title='bbox 317 784 364 850; x_wconf 79' lang='lat'>15,</span> <span class='ocrx_word' id='word_1_22' title='bbox 423 784 568 861; x_wconf 75' lang='grc' dir='ltr'><em>Κρίσπος</em></span> <span class='ocrx_word' id='word_1_23' title='bbox 598 777 707 855; x_wconf 77' lang='grc' dir='ltr'><strong><em>ὅσὶὀς</em></strong></span> <span class='ocrx_word' id='word_1_24' title='bbox 734 785 792 846; x_wconf 74' lang='lat' dir='ltr'>sesi</span> <span class='ocrx_word' id='word_1_25' title='bbox 812 783 982 869; x_wconf 78' lang='grc' dir='ltr'><strong><em>βασιλέως]</em></strong></span> <span class='ocrx_word' id='word_1_26' title='bbox 1008 785 1217 847; x_wconf 77' lang='lat' dir='ltr'>vicennalibus</span> 
     </span>
     <span class='ocr_line' id='line_1_5' title="bbox 127 867 1217 948; baseline -0.006 -18"><span class='ocrx_word' id='word_1_27' title='bbox 127 868 323 932; x_wconf 75' lang='lat' dir='ltr'>Constantini</span> <span class='ocrx_word' id='word_1_28' title='bbox 346 869 442 948; x_wconf 88' lang='lat' dir='ltr'>patris</span> <span class='ocrx_word' id='word_1_29' title='bbox 476 868 620 948; x_wconf 82' lang='lat' dir='ltr'>Crispum</span> <span class='ocrx_word' id='word_1_30' title='bbox 650 867 760 929; x_wconf 87' lang='lat' dir='ltr'>obiisse</span> <span class='ocrx_word' id='word_1_31' title='bbox 783 869 948 930; x_wconf 81' lang='lat' dir='ltr'>corsiirmat</span> <span class='ocrx_word' id='word_1_32' title='bbox 981 891 1016 932; x_wconf 81' lang='lat' dir='ltr'>ex</span> <span class='ocrx_word' id='word_1_33' title='bbox 1037 869 1137 932; x_wconf 84' lang='lat' dir='ltr'>idatio</span> <span class='ocrx_word' id='word_1_34' title='bbox 1159 869 1217 930; x_wconf 86' lang='lat' dir='ltr'>Pe.</span> 
     </span>
     <span class='ocr_line' id='line_1_6' title="bbox 128 945 1217 1034; baseline -0.002 -20"><span class='ocrx_word' id='word_1_35' title='bbox 128 954 228 1014; x_wconf 78' lang='lat' dir='ltr'>tarius</span> <span class='ocrx_word' id='word_1_36' title='bbox 250 951 303 1011; x_wconf 85' lang='lat' dir='ltr'>iih.</span> <span class='ocrx_word' id='word_1_37' title='bbox 319 950 353 1010; x_wconf 87' lang='lat' dir='ltr'>tt</span> <span class='ocrx_word' id='word_1_38' title='bbox 379 950 417 1013; x_wconf 88' lang='lat' dir='ltr'>de</span> <span class='ocrx_word' id='word_1_39' title='bbox 438 950 522 1011; x_wconf 87' lang='lat' dir='ltr'>doct.</span> <span class='ocrx_word' id='word_1_40' title='bbox 545 959 641 1032; x_wconf 86' lang='lat' dir='ltr'>temp.</span> <span class='ocrx_word' id='word_1_41' title='bbox 665 971 731 1032; x_wconf 88' lang='lat' dir='ltr'>cap.</span> <span class='ocrx_word' id='word_1_42' title='bbox 747 945 799 1012; x_wconf 80' lang='lat'>41.</span> <span class='ocrx_word' id='word_1_43' title='bbox 841 973 955 1013; x_wconf 83' lang='lat' dir='ltr'>annum</span> <span class='ocrx_word' id='word_1_44' title='bbox 977 953 1108 1014; x_wconf 89' lang='lat' dir='ltr'>eundem</span> <span class='ocrx_word' id='word_1_45' title='bbox 1130 954 1217 1034; x_wconf 86' lang='lat' dir='ltr'>prius</span> 
     </span>
     <span class='ocr_line' id='line_1_7' title="bbox 127 1033 1216 1118; baseline -0.003 -22"><span class='ocrx_word' id='word_1_46' title='bbox 127 1044 237 1117; x_wconf 83' lang='lat' dir='ltr'>aperte</span> <span class='ocrx_word' id='word_1_47' title='bbox 258 1035 423 1117; x_wconf 78' lang='lat' dir='ltr'>scripserat</span> <span class='ocrx_word' id='word_1_48' title='bbox 443 1036 631 1096; x_wconf 76' lang='lat' dir='ltr'><strong>sozomenus</strong></span> <span class='ocrx_word' id='word_1_49' title='bbox 651 1034 705 1099; x_wconf 84' lang='lat' dir='ltr'>tib.</span> <span class='ocrx_word' id='word_1_50' title='bbox 729 1037 746 1096; x_wconf 91' lang='lat' dir='ltr'>l</span> <span class='ocrx_word' id='word_1_51' title='bbox 770 1055 840 1116; x_wconf 87' lang='lat' dir='ltr'>cap.</span> <span class='ocrx_word' id='word_1_52' title='bbox 860 1035 891 1096; x_wconf 81' lang='lat'>5.</span> <span class='ocrx_word' id='word_1_53' title='bbox 937 1056 993 1096; x_wconf 83' lang='lat' dir='ltr'>vor</span> <span class='ocrx_word' id='word_1_54' title='bbox 1016 1056 1115 1118; x_wconf 89' lang='lat' dir='ltr'>porro</span> <span class='ocrx_word' id='word_1_55' title='bbox 1137 1033 1216 1097; x_wconf 81' lang='grc' dir='ltr'><strong><em>ἐκσι-</em></strong></span> 
     </span>
     <span class='ocr_line' id='line_1_8' title="bbox 127 1112 1216 1200; baseline 0.001 -23"><span class='ocrx_word' id='word_1_56' title='bbox 127 1112 226 1197; x_wconf 72' lang='grc' dir='ltr'>μὴθη,</span> <span class='ocrx_word' id='word_1_57' title='bbox 249 1118 332 1178; x_wconf 83' lang='lat' dir='ltr'>nulia</span> <span class='ocrx_word' id='word_1_58' title='bbox 356 1119 386 1175; x_wconf 86' lang='lat' dir='ltr'>vi</span> <span class='ocrx_word' id='word_1_59' title='bbox 402 1118 562 1188; x_wconf 88' lang='lat' dir='ltr'>recensita,</span> <span class='ocrx_word' id='word_1_60' title='bbox 587 1125 721 1178; x_wconf 89' lang='lat' dir='ltr'>mortem</span> <span class='ocrx_word' id='word_1_61' title='bbox 736 1118 906 1200; x_wconf 88' lang='lat' dir='ltr'>opperiisse</span> <span class='ocrx_word' id='word_1_62' title='bbox 928 1120 1040 1200; x_wconf 82' lang='lat' dir='ltr'>arguit.</span> <span class='ocrx_word' id='word_1_63' title='bbox 1084 1118 1216 1180; x_wconf 87' lang='lat' dir='ltr'>alienum</span> 
     </span>
     <span class='ocr_line' id='line_1_9' title="bbox 128 1201 1217 1284; baseline 0.003 -23"><span class='ocrx_word' id='word_1_64' title='bbox 128 1201 282 1284; x_wconf 86' lang='lat' dir='ltr'>siquidem</span> <span class='ocrx_word' id='word_1_65' title='bbox 298 1222 315 1260; x_wconf 87' lang='lat' dir='ltr'>a</span> <span class='ocrx_word' id='word_1_66' title='bbox 334 1202 465 1262; x_wconf 90' lang='lat' dir='ltr'>crimine</span> <span class='ocrx_word' id='word_1_67' title='bbox 481 1201 717 1261; x_wconf 86' lang='lat' dir='ltr'>Constantinum</span> <span class='ocrx_word' id='word_1_68' title='bbox 733 1201 901 1280; x_wconf 82' lang='lat' dir='ltr'>declarare,</span> <span class='ocrx_word' id='word_1_69' title='bbox 922 1202 984 1262; x_wconf 89' lang='lat' dir='ltr'>imo</span> <span class='ocrx_word' id='word_1_70' title='bbox 999 1202 1108 1284; x_wconf 82' lang='lat' dir='ltr'>pietati</span> <span class='ocrx_word' id='word_1_71' title='bbox 1146 1224 1217 1264; x_wconf 83' lang='lat' dir='ltr'>uam</span> 
     </span>
     <span class='ocr_line' id='line_1_10' title="bbox 127 1283 1218 1365; baseline 0.001 -20"><span class='ocrx_word' id='word_1_72' title='bbox 127 1285 348 1346; x_wconf 76' lang='lat' dir='ltr'>studiosissime</span> <span class='ocrx_word' id='word_1_73' title='bbox 368 1285 525 1345; x_wconf 87' lang='lat' dir='ltr'>addictum</span> <span class='ocrx_word' id='word_1_74' title='bbox 539 1283 697 1345; x_wconf 83' lang='lat' dir='ltr'>celebrere</span> <span class='ocrx_word' id='word_1_75' title='bbox 717 1304 778 1365; x_wconf 88' lang='lat' dir='ltr'>pro</span> <span class='ocrx_word' id='word_1_76' title='bbox 802 1286 917 1346; x_wconf 87' lang='lat' dir='ltr'>viribus</span> <span class='ocrx_word' id='word_1_77' title='bbox 938 1285 1136 1347; x_wconf 85' lang='lat' dir='ltr'>contenditT</span> <span class='ocrx_word' id='word_1_78' title='bbox 1159 1307 1218 1346; x_wconf 88' lang='lat' dir='ltr'>co·</span> 
     </span>
     <span class='ocr_line' id='line_1_11' title="bbox 126 1367 1217 1451; baseline 0.005 -26"><span class='ocrx_word' id='word_1_79' title='bbox 126 1368 263 1449; x_wconf 77' lang='lat' dir='ltr'>pisanas:</span> <span class='ocrx_word' id='word_1_80' title='bbox 291 1389 328 1428; x_wconf 86' lang='lat' dir='ltr'>ac</span> <span class='ocrx_word' id='word_1_81' title='bbox 359 1389 397 1428; x_wconf 92' lang='lat' dir='ltr'>ne</span> <span class='ocrx_word' id='word_1_82' title='bbox 427 1368 495 1451; x_wconf 88' lang='lat' dir='ltr'>quis</span> <span class='ocrx_word' id='word_1_83' title='bbox 525 1368 626 1449; x_wconf 80' lang='lat' dir='ltr'>Crispi</span> <span class='ocrx_word' id='word_1_84' title='bbox 665 1367 811 1448; x_wconf 83' lang='lat' dir='ltr'>sangnine</span> <span class='ocrx_word' id='word_1_85' title='bbox 833 1376 1077 1429; x_wconf 86' lang='lat' dir='ltr'>contaminatum</span> <span class='ocrx_word' id='word_1_86' title='bbox 1097 1367 1217 1448; x_wconf 85' lang='lat' dir='ltr'>credat,</span> 
     </span>
     <span class='ocr_line' id='line_1_12' title="bbox 127 1451 1218 1534; baseline 0.001 -24"><span class='ocrx_word' id='word_1_87' title='bbox 127 1451 272 1532; x_wconf 75' lang='lat' dir='ltr'>Crispum</span> <span class='ocrx_word' id='word_1_88' title='bbox 294 1451 432 1532; x_wconf 83' lang='lat' dir='ltr'>legitimo</span> <span class='ocrx_word' id='word_1_89' title='bbox 453 1451 599 1534; x_wconf 83' lang='lat' dir='ltr'>coniugio</span> <span class='ocrx_word' id='word_1_90' title='bbox 633 1456 837 1532; x_wconf 85' lang='lat' dir='ltr'>procreatum</span> <span class='ocrx_word' id='word_1_91' title='bbox 864 1451 984 1513; x_wconf 85' lang='lat' dir='ltr'>inducit</span> <span class='ocrx_word' id='word_1_92' title='bbox 1004 1451 1218 1534; x_wconf 77' lang='lat' dir='ltr'>Theophanes,</span> 
     </span>
     <span class='ocr_line' id='line_1_13' title="bbox 129 1533 1219 1618; baseline -0.001 -23"><span class='ocrx_word' id='word_1_93' title='bbox 129 1541 161 1595; x_wconf 85' lang='lat' dir='ltr'>et</span> <span class='ocrx_word' id='word_1_94' title='bbox 182 1535 247 1596; x_wconf 89' lang='lat' dir='ltr'>eius</span> <span class='ocrx_word' id='word_1_95' title='bbox 267 1535 403 1596; x_wconf 84' lang='lat' dir='ltr'>mulieris</span> <span class='ocrx_word' id='word_1_96' title='bbox 423 1535 530 1612; x_wconf 81' lang='lat' dir='ltr'>fliium,</span> <span class='ocrx_word' id='word_1_97' title='bbox 551 1555 645 1618; x_wconf 86' lang='lat' dir='ltr'>quam</span> <span class='ocrx_word' id='word_1_98' title='bbox 669 1533 783 1595; x_wconf 83' lang='lat' dir='ltr'>caeteri</span> <span class='ocrx_word' id='word_1_99' title='bbox 812 1535 950 1597; x_wconf 86' lang='lat' dir='ltr'>historici</span> <span class='ocrx_word' id='word_1_100' title='bbox 972 1533 1167 1596; x_wconf 82' lang='lat' dir='ltr'>libidinosam</span> <span class='ocrx_word' id='word_1_101' title='bbox 1187 1541 1219 1596; x_wconf 83' lang='lat' dir='ltr'>et</span> 
     </span>
     <span class='ocr_line' id='line_1_14' title="bbox 127 1617 1216 1701; baseline -0.001 -23"><span class='ocrx_word' id='word_1_102' title='bbox 127 1618 283 1680; x_wconf 76' lang='lat' dir='ltr'>furentem</span> <span class='ocrx_word' id='word_1_103' title='bbox 305 1619 336 1677; x_wconf 90' lang='lat' dir='ltr'>in</span> <span class='ocrx_word' id='word_1_104' title='bbox 355 1619 536 1701; x_wconf 82' lang='lat' dir='ltr'>&#39;privignum</span> <span class='ocrx_word' id='word_1_105' title='bbox 559 1634 725 1679; x_wconf 74' lang='lat' dir='ltr'>novercam</span> <span class='ocrx_word' id='word_1_106' title='bbox 748 1619 877 1700; x_wconf 83' lang='lat' dir='ltr'>fingunt.</span> <span class='ocrx_word' id='word_1_107' title='bbox 902 1631 936 1680; x_wconf 89' lang='lat' dir='ltr'>ut</span> <span class='ocrx_word' id='word_1_108' title='bbox 957 1629 992 1680; x_wconf 89' lang='lat' dir='ltr'>ut</span> <span class='ocrx_word' id='word_1_109' title='bbox 1010 1641 1040 1680; x_wconf 88' lang='lat' dir='ltr'>se</span> <span class='ocrx_word' id='word_1_110' title='bbox 1062 1617 1216 1694; x_wconf 87' lang='lat' dir='ltr'>hahuerit,</span> 
     </span>
     <span class='ocr_line' id='line_1_15' title="bbox 127 1698 1218 1783; baseline -0.004 -23"><span class='ocrx_word' id='word_1_111' title='bbox 127 1710 260 1762; x_wconf 85' lang='lat' dir='ltr'>matrem</span> <span class='ocrx_word' id='word_1_112' title='bbox 280 1698 330 1760; x_wconf 83' lang='lat' dir='ltr'>rel</span> <span class='ocrx_word' id='word_1_113' title='bbox 352 1720 541 1779; x_wconf 81' lang='lat' dir='ltr'>novercam,</span> <span class='ocrx_word' id='word_1_114' title='bbox 571 1719 684 1762; x_wconf 83' lang='lat' dir='ltr'>aneae</span> <span class='ocrx_word' id='word_1_115' title='bbox 704 1702 815 1783; x_wconf 91' lang='lat' dir='ltr'>Crispo</span> <span class='ocrx_word' id='word_1_116' title='bbox 844 1702 926 1762; x_wconf 87' lang='lat' dir='ltr'>iiista</span> <span class='ocrx_word' id='word_1_117' title='bbox 947 1723 1002 1762; x_wconf 87' lang='lat' dir='ltr'>suo</span> <span class='ocrx_word' id='word_1_118' title='bbox 1024 1700 1145 1762; x_wconf 85' lang='lat' dir='ltr'>silentio</span> <span class='ocrx_word' id='word_1_119' title='bbox 1168 1701 1218 1760; x_wconf 86' lang='lat' dir='ltr'>in.</span> 
     </span>
     <span class='ocr_line' id='line_1_16' title="bbox 131 1781 1217 1860; baseline 0.001 -17"><span class='ocrx_word' id='word_1_120' title='bbox 131 1784 254 1845; x_wconf 83' lang='lat' dir='ltr'>noxiam</span> <span class='ocrx_word' id='word_1_121' title='bbox 276 1783 500 1845; x_wconf 83' lang='lat' dir='ltr'>demonstravit</span> <span class='ocrx_word' id='word_1_122' title='bbox 530 1791 642 1845; x_wconf 88' lang='lat' dir='ltr'>auctor</span> <span class='ocrx_word' id='word_1_123' title='bbox 668 1785 750 1845; x_wconf 85' lang='lat' dir='ltr'>vitae</span> <span class='ocrx_word' id='word_1_124' title='bbox 777 1781 981 1860; x_wconf 75' lang='lat' dir='ltr'>Constantini,</span> <span class='ocrx_word' id='word_1_125' title='bbox 1005 1793 1036 1846; x_wconf 87' lang='lat' dir='ltr'>et</span> <span class='ocrx_word' id='word_1_126' title='bbox 1057 1785 1217 1846; x_wconf 78' lang='lat' dir='ltr'>Socrates:</span> 
     </span>
     <span class='ocr_line' id='line_1_17' title="bbox 130 1866 1218 1951; baseline 0.001 -25"><span class='ocrx_word' id='word_1_127' title='bbox 130 1866 276 1928; x_wconf 82' lang='lat' dir='ltr'>invidiam</span> <span class='ocrx_word' id='word_1_128' title='bbox 306 1868 429 1949; x_wconf 85' lang='lat' dir='ltr'>pariter</span> <span class='ocrx_word' id='word_1_129' title='bbox 462 1887 586 1928; x_wconf 85' lang='lat' dir='ltr'>omnem</span> <span class='ocrx_word' id='word_1_130' title='bbox 614 1866 857 1929; x_wconf 84' lang='lat' dir='ltr'>aConstautiuo</span> <span class='ocrx_word' id='word_1_131' title='bbox 890 1866 1009 1951; x_wconf 84' lang='lat' dir='ltr'>depulit</span> <span class='ocrx_word' id='word_1_132' title='bbox 1031 1869 1218 1930; x_wconf 81' lang='lat' dir='ltr'>Sosomenus</span> 
     </span>
     <span class='ocr_line' id='line_1_18' title="bbox 128 1943 1218 2034; baseline 0.001 -24"><span class='ocrx_word' id='word_1_133' title='bbox 128 1949 184 2014; x_wconf 82' lang='lat' dir='ltr'>lib.</span> <span class='ocrx_word' id='word_1_134' title='bbox 204 1954 217 2011; x_wconf 91' lang='lat'>1</span> <span class='ocrx_word' id='word_1_135' title='bbox 242 1971 312 2032; x_wconf 90' lang='lat' dir='ltr'>cap.</span> <span class='ocrx_word' id='word_1_136' title='bbox 324 1951 354 2028; x_wconf 82' lang='lat'>5,</span> <span class='ocrx_word' id='word_1_137' title='bbox 378 1962 486 2032; x_wconf 88' lang='lat' dir='ltr'>aperte</span> <span class='ocrx_word' id='word_1_138' title='bbox 506 1951 644 2012; x_wconf 84' lang='lat' dir='ltr'>defendit</span> <span class='ocrx_word' id='word_1_139' title='bbox 654 1951 808 2033; x_wconf 84' lang='lat' dir='ltr'>Euagrius</span> <span class='ocrx_word' id='word_1_140' title='bbox 830 1951 915 2014; x_wconf 84' lang='lat' dir='ltr'>lib.3</span> <span class='ocrx_word' id='word_1_141' title='bbox 936 1943 1064 2034; x_wconf 71' lang='lat' dir='ltr'>capit,</span> <span class='ocrx_word' id='word_1_142' title='bbox 1081 1962 1218 2034; x_wconf 78' lang='lat' dir='ltr'>quorun&#39;a</span> 
     </span>
     <span class='ocr_line' id='line_1_19' title="bbox 129 2031 1221 2117; baseline 0.004 -24"><span class='ocrx_word' id='word_1_143' title='bbox 129 2035 349 2095; x_wconf 84' lang='lat' dir='ltr'>auctoritatem</span> <span class='ocrx_word' id='word_1_144' title='bbox 370 2033 452 2095; x_wconf 89' lang='lat' dir='ltr'>hand</span> <span class='ocrx_word' id='word_1_145' title='bbox 472 2043 589 2096; x_wconf 88' lang='lat' dir='ltr'>temere</span> <span class='ocrx_word' id='word_1_146' title='bbox 601 2031 806 2116; x_wconf 86' lang='lat' dir='ltr'>Theophanes</span> <span class='ocrx_word' id='word_1_147' title='bbox 828 2035 964 2117; x_wconf 85' lang='lat' dir='ltr'>excepit,</span> <span class='ocrx_word' id='word_1_148' title='bbox 985 2043 1016 2095; x_wconf 88' lang='lat' dir='ltr'>et</span> <span class='ocrx_word' id='word_1_149' title='bbox 1038 2033 1145 2096; x_wconf 80' lang='lat' dir='ltr'>exinde</span> <span class='ocrx_word' id='word_1_150' title='bbox 1159 2034 1221 2097; x_wconf 84' lang='lat' dir='ltr'>Ce-</span> 
     </span>
     <span class='ocr_line' id='line_1_20' title="bbox 127 2116 1028 2202; baseline -0.003 -23"><span class='ocrx_word' id='word_1_151' title='bbox 127 2116 240 2179; x_wconf 83' lang='lat' dir='ltr'>dreuus</span> <span class='ocrx_word' id='word_1_152' title='bbox 262 2128 294 2179; x_wconf 91' lang='lat' dir='ltr'>et</span> <span class='ocrx_word' id='word_1_153' title='bbox 314 2117 509 2200; x_wconf 85' lang='lat' dir='ltr'>Nicephorus</span> <span class='ocrx_word' id='word_1_154' title='bbox 533 2126 680 2201; x_wconf 88' lang='lat' dir='ltr'>sequutus</span> <span class='ocrx_word' id='word_1_155' title='bbox 701 2127 746 2178; x_wconf 88' lang='lat' dir='ltr'>est</span> <span class='ocrx_word' id='word_1_156' title='bbox 771 2119 822 2180; x_wconf 87' lang='lat' dir='ltr'>iib.</span> <span class='ocrx_word' id='word_1_157' title='bbox 845 2119 954 2202; x_wconf 70' lang='lat' dir='ltr'>icap.</span> <span class='ocrx_word' id='word_1_158' title='bbox 977 2117 1028 2178; x_wconf 78' lang='lat'>35.</span> 
     </span>
    </p>
   </div>
   <div class='ocr_carea' id='block_1_4' title="bbox 35 2233 1220 4321">
    <p class='ocr_par' dir='ltr' id='par_1_4' title="bbox 35 2233 1220 4321">
     <span class='ocr_line' id='line_1_21' title="bbox 209 2233 1218 2324; baseline 0.004 -26"><span class='ocrx_word' id='word_1_159' title='bbox 209 2239 288 2300; x_wconf 83' lang='lat' dir='ltr'>Ibid.</span> <span class='ocrx_word' id='word_1_160' title='bbox 312 2237 359 2301; x_wconf 82' lang='lat'>16.</span> <span class='ocrx_word' id='word_1_161' title='bbox 381 2235 437 2302; x_wconf 82' lang='lat' dir='ltr'>aui</span> <span class='ocrx_word' id='word_1_162' title='bbox 456 2233 573 2320; x_wconf 77' lang='grc' dir='ltr'><strong><em>ἤρξατο</em></strong></span> <span class='ocrx_word' id='word_1_163' title='bbox 589 2238 753 2316; x_wconf 68' lang='lat' dir='ltr'>mitaneas</span> <span class='ocrx_word' id='word_1_164' title='bbox 773 2238 809 2302; x_wconf 83' lang='grc' dir='ltr'>τὸ</span> <span class='ocrx_word' id='word_1_165' title='bbox 833 2237 1020 2316; x_wconf 76' lang='grc' dir='ltr'>Βυζάντιον]</span> <span class='ocrx_word' id='word_1_166' title='bbox 1049 2237 1133 2324; x_wconf 89' lang='lat' dir='ltr'>quod</span> <span class='ocrx_word' id='word_1_167' title='bbox 1156 2262 1218 2302; x_wconf 78' lang='lat' dir='ltr'>raon</span> 
     </span>
     <span class='ocr_line' id='line_1_22' title="bbox 127 2319 1217 2408; baseline -0.002 -28"><span class='ocrx_word' id='word_1_168' title='bbox 127 2319 306 2384; x_wconf 79' lang='lat' dir='ltr'>advertitur</span> <span class='ocrx_word' id='word_1_169' title='bbox 327 2324 442 2400; x_wconf 75' lang='lat' dir='ltr'>facile,</span> <span class='ocrx_word' id='word_1_170' title='bbox 467 2326 631 2386; x_wconf 86' lang='lat' dir='ltr'>discrimen</span> <span class='ocrx_word' id='word_1_171' title='bbox 653 2325 736 2386; x_wconf 89' lang='lat' dir='ltr'>inter</span> <span class='ocrx_word' id='word_1_172' title='bbox 765 2327 902 2408; x_wconf 66' lang='lat' dir='ltr'>Byzantii</span> <span class='ocrx_word' id='word_1_173' title='bbox 923 2325 1083 2385; x_wconf 87' lang='lat' dir='ltr'>conditum</span> <span class='ocrx_word' id='word_1_174' title='bbox 1106 2334 1137 2384; x_wconf 88' lang='lat' dir='ltr'>et</span> <span class='ocrx_word' id='word_1_175' title='bbox 1160 2343 1217 2384; x_wconf 88' lang='lat' dir='ltr'>en.</span> 
     </span>
     <span class='ocr_line' id='line_1_23' title="bbox 127 2404 1214 2489; baseline 0.001 -24"><span class='ocrx_word' id='word_1_176' title='bbox 127 2404 237 2466; x_wconf 86' lang='lat' dir='ltr'>caenia</span> <span class='ocrx_word' id='word_1_177' title='bbox 264 2406 451 2487; x_wconf 84' lang='lat' dir='ltr'>ponendum.</span> <span class='ocrx_word' id='word_1_178' title='bbox 501 2408 553 2471; x_wconf 88' lang='lat' dir='ltr'>hio</span> <span class='ocrx_word' id='word_1_179' title='bbox 588 2407 627 2471; x_wconf 88' lang='lat' dir='ltr'>de</span> <span class='ocrx_word' id='word_1_180' title='bbox 656 2407 786 2470; x_wconf 84' lang='lat' dir='ltr'>conditu</span> <span class='ocrx_word' id='word_1_181' title='bbox 814 2408 880 2469; x_wconf 89' lang='lat' dir='ltr'>solo</span> <span class='ocrx_word' id='word_1_182' title='bbox 906 2405 1092 2489; x_wconf 79' lang='lat' dir='ltr'>Theophani</span> <span class='ocrx_word' id='word_1_183' title='bbox 1113 2425 1214 2467; x_wconf 87' lang='lat' dir='ltr'>sermo</span> 
     </span>
     <span class='ocr_line' id='line_1_24' title="bbox 126 2490 1215 2572; baseline -0.004 -23"><span class='ocrx_word' id='word_1_184' title='bbox 126 2499 190 2552; x_wconf 82' lang='lat' dir='ltr'>est:</span> <span class='ocrx_word' id='word_1_185' title='bbox 210 2511 301 2572; x_wconf 88' lang='lat' dir='ltr'>quem</span> <span class='ocrx_word' id='word_1_186' title='bbox 323 2492 516 2556; x_wconf 78' lang='lat' dir='ltr'>Constantini</span> <span class='ocrx_word' id='word_1_187' title='bbox 546 2492 753 2553; x_wconf 82' lang='lat' dir='ltr'>vicennalibus</span> <span class='ocrx_word' id='word_1_188' title='bbox 788 2492 891 2572; x_wconf 87' lang='lat' dir='ltr'>primo</span> <span class='ocrx_word' id='word_1_189' title='bbox 928 2498 1079 2567; x_wconf 81' lang='lat' dir='ltr'>tentatum</span> <span class='ocrx_word' id='word_1_190' title='bbox 1099 2490 1215 2549; x_wconf 87' lang='lat' dir='ltr'>Socra.</span> 
     </span>
     <span class='ocr_line' id='line_1_25' title="bbox 123 2568 1217 2657; baseline -0.004 -25"><span class='ocrx_word' id='word_1_191' title='bbox 123 2582 170 2633; x_wconf 79' lang='lat' dir='ltr'>tes</span> <span class='ocrx_word' id='word_1_192' title='bbox 192 2574 581 2657; x_wconf 73' lang='lat' dir='ltr'>usserithb.1cap.12</span> <span class='ocrx_word' id='word_1_193' title='bbox 632 2570 649 2633; x_wconf 81' lang='lat' dir='ltr'>ti</span> <span class='ocrx_word' id='word_1_194' title='bbox 681 2568 832 2651; x_wconf 74' lang='grc' dir='ltr'><strong><em>βασιλεῦς</em></strong></span> <span class='ocrx_word' id='word_1_195' title='bbox 860 2572 1038 2644; x_wconf 78' lang='grc' dir='ltr'><strong><em>ἐπιτελέσας</em></strong></span> <span class='ocrx_word' id='word_1_196' title='bbox 1061 2570 1217 2649; x_wconf 75' lang='grc' dir='ltr'>δημοτελῆ</span> 
     </span>
     <span class='ocr_line' id='line_1_26' title="bbox 125 2648 1217 2751; baseline -0.004 -36"><span class='ocrx_word' id='word_1_197' title='bbox 125 2654 183 2751; x_wconf 62' lang='grc' dir='ltr'>της</span> <span class='ocrx_word' id='word_1_198' title='bbox 201 2654 452 2738; x_wconf 75' lang='grc' dir='ltr'><strong><em>εἰκσσαστηρίδσς</em></strong></span> <span class='ocrx_word' id='word_1_199' title='bbox 473 2654 572 2719; x_wconf 70' lang='grc' dir='ltr'><strong><em>αὐτοῦ</em></strong></span> <span class='ocrx_word' id='word_1_200' title='bbox 581 2648 700 2739; x_wconf 77' lang='grc' dir='ltr'>ἑορτήν,</span> <span class='ocrx_word' id='word_1_201' title='bbox 720 2654 841 2727; x_wconf 69' lang='lat' dir='ltr'>adiice</span> <span class='ocrx_word' id='word_1_202' title='bbox 860 2650 894 2717; x_wconf 83' lang='grc' dir='ltr'>τὸ</span> <span class='ocrx_word' id='word_1_203' title='bbox 908 2654 983 2733; x_wconf 76' lang='grc' dir='ltr'>περὶ</span> <span class='ocrx_word' id='word_1_204' title='bbox 1000 2651 1033 2715; x_wconf 84' lang='grc' dir='ltr'>τὸ</span> <span class='ocrx_word' id='word_1_205' title='bbox 1056 2652 1217 2725; x_wconf 57' lang='lat' dir='ltr'>satiasses</span> 
     </span>
     <span class='ocr_line' id='line_1_27' title="bbox 124 2728 1217 2820; baseline -0.002 -23"><span class='ocrx_word' id='word_1_206' title='bbox 124 2758 184 2807; x_wconf 80' lang='grc' dir='ltr'>τας</span> <span class='ocrx_word' id='word_1_207' title='bbox 202 2736 367 2820; x_wconf 74' lang='grc' dir='ltr'><strong><em>ἐκκλησίας</em></strong></span> <span class='ocrx_word' id='word_1_208' title='bbox 397 2734 601 2814; x_wconf 72' lang='grc' dir='ltr'>ἐσπούδαζεν.</span> <span class='ocrx_word' id='word_1_209' title='bbox 655 2738 755 2800; x_wconf 77' lang='lat' dir='ltr'>inore:</span> <span class='ocrx_word' id='word_1_210' title='bbox 788 2738 823 2799; x_wconf 79' lang='lat' dir='ltr'>di</span> <span class='ocrx_word' id='word_1_211' title='bbox 843 2738 934 2798; x_wconf 77' lang='grc' dir='ltr'><strong><em>τοῦτο</em></strong></span> <span class='ocrx_word' id='word_1_212' title='bbox 949 2737 1023 2817; x_wconf 81' lang='lat' dir='ltr'>napi</span> <span class='ocrx_word' id='word_1_213' title='bbox 1043 2732 1098 2807; x_wconf 79' lang='grc' dir='ltr'>τὰς</span> <span class='ocrx_word' id='word_1_214' title='bbox 1119 2728 1217 2809; x_wconf 71' lang='grc' dir='ltr'><strong><em>ἄλλας</em></strong></span> 
     </span>
     <span class='ocr_line' id='line_1_28' title="bbox 125 2814 1216 2905; baseline 0 -26"><span class='ocrx_word' id='word_1_215' title='bbox 125 2814 242 2901; x_wconf 77' lang='grc' dir='ltr'><strong><em>πόλεις,</em></strong></span> <span class='ocrx_word' id='word_1_216' title='bbox 262 2823 320 2883; x_wconf 81' lang='grc' dir='ltr'><strong><em>καί</em></strong></span> <span class='ocrx_word' id='word_1_217' title='bbox 335 2823 369 2884; x_wconf 80' lang='lat' dir='ltr'>s&#39;u</span> <span class='ocrx_word' id='word_1_218' title='bbox 397 2824 436 2905; x_wconf 80' lang='grc' dir='ltr'>τῇ</span> <span class='ocrx_word' id='word_1_219' title='bbox 456 2814 558 2883; x_wconf 72' lang='grc' dir='ltr'><strong><em>αὐτοῦ</em></strong></span> <span class='ocrx_word' id='word_1_220' title='bbox 580 2818 745 2905; x_wconf 73' lang='grc' dir='ltr'>ἐπωνύμῳ,</span> <span class='ocrx_word' id='word_1_221' title='bbox 767 2816 806 2903; x_wconf 74' lang='grc' dir='ltr'>ἢν</span> <span class='ocrx_word' id='word_1_222' title='bbox 825 2814 1001 2895; x_wconf 77' lang='grc' dir='ltr'><em>Βυζάντιον</em></span> <span class='ocrx_word' id='word_1_223' title='bbox 1021 2820 1216 2897; x_wconf 79' lang='grc' dir='ltr'><strong><em>καλουμένην</em></strong></span> 
     </span>
     <span class='ocr_line' id='line_1_29' title="bbox 125 2895 1220 2989; baseline 0 -26"><span class='ocrx_word' id='word_1_224' title='bbox 125 2895 162 2963; x_wconf 82' lang='lat' dir='ltr'>ri</span> <span class='ocrx_word' id='word_1_225' title='bbox 183 2897 345 2983; x_wconf 78' lang='grc' dir='ltr'><em>πρότερον,</em></span> <span class='ocrx_word' id='word_1_226' title='bbox 368 2896 514 2987; x_wconf 73' lang='grc' dir='ltr'>ηὗξησαι.</span> <span class='ocrx_word' id='word_1_227' title='bbox 554 2908 719 2989; x_wconf 84' lang='lat' dir='ltr'>imperator</span> <span class='ocrx_word' id='word_1_228' title='bbox 736 2906 829 2966; x_wconf 84' lang='lat' dir='ltr'>simul</span> <span class='ocrx_word' id='word_1_229' title='bbox 845 2918 878 2965; x_wconf 86' lang='lat' dir='ltr'>ut</span> <span class='ocrx_word' id='word_1_230' title='bbox 887 2902 1000 2986; x_wconf 72' lang='lat' dir='ltr'>seruam</span> <span class='ocrx_word' id='word_1_231' title='bbox 1019 2905 1148 2965; x_wconf 71' lang='lat' dir='ltr'>sokmne</span> <span class='ocrx_word' id='word_1_232' title='bbox 1171 2902 1220 2963; x_wconf 81' lang='lat' dir='ltr'>ad</span> 
     </span>
     <span class='ocr_line' id='line_1_30' title="bbox 124 2985 1216 3073; baseline 0 -28"><span class='ocrx_word' id='word_1_233' title='bbox 124 2985 297 3049; x_wconf 83' lang='lat' dir='ltr'>vicesimum</span> <span class='ocrx_word' id='word_1_234' title='bbox 318 3010 432 3049; x_wconf 79' lang='lat' dir='ltr'>aunum</span> <span class='ocrx_word' id='word_1_235' title='bbox 451 2990 577 3073; x_wconf 81' lang='lat' dir='ltr'>imperii</span> <span class='ocrx_word' id='word_1_236' title='bbox 606 2989 655 3050; x_wconf 84' lang='lat' dir='ltr'>sui</span> <span class='ocrx_word' id='word_1_237' title='bbox 683 2989 897 3063; x_wconf 82' lang='lat' dir='ltr'>celebraverat,</span> <span class='ocrx_word' id='word_1_238' title='bbox 924 2988 1010 3049; x_wconf 85' lang='lat' dir='ltr'>nulla</span> <span class='ocrx_word' id='word_1_239' title='bbox 1039 2989 1216 3068; x_wconf 83' lang='lat' dir='ltr'>interposita</span> 
     </span>
     <span class='ocr_line' id='line_1_31' title="bbox 123 3068 1215 3144; baseline -0.004 -13"><span class='ocrx_word' id='word_1_240' title='bbox 123 3086 223 3144; x_wconf 83' lang='lat' dir='ltr'>mora,</span> <span class='ocrx_word' id='word_1_241' title='bbox 243 3071 291 3131; x_wconf 84' lang='lat' dir='ltr'>ad</span> <span class='ocrx_word' id='word_1_242' title='bbox 308 3072 446 3131; x_wconf 83' lang='lat' dir='ltr'>eeclesias</span> <span class='ocrx_word' id='word_1_243' title='bbox 474 3072 660 3134; x_wconf 77' lang='lat' dir='ltr'>exuueudos</span> <span class='ocrx_word' id='word_1_244' title='bbox 688 3091 776 3132; x_wconf 82' lang='lat' dir='ltr'>omne</span> <span class='ocrx_word' id='word_1_245' title='bbox 800 3092 887 3135; x_wconf 84' lang='lat' dir='ltr'>suum</span> <span class='ocrx_word' id='word_1_246' title='bbox 918 3068 1051 3132; x_wconf 74' lang='lat' dir='ltr'>sardium</span> <span class='ocrx_word' id='word_1_247' title='bbox 1071 3068 1215 3129; x_wconf 83' lang='lat' dir='ltr'>contulit.-</span> 
     </span>
     <span class='ocr_line' id='line_1_32' title="bbox 121 3151 1216 3235; baseline 0.002 -26"><span class='ocrx_word' id='word_1_248' title='bbox 121 3151 262 3235; x_wconf 79' lang='lat' dir='ltr'>istudque</span> <span class='ocrx_word' id='word_1_249' title='bbox 279 3155 454 3235; x_wconf 83' lang='lat' dir='ltr'>praestitit,</span> <span class='ocrx_word' id='word_1_250' title='bbox 474 3176 542 3215; x_wconf 87' lang='lat' dir='ltr'>cum</span> <span class='ocrx_word' id='word_1_251' title='bbox 573 3158 605 3216; x_wconf 84' lang='lat' dir='ltr'>in</span> <span class='ocrx_word' id='word_1_252' title='bbox 629 3156 703 3215; x_wconf 70' lang='lat' dir='ltr'>aliis</span> <span class='ocrx_word' id='word_1_253' title='bbox 727 3154 864 3229; x_wconf 84' lang='lat' dir='ltr'>urbibus,</span> <span class='ocrx_word' id='word_1_254' title='bbox 894 3166 957 3215; x_wconf 87' lang='lat' dir='ltr'>tum</span> <span class='ocrx_word' id='word_1_255' title='bbox 984 3176 1022 3213; x_wconf 89' lang='lat' dir='ltr'>ea</span> <span class='ocrx_word' id='word_1_256' title='bbox 1040 3154 1093 3212; x_wconf 87' lang='lat' dir='ltr'>cui</span> <span class='ocrx_word' id='word_1_257' title='bbox 1109 3172 1216 3211; x_wconf 70' lang='lat' dir='ltr'>noussen</span> 
     </span>
     <span class='ocr_line' id='line_1_33' title="bbox 123 3234 1215 3321; baseline -0.002 -27"><span class='ocrx_word' id='word_1_258' title='bbox 123 3251 209 3294; x_wconf 72' lang='lat' dir='ltr'>mm</span> <span class='ocrx_word' id='word_1_259' title='bbox 230 3236 433 3320; x_wconf 80' lang='lat' dir='ltr'>imposuerat,</span> <span class='ocrx_word' id='word_1_260' title='bbox 463 3258 556 3320; x_wconf 84' lang='lat' dir='ltr'>quom</span> <span class='ocrx_word' id='word_1_261' title='bbox 571 3236 697 3321; x_wconf 75' lang='lat' dir='ltr'>quidem</span> <span class='ocrx_word' id='word_1_262' title='bbox 720 3238 903 3315; x_wconf 82' lang='lat' dir='ltr'>Byzantium</span> <span class='ocrx_word' id='word_1_263' title='bbox 923 3238 998 3297; x_wconf 87' lang='lat' dir='ltr'>olim</span> <span class='ocrx_word' id='word_1_264' title='bbox 1027 3234 1215 3317; x_wconf 75' lang='lat' dir='ltr'>appellatum</span> 
     </span>
     <span class='ocr_line' id='line_1_34' title="bbox 123 3312 1214 3405; baseline -0.004 -27"><span class='ocrx_word' id='word_1_265' title='bbox 123 3320 242 3398; x_wconf 75' lang='lat' dir='ltr'>mageis</span> <span class='ocrx_word' id='word_1_266' title='bbox 276 3320 414 3381; x_wconf 70' lang='lat' dir='ltr'>adsumit</span> <span class='ocrx_word' id='word_1_267' title='bbox 444 3318 602 3405; x_wconf 65' lang='lat' dir='ltr'>aedificiis.</span> <span class='ocrx_word' id='word_1_268' title='bbox 675 3342 746 3381; x_wconf 86' lang='lat' dir='ltr'>uam</span> <span class='ocrx_word' id='word_1_269' title='bbox 768 3320 989 3381; x_wconf 85' lang='lat' dir='ltr'>encaeniorum</span> <span class='ocrx_word' id='word_1_270' title='bbox 1018 3328 1050 3380; x_wconf 91' lang='lat' dir='ltr'>et</span> <span class='ocrx_word' id='word_1_271' title='bbox 1071 3312 1214 3377; x_wconf 78' lang='lat' dir='ltr'>corsditus</span> 
     </span>
     <span class='ocr_line' id='line_1_35' title="bbox 122 3390 1216 3487; baseline 0.003 -31"><span class='ocrx_word' id='word_1_272' title='bbox 122 3390 309 3463; x_wconf 71' lang='lat' dir='ltr'>varietatem</span> <span class='ocrx_word' id='word_1_273' title='bbox 328 3401 421 3465; x_wconf 84' lang='lat' dir='ltr'>titulo</span> <span class='ocrx_word' id='word_1_274' title='bbox 443 3404 551 3487; x_wconf 84' lang='lat' dir='ltr'>capitis</span> <span class='ocrx_word' id='word_1_275' title='bbox 573 3399 614 3466; x_wconf 75' lang='lat'>42</span> <span class='ocrx_word' id='word_1_276' title='bbox 642 3404 665 3465; x_wconf 95' lang='lat' dir='ltr'>li</span> <span class='ocrx_word' id='word_1_277' title='bbox 688 3424 725 3466; x_wconf 87' lang='lat' dir='ltr'>ro</span> <span class='ocrx_word' id='word_1_278' title='bbox 750 3404 784 3465; x_wconf 93' lang='lat' dir='ltr'>ll</span> <span class='ocrx_word' id='word_1_279' title='bbox 813 3403 851 3465; x_wconf 91' lang='lat' dir='ltr'>de</span> <span class='ocrx_word' id='word_1_280' title='bbox 873 3402 1016 3464; x_wconf 84' lang='lat' dir='ltr'>doctriua</span> <span class='ocrx_word' id='word_1_281' title='bbox 1037 3408 1216 3482; x_wconf 84' lang='lat' dir='ltr'>temporum</span> 
     </span>
     <span class='ocr_line' id='line_1_36' title="bbox 121 3480 1214 3571; baseline -0.001 -29"><span class='ocrx_word' id='word_1_282' title='bbox 121 3480 266 3545; x_wconf 81' lang='lat' dir='ltr'>Patavina</span> <span class='ocrx_word' id='word_1_283' title='bbox 292 3495 445 3549; x_wconf 84' lang='lat' dir='ltr'>statuerat</span> <span class='ocrx_word' id='word_1_284' title='bbox 474 3508 535 3571; x_wconf 89' lang='lat' dir='ltr'>per</span> <span class='ocrx_word' id='word_1_285' title='bbox 563 3496 667 3549; x_wconf 90' lang='lat' dir='ltr'>totum</span> <span class='ocrx_word' id='word_1_286' title='bbox 693 3498 790 3570; x_wconf 86' lang='lat' dir='ltr'>caput</span> <span class='ocrx_word' id='word_1_287' title='bbox 822 3505 885 3546; x_wconf 90' lang='lat' dir='ltr'>non</span> <span class='ocrx_word' id='word_1_288' title='bbox 908 3485 1086 3556; x_wconf 83' lang='lat' dir='ltr'>observans,</span> <span class='ocrx_word' id='word_1_289' title='bbox 1121 3483 1214 3541; x_wconf 87' lang='lat' dir='ltr'>istum</span> 
     </span>
     <span class='ocr_line' id='line_1_37' title="bbox 124 3565 1214 3649; baseline -0.003 -23"><span class='ocrx_word' id='word_1_290' title='bbox 124 3584 196 3627; x_wconf 82' lang='lat' dir='ltr'>enm</span> <span class='ocrx_word' id='word_1_291' title='bbox 217 3567 276 3630; x_wconf 85' lang='lat' dir='ltr'>iilis</span> <span class='ocrx_word' id='word_1_292' title='bbox 299 3569 473 3635; x_wconf 86' lang='lat' dir='ltr'>confundit.</span> <span class='ocrx_word' id='word_1_293' title='bbox 524 3572 655 3649; x_wconf 85' lang='lat' dir='ltr'>Gracci,</span> <span class='ocrx_word' id='word_1_294' title='bbox 675 3569 706 3631; x_wconf 91' lang='lat' dir='ltr'>in</span> <span class='ocrx_word' id='word_1_295' title='bbox 731 3572 787 3646; x_wconf 85' lang='lat' dir='ltr'>uit,</span> <span class='ocrx_word' id='word_1_296' title='bbox 807 3570 912 3631; x_wconf 81' lang='lat' dir='ltr'>numdi</span> <span class='ocrx_word' id='word_1_297' title='bbox 933 3588 1027 3629; x_wconf 86' lang='lat' dir='ltr'>annos</span> <span class='ocrx_word' id='word_1_298' title='bbox 1050 3565 1214 3646; x_wconf 72' lang='lat' dir='ltr'>Ciuistique</span> 
     </span>
     <span class='ocr_line' id='line_1_38' title="bbox 122 3593 1216 3737; baseline -0.003 -25"><span class='ocrx_word' id='word_1_299' title='bbox 122 3652 216 3712; x_wconf 78' lang='lat' dir='ltr'>varie</span> <span class='ocrx_word' id='word_1_300' title='bbox 243 3664 431 3737; x_wconf 81' lang='lat' dir='ltr'>computant,</span> <span class='ocrx_word' id='word_1_301' title='bbox 451 3654 523 3715; x_wconf 71' lang='lat' dir='ltr'>dim</span> <span class='ocrx_word' id='word_1_302' title='bbox 543 3657 690 3715; x_wconf 84' lang='lat' dir='ltr'>encaenia</span> <span class='ocrx_word' id='word_1_303' title='bbox 709 3593 900 3715; x_wconf 60' lang='lat' dir='ltr'>banstantiui</span> <span class='ocrx_word' id='word_1_304' title='bbox 927 3653 1071 3731; x_wconf 80' lang='lat' dir='ltr'>referunt.</span> <span class='ocrx_word' id='word_1_305' title='bbox 1116 3647 1216 3708; x_wconf 82' lang='lat' dir='ltr'>Tluo·</span> 
     </span>
     <span class='ocr_line' id='line_1_39' title="bbox 117 3728 1216 3817; baseline -0.005 -23"><span class='ocrx_word' id='word_1_306' title='bbox 117 3734 232 3813; x_wconf 77' lang='lat' dir='ltr'>phanes</span> <span class='ocrx_word' id='word_1_307' title='bbox 250 3757 361 3797; x_wconf 75' lang='lat' dir='ltr'>aurium</span> <span class='ocrx_word' id='word_1_308' title='bbox 372 3736 482 3797; x_wconf 79' lang='lat' dir='ltr'>mundi</span> <span class='ocrx_word' id='word_1_309' title='bbox 494 3734 588 3814; x_wconf 80' lang='grc'><strong>6816,</strong></span> <span class='ocrx_word' id='word_1_310' title='bbox 601 3737 715 3797; x_wconf 75' lang='lat' dir='ltr'>Christi</span> <span class='ocrx_word' id='word_1_311' title='bbox 724 3734 795 3817; x_wconf 82' lang='grc'><strong>316,</strong></span> <span class='ocrx_word' id='word_1_312' title='bbox 813 3756 901 3816; x_wconf 86' lang='lat' dir='ltr'>quem</span> <span class='ocrx_word' id='word_1_313' title='bbox 917 3737 1012 3817; x_wconf 84' lang='lat' dir='ltr'>ipsunt</span> <span class='ocrx_word' id='word_1_314' title='bbox 1027 3754 1086 3794; x_wconf 85' lang='lat' dir='ltr'>esse</span> <span class='ocrx_word' id='word_1_315' title='bbox 1102 3728 1216 3806; x_wconf 79' lang='lat' dir='ltr'>scribit,</span> 
     </span>
     <span class='ocr_line' id='line_1_40' title="bbox 35 3810 1216 3898; baseline -0.007 -20"><span class='ocrx_word' id='word_1_316' title='bbox 35 3840 47 3870; x_wconf 70' lang='lat' dir='ltr'>e</span> <span class='ocrx_word' id='word_1_317' title='bbox 119 3834 179 3897; x_wconf 76' lang='lat' dir='ltr'>quo</span> <span class='ocrx_word' id='word_1_318' title='bbox 197 3815 338 3880; x_wconf 75' lang='lat' dir='ltr'>Nicnena</span> <span class='ocrx_word' id='word_1_319' title='bbox 355 3820 484 3898; x_wconf 79' lang='lat' dir='ltr'>synodus</span> <span class='ocrx_word' id='word_1_320' title='bbox 504 3833 547 3880; x_wconf 83' lang='lat' dir='ltr'>est</span> <span class='ocrx_word' id='word_1_321' title='bbox 564 3820 713 3881; x_wconf 67' lang='lat' dir='ltr'>absolue.</span> <span class='ocrx_word' id='word_1_322' title='bbox 754 3815 866 3880; x_wconf 82' lang='lat' dir='ltr'>rerum</span> <span class='ocrx_word' id='word_1_323' title='bbox 888 3816 972 3878; x_wconf 88' lang='lat' dir='ltr'>haud</span> <span class='ocrx_word' id='word_1_324' title='bbox 994 3816 1032 3878; x_wconf 89' lang='lat' dir='ltr'>de</span> <span class='ocrx_word' id='word_1_325' title='bbox 1054 3810 1216 3888; x_wconf 79' lang='lat' dir='ltr'>erscacniis,</span> 
     </span>
     <span class='ocr_line' id='line_1_41' title="bbox 120 3897 1216 3984; baseline -0.005 -25"><span class='ocrx_word' id='word_1_326' title='bbox 120 3897 176 3959; x_wconf 80' lang='lat' dir='ltr'>sed</span> <span class='ocrx_word' id='word_1_327' title='bbox 196 3900 236 3961; x_wconf 86' lang='lat' dir='ltr'>de</span> <span class='ocrx_word' id='word_1_328' title='bbox 250 3904 310 3962; x_wconf 90' lang='lat' dir='ltr'>CP.</span> <span class='ocrx_word' id='word_1_329' title='bbox 330 3903 460 3963; x_wconf 87' lang='lat' dir='ltr'>conditu</span> <span class='ocrx_word' id='word_1_330' title='bbox 479 3912 642 3984; x_wconf 84' lang='lat' dir='ltr'>praesente</span> <span class='ocrx_word' id='word_1_331' title='bbox 664 3902 780 3963; x_wconf 84' lang='lat' dir='ltr'>Christi</span> <span class='ocrx_word' id='word_1_332' title='bbox 793 3924 875 3964; x_wconf 91' lang='lat' dir='ltr'>anno</span> <span class='ocrx_word' id='word_1_333' title='bbox 894 3897 956 3961; x_wconf 91' lang='grc'><strong>316</strong></span> <span class='ocrx_word' id='word_1_334' title='bbox 984 3898 1140 3960; x_wconf 87' lang='lat' dir='ltr'>institutus</span> <span class='ocrx_word' id='word_1_335' title='bbox 1170 3902 1216 3955; x_wconf 84' lang='lat' dir='ltr'>est</span> 
     </span>
     <span class='ocr_line' id='line_1_42' title="bbox 122 3974 1216 4068; baseline -0.004 -27"><span class='ocrx_word' id='word_1_336' title='bbox 122 3995 239 4044; x_wconf 83' lang='lat' dir='ltr'>sermo.</span> <span class='ocrx_word' id='word_1_337' title='bbox 294 3978 331 4045; x_wconf 85' lang='grc' dir='ltr'>τό</span> <span class='ocrx_word' id='word_1_338' title='bbox 353 3983 528 4062; x_wconf 75' lang='grc' dir='ltr'><strong><em>Βυζάντιον</em></strong></span> <span class='ocrx_word' id='word_1_339' title='bbox 549 3974 662 4065; x_wconf 76' lang='grc' dir='ltr'><strong><em>ἤρξατο</em></strong></span> <span class='ocrx_word' id='word_1_340' title='bbox 685 3982 859 4063; x_wconf 63' lang='lat' dir='ltr'>mutandus,</span> <span class='ocrx_word' id='word_1_341' title='bbox 883 3984 996 4068; x_wconf 78' lang='lat' dir='ltr'>pergit.</span> <span class='ocrx_word' id='word_1_342' title='bbox 1022 3979 1216 4061; x_wconf 78' lang='lat' dir='ltr'>Theophanes</span> 
     </span>
     <span class='ocr_line' id='line_1_43' title="bbox 124 4060 1215 4153; baseline -0.009 -25"><span class='ocrx_word' id='word_1_343' title='bbox 124 4061 317 4129; x_wconf 78' lang='lat' dir='ltr'>Constantini</span> <span class='ocrx_word' id='word_1_344' title='bbox 331 4067 372 4129; x_wconf 72' lang='lat'>39</span> <span class='ocrx_word' id='word_1_345' title='bbox 393 4090 503 4131; x_wconf 82' lang='lat' dir='ltr'>armum</span> <span class='ocrx_word' id='word_1_346' title='bbox 515 4069 599 4130; x_wconf 79' lang='lat' dir='ltr'>illum</span> <span class='ocrx_word' id='word_1_347' title='bbox 607 4069 703 4147; x_wconf 74' lang='lat' dir='ltr'>sarcit.</span> <span class='ocrx_word' id='word_1_348' title='bbox 725 4090 893 4153; x_wconf 84' lang='lat' dir='ltr'>nusquam:</span> <span class='ocrx_word' id='word_1_349' title='bbox 907 4066 960 4129; x_wconf 86' lang='lat' dir='ltr'>sed</span> <span class='ocrx_word' id='word_1_350' title='bbox 973 4064 1150 4126; x_wconf 83' lang='lat' dir='ltr'>vicesimum</span> <span class='ocrx_word' id='word_1_351' title='bbox 1165 4060 1215 4121; x_wconf 91' lang='lat' dir='ltr'>in.</span> 
     </span>
     <span class='ocr_line' id='line_1_44' title="bbox 120 4145 1214 4237; baseline -0.004 -29"><span class='ocrx_word' id='word_1_352' title='bbox 120 4149 224 4211; x_wconf 72' lang='lat' dir='ltr'>anteat</span> <span class='ocrx_word' id='word_1_353' title='bbox 231 4149 446 4234; x_wconf 84' lang='lat' dir='ltr'>Theophanes,</span> <span class='ocrx_word' id='word_1_354' title='bbox 457 4174 550 4237; x_wconf 90' lang='lat' dir='ltr'>quem</span> <span class='ocrx_word' id='word_1_355' title='bbox 561 4152 694 4214; x_wconf 88' lang='lat' dir='ltr'>eundem</span> <span class='ocrx_word' id='word_1_356' title='bbox 705 4152 871 4215; x_wconf 87' lang='lat' dir='ltr'>canoniam</span> <span class='ocrx_word' id='word_1_357' title='bbox 880 4150 944 4215; x_wconf 88' lang='lat' dir='ltr'>eius</span> <span class='ocrx_word' id='word_1_358' title='bbox 957 4145 1214 4228; x_wconf 80' lang='lat' dir='ltr'>chronologicum</span> 
     </span>
     <span class='ocr_line' id='line_1_45' title="bbox 121 4224 1216 4321; baseline -0.005 -28"><span class='ocrx_word' id='word_1_359' title='bbox 121 4235 263 4315; x_wconf 87' lang='lat' dir='ltr'>superins</span> <span class='ocrx_word' id='word_1_360' title='bbox 283 4235 431 4298; x_wconf 81' lang='lat' dir='ltr'>exhihuit.</span> <span class='ocrx_word' id='word_1_361' title='bbox 454 4235 501 4297; x_wconf 90' lang='lat' dir='ltr'>his</span> <span class='ocrx_word' id='word_1_362' title='bbox 523 4234 632 4299; x_wconf 83' lang='lat' dir='ltr'>addit:</span> <span class='ocrx_word' id='word_1_363' title='bbox 660 4234 856 4321; x_wconf 65' lang='lat' dir='ltr'>Nicophanes</span> <span class='ocrx_word' id='word_1_364' title='bbox 873 4236 1001 4297; x_wconf 81' lang='lat' dir='ltr'>alteram</span> <span class='ocrx_word' id='word_1_365' title='bbox 1021 4224 1216 4312; x_wconf 77' lang='lat' dir='ltr'>computandi</span> 
     </span>
    </p>
   </div>
   <div class='ocr_carea' id='block_1_5' title="bbox 0 0 1530 4900">
    <p class='ocr_par' dir='ltr' id='par_1_5' title="bbox 0 0 1530 4900">
     <span class='ocr_line' id='line_1_46' title="bbox 0 0 1530 4900; baseline 0 0"><span class='ocrx_word' id='word_1_366' title='bbox 0 0 1530 4900; x_wconf 95' lang='lat' dir='ltr'> </span> 
     </span>
    </p>
   </div>
  </div>
 </body>
</html>
