3050 4900
596 399 604 412 ·
649 379 801 446 notan.
1178 371 1250 442 297

159 559 221 637 οὔ,
243 555 387 621 codicem
408 555 494 618 annis
514 557 648 635 duobus,
671 567 704 621 et
723 556 873 620 historiae
894 555 978 618 culae
1000 553 1145 616 mutilum
1165 557 1255 620 l'ulsse

160 650 300 704 constat:
325 640 545 704 aDiocletiani
571 641 691 725 quippe
711 639 892 724 primordiis
916 639 955 700 ad
968 637 1127 700 Michaelis
1149 641 1255 702 Guro-

157 727 268 808 palatis
291 723 470 786 abdicatum
503 727 671 807 imperium
702 745 799 786 annos
818 745 912 806 supra
932 733 1123 784 memoratos
1144 724 1254 806 viginti

158 818 233 869 octo
255 830 350 890 supra
378 808 580 893 quingentos,
601 804 849 892 Theophaneuin
881 806 1043 888 hocopus
1070 816 1252 869 enumerat:

156 893 330 954 Anastasius
354 913 430 954 vero
461 893 716 954 bibliothecarius
745 890 944 974 Theophanis
966 911 1045 972 pene
1065 910 1182 971 suppar
1204 891 1254 950 in.

156 985 300 1058 terpres,
320 983 351 1036 ct
382 975 507 1044 saeculis
532 976 660 1060 integris
681 973 824 1038 Cedreno
852 972 999 1056 superior
1022 973 1130 1034 iisdem
1151 973 1253 1034 verbis

158 1067 191 1121 et
211 1059 418 1140 temporibus,
441 1059 552 1141 quibus
565 1057 766 1142 Theophanis
779 1056 843 1118 hoc
865 1059 1030 1138 exemplar,
1053 1056 1114 1117 hoc
1137 1065 1190 1134 est,
1213 1056 1253 1117 od

159 1143 336 1224 depositum
366 1165 382 1202 a
407 1141 558 1204 Michacla
586 1143 816 1228 principatum,
849 1163 910 1202 nna
934 1161 1005 1203 cum
1028 1139 1162 1203 miscella
1183 1161 1252 1201 essm

158 1237 275 1302 secuta,
293 1234 466 1307 susceptam
485 1226 555 1286 finit
574 1225 747 1287 historiam.
771 1224 923 1286 Baronius
945 1222 983 1284 ad
1004 1247 1119 1284 annum
1141 1225 1174 1287 C.
1191 1222 1253 1284 813

157 1306 283 1369 num.8
313 1309 359 1370 ad
385 1309 466 1370 diem
496 1332 585 1393 suqtse
617 1323 725 1392 captae
751 1311 884 1371 ciuitatis
909 1307 1126 1392 Adrianopolis
1152 1307 1252 1366 Theo·

152 1394 270 1477 phanes
284 1392 452 1475 perducens
472 1393 641 1468 historiam,
665 1391 762 1453 eidem
777 1389 883 1476 finem
904 1393 1063 1475 imposuit:
1082 1411 1136 1451 nec
1156 1403 1201 1450 est
1222 1403 1254 1450 ut

155 1475 220 1535 dici
238 1477 332 1556 possit
350 1477 509 1537 Ιιίττοοιὶτοτ
530 1478 703 1537 shtercasam
718 1496 791 1552 csse,
814 1473 895 1560 quod
912 1487 1019 1536 auctor
1032 1476 1253 1557 perorutIonem

159 1558 277 1619 nullum
299 1566 344 1634 (ut
360 1560 457 1619 moris
476 1563 529 1632 est)
545 1562 727 1642 apposuerit
768 1557 921 1642 siquidem
943 1559 1131 1636 Anastasius,
1148 1558 1202 1640 qui
1220 1557 1253 1616 in

157 1641 304 1700 Latinum
327 1663 395 1702 eum
415 1634 580 1722 murus,
611 1655 738 1703 testatur
768 1661 858 1723 usque
884 1639 928 1700 ad
948 1639 1089 1718 Leonem,
1110 1641 1163 1723 qui
1184 1659 1252 1698 srec-

156 1728 242 1784 cessit
262 1723 430 1800 Michaeli,
460 1728 562 1806 ipsum
581 1745 650 1785 cam
677 1724 871 1805 scriptionem
889 1723 1082 1806 perduxisse.
1126 1741 1183 1781 cur
1199 1743 1252 1780 ars·

155 1820 215 1867 tem
231 1807 351 1890 rcizipuu
370 1811 494 1890 imperii
509 1807 620 1869 [ιτοηίο
639 1810 753 1869 nonsit
768 1818 978 1891 prosequrstus,
1001 1805 1194 1888 peraequatio
1213 1805 1253 1864 ai

154 1911 190 1949 eo
208 1892 362 1967 excitata,
385 1903 512 1974 quaest
533 1905 661 1952 namatus
680 1892 745 1974 ipse
769 1891 974 1971 Theophanes,
994 1889 1028 1950 in
1049 1909 1140 1950 causa
1148 1888 1253 1967 fuisse

156 1973 282 2037 videtur.
303 1973 531 2055 Theophanem¹
550 1997 567 2034 a
587 1975 676 2036 finita
694 1971 879 2056 scriptione,
903 1992 984 2034 auno
1009 1972 1119 2056 quinto
1144 1971 1253 2032 obiisse

156 2057 300 2138 superius
322 2059 548 2117 annotavimus.
1008 2091 1016 2104 -

235 2151 309 2230 3,7.
333 2153 421 2215 τοῦτ’
441 2147 527 2216 ἔστιν
549 2149 611 2216 cirri
632 2150 726 2244 ,εψοζ
748 2151 806 2217 τοῦ
829 2149 963 2238 κόσμου]
986 2173 1083 2214 annus
1104 2173 1122 2213 a
1142 2151 1252 2214 mundi

158 2237 289 2298 conditu
313 2236 394 2299 5777
417 2239 449 2299 in
466 2238 654 2300 Diocletiani
677 2237 815 2320 primum
836 2239 1000 2300 incurrens
1022 2261 1038 2298 a
1059 2236 1173 2300 Christi
1195 2258 1251 2296 na-

157 2318 261 2379 talitiis
281 2317 340 2381 277
362 2322 400 2383 ab
421 2333 551 2384 auctore
564 2323 758 2404 Theophane
780 2331 964 2384 numeratur
981 2321 1166 2383 succedente
1189 2317 1252 2401 p.4

159 2401 263 2463 statim
284 2401 323 2465 ad
355 2415 491 2468 actatum
524 2403 640 2468 ibidem
661 2405 888 2487 descriptarum
910 2405 1012 2466 limen.
1055 2401 1150 2465 iidem
1171 2423 1249 2464 uero

157 2488 287 2565 numeri,
309 2498 371 2549 tam
392 2488 529 2550 emundi
547 2490 700 2567 videlicet,
723 2512 815 2572 quam
832 2512 847 2549 a
865 2488 979 2549 Christi
995 2496 1079 2563 ortu,
1101 2488 1158 2568 ipsi
1179 2493 1251 2545 sunt

156 2592 235 2654 quos
257 2574 386 2654 Georgii
408 2573 543 2657 syncelli
565 2572 819 2655 chronographia
838 2572 979 2653 collegit,
1010 2590 1151 2653 quosque
1172 2567 1251 2628 illins

153 2655 358 2717 continuator
372 2656 576 2737 Theophanes
596 2657 883 2739 impraesentiarum
896 2654 982 2738 sequi
995 2675 1027 2715 se
1041 2654 1150 2714 tacitns
1169 2672 1251 2733 pro-

156 2738 272 2799 fitetur.
316 2760 385 2800 earn
405 2741 555 2821 temporis
576 2748 608 2802 et
622 2760 828 2801 numerorum
849 2758 1025 2799 mensuram
1047 2746 1121 2797 uota
1142 2756 1250 2796 succe·
1309 2775 1312 2783 ·

155 2822 229 2881 dens
242 2823 396 2883 examinat
411 2832 443 2884 et
455 2824 596 2884 illustrat.
619 2823 744 2884 interim
757 2842 837 2905 quac
852 2823 1023 2883 verborum
1040 2821 1123 2881 iuxta
1146 2820 1250 2880 diver-

152 2925 202 2965 sos
223 2905 346 2967 codices
367 2928 424 2966 mss
444 2908 586 2981 varietas,
610 2907 678 2991 quis
700 2906 834 2967 defectus
857 2916 910 2967 aut
929 2923 1062 2971 excessus
1073 2902 1169 2964 fuerit
1191 2902 1250 2964 ob·

149 2998 306 3068 serratas,
335 3011 374 3051 ne
395 2992 481 3051 forte
508 2990 640 3052 discessu
666 3012 684 3049 a
706 2990 794 3068 regio
824 2989 992 3071 exemplari
1013 2988 1178 3049 damnetur
1196 2984 1248 3045 hic

151 3092 311 3152 expressus
334 3072 452 3149 titulus,
473 3073 752 3155 operaepretium
773 3074 888 3149 fecero,
912 3072 937 3133 si
962 3071 1127 3154 diligenter
1149 3086 1247 3149 expo-

153 3176 233 3213 ηοω.
277 3156 399 3237 regium
426 3168 499 3239 post
520 3158 617 3218 verba
639 3157 700 3216 iam
730 3155 865 3231 adducta
883 3155 1008 3216 scribit:
1029 3150 1246 3233 χρουογραφίο

151 3235 229 3297 istiu
258 3236 331 3319 paq'
356 3235 515 3321 ἀρχομένη
546 3237 609 3299 dni
641 3234 769 3313 πρώτου
798 3234 891 3309 ἔτους
916 3236 1155 3315 Διοκλητιαυοῦ,
1186 3234 1247 3304 ἓως

151 3316 301 3398 δευτέρου
324 3316 415 3393 ἔτους
430 3318 566 3405 Μιχαὴλ
587 3322 814 3403 astusastus
835 3316 908 3381 υἱοῦ
928 3320 1037 3399 usitari,
1058 3318 1142 3378 τοῦτ’
1162 3311 1246 3377 ἔστιν

151 3398 215 3460 uini
241 3401 334 3491 Ιτψοζ
356 3399 446 3476 ἔτους
466 3408 522 3466 τοῦ
541 3401 673 3482 κόσμου,
702 3398 872 3475 inscissus
894 3402 986 3489 'grau'
1010 3395 1088 3462 ausui
1105 3393 1245 3475 Ῥωμαί-

151 3502 208 3554 ους
230 3481 332 3568 ,saxofl
373 3489 561 3551 Barlierinus
576 3488 675 3549 codex
698 3488 905 3550 recentissima
929 3484 1052 3569 quidem
1075 3504 1170 3545 mann
1191 3502 1246 3543 ex-

153 3570 298 3649 scriptus,
320 3578 353 3630 at
373 3592 445 3632 cum
464 3572 622 3633 Vaticanis
645 3571 745 3631 tribus
767 3579 799 3631 et
819 3580 933 3653 quarto
957 3569 1094 3651 palatino
1117 3587 1245 3646 compa·

152 3660 263 3725 retus,
299 3653 439 3738 bonique
468 3656 584 3736 publici
616 3656 716 3737 gratia
748 3654 787 3715 ab
810 3654 911 3714 Emin.
936 3652 1102 3728 Cardinali,
1121 3647 1246 3713 Urbani

150 3732 225 3795 Vlll
247 3747 374 3817 nepote,
394 3738 530 3799 Parisios
552 3739 671 3799 urbane
690 3738 888 3818 transmissus,
911 3759 1007 3819 acque
1028 3742 1180 3816 corrupte
1198 3732 1245 3792 lc-

151 3818 211 3896 gis:
233 3821 452 3900 χρονογροφτό
475 3820 554 3882 ἐτῶν
575 3813 737 3899 οἷρχομέτη
767 3818 831 3881 sini
854 3818 981 3899 πρώτου
1002 3816 1092 3889 ἔτους
1113 3817 1246 3893 Arses,-

150 3904 263 3961 τιοτοῦ
283 3897 343 3973 ἕως
365 3900 517 3984 δευτέρου
546 3898 637 3975 ἔτους
660 3896 797 3981 Μιχαὴλ
825 3902 881 3963 uui
902 3902 1062 3985 &soprius
1091 3898 1148 3960 soii
1171 3892 1247 3959 uiuri

152 3983 262 4059 unicui,
287 3982 381 4067 ,εψοζ
402 3980 494 4057 ἔτους
511 3986 569 4046 τοῦ
582 3982 712 4062 κόσμου.
733 3980 823 4057 ἔτους
845 3980 934 4069 Ις’ῐοτα’
957 3982 1038 4045 κατὰ
1059 3976 1135 4052 τους
1155 3978 1245 4041 Ἀλε-

151 4065 305 4146 ξοτδρτΐς,
326 4063 405 4128 uasti
429 4063 647 4146 δὲῬωμοίους
668 4065 771 4155 ,ςτκάζ
794 4066 835 4129 itu
846 4071 1015 4129 Vaticanus
1034 4066 1090 4128 sub
1114 4084 1244 4125 numero

152 4144 215 4209 979
236 4150 294 4210 nisi
315 4150 402 4235 quod
416 4150 578 4233 Θεοφίλου
598 4151 679 4227 uice,
701 4152 806 4211 reddit
830 4148 1070 4233 Θεοτρυλυόττου.Δ
1107 4149 1163 4230 ¹qui
1185 4146 1242 4207 suh

152 4230 215 4294 154
240 4254 316 4315 χρυ.
348 4230 395 4297 ἔτ.
418 4232 490 4319 psq'
518 4233 595 4319 (τ’ρχ.
626 4227 689 4297 dui
720 4231 848 4317 πρώτου
880 4234 964 4315 Μιχ.
997 4230 1052 4297 uui
1082 4229 1242 4315 Θοοφτλου
