3050 4900
483 431 534 495 EX
562 428 821 497 tutoresne
1124 430 1200 505 209

98 611 229 677 bardus.
251 610 386 695 populus
406 629 484 673 vero
509 621 726 694 congregatus,
750 621 784 675 et
805 632 894 676 sacra
915 614 1031 677 relecta
1052 636 1112 698 per
1131 637 1200 679 eam

102 707 210 759 certus
223 696 322 759 lactus
336 694 423 778 quod
435 702 467 755 et
482 694 648 777 imperium
660 705 758 757 staret
778 706 810 758 et
831 698 906 759 urbs
919 700 1103 781 promptior
1125 708 1203 760 esset

98 782 250 841 adversus
265 788 378 862 gentes,
400 799 536 840 necnon
558 786 590 837 et
617 779 836 840 enarrantibus
850 781 909 842 illis
937 802 973 843 ea
1004 804 1086 867 quae
1106 804 1202 864 super

101 864 228 925 duobus
261 863 343 924 stolis
375 864 499 923 luerunt
527 869 626 941 gesta,
650 864 787 923 Leonem
816 864 944 947 quidem
975 865 1199 947 imperatorem
1208 890 1235 944 p.
1244 869 1298 925 613

101 946 259 1009 continuo
282 945 499 1021 laudaverunt,
520 944 665 1005 Basilium
686 955 791 1007 autem
805 946 1038 1031 onomagulum
1058 958 1092 1011 et
1136 950 1201 1009 rin.

99 1032 198 1111 cipes,
218 1030 272 1112 qui
295 1031 334 1091 ab
357 1028 410 1090 illo
432 1028 576 1111 provecti
597 1028 735 1105 fueraut,
758 1029 880 1091 vinctos
895 1034 1038 1113 praetori
1057 972 1199 1095 tradide-

100 1122 189 1175 runt.
240 1114 305 1194 ipse
334 1132 410 1175 sero
439 1110 582 1173 basilium
607 1111 733 1195 quidem
765 1129 838 1174 cum
866 1114 1017 1197 singulari
1045 1126 1197 1198 praetore

102 1196 198 1279 ipsius
219 1195 396 1274 decollavit,
418 1205 451 1257 et
473 1194 592 1295 capita,
605 1216 716 1257 eorum
738 1196 822 1257 fusce
845 1198 972 1259 condita
992 1219 1052 1280 per
1068 1199 1197 1283 spatha.

103 1282 170 1343 rios
191 1279 377 1363 imperatori
397 1277 587 1355 transmisit,
605 1278 802 1361 reliquorum
826 1290 929 1341 autern
952 1282 1102 1364 quosdam
1123 1304 1200 1343 ser·

103 1365 233 1426 beratns
253 1371 285 1423 et
302 1372 418 1437 tonsos,
440 1360 590 1445 quosdam
609 1383 687 1424 vero
711 1364 847 1424 abscissis
867 1364 994 1425 naribus
1016 1366 1049 1427 in
1074 1365 1199 1428 erilium

104 1446 279 1509 destinavit.
322 1447 428 1541 sieque
451 1447 566 1507 facturn
587 1456 633 1506 est
653 1454 691 1505 nt
710 1446 783 1507 bine
803 1447 834 1508 in
857 1446 1108 1513 Occidentalibus
1132 1472 1202 1509 ma-

104 1552 166 1613 gna
189 1528 398 1611 correptionis
418 1528 600 1590 constitutio
623 1530 720 1591 fieret.
764 1550 866 1613 porro
878 1532 1002 1612 Sergius
1023 1534 1122 1595 verbo
1144 1534 1202 1592 im·

106 1611 258 1698 punitatis
279 1636 296 1674 a
317 1621 466 1696 praetore
486 1613 587 1693 petito
609 1614 732 1695 pariter
753 1623 786 1675 et
799 1623 928 1697 accepto
942 1614 1036 1679 exivit
1056 1616 1095 1678 ad
1116 1636 1201 1693 eum,

107 1698 203 1760 etita
225 1717 329 1759 omnes
354 1716 431 1779 pace
450 1695 573 1778 potitae
595 1706 668 1759 sunt
691 1696 860 1781 Hesperiae
881 1706 1000 1781 partes.

190 1806 313 1867 Interea
332 1800 489 1865 Humarus‘
507 1822 578 1865 cum
600 1802 784 1867 obtinuisset
803 1806 928 1882 Arabes,
948 1804 1111 1889 praecepit
1132 1807 1202 1865 Ma.

108 1888 221 1949 salman
246 1888 362 1949 redire.
406 1888 554 1948 Saraceni
575 1908 650 1969 ergo
671 1889 749 1949 moti
779 1888 899 1950 decimo
920 1900 1033 1952 octavo
1055 1888 1203 1951 kalendas

108 1976 257 2055 Augustas
278 1991 349 2032 cum
372 1970 469 2032 multu
490 1968 673 2031 confusione
691 1973 809 2035 reversi
832 1984 915 2035 sunt.
940 1994 1013 2035 enm
1035 1974 1118 2035 enim
1141 1972 1203 2033 iter

109 2064 213 2139 ageret
234 2054 334 2115 elassis
357 2074 478 2129 eorum,
502 2064 563 2115 tem
589 2064 665 2115 estas
686 2074 703 2114 a
727 2052 786 2115 deo
810 2076 868 2137 per
900 2057 1132 2119 intercessiones
1153 2056 1203 2117 dei

109 2140 216 2201 matris
239 2139 417 2200 incumbens
436 2138 467 2197 in
480 2138 547 2199 illos
560 2076 615 2197 los
637 2136 790 2219 dispersit,
812 2148 844 2199 et
859 2140 934 2200 ulios
948 2142 1074 2225 quidem
1091 2142 1204 2201 horum

108 2244 202 2305 penes
211 2220 443 2283 Proconensum
460 2228 492 2282 et
506 2220 637 2303 reliquas
654 2220 779 2298 insulas,
800 2222 875 2283 alios
890 2244 965 2284 vero
986 2224 1016 2284 in
1040 2222 1205 2306 vertigines

110 2314 144 2367 et
165 2314 267 2367 cetera
293 2304 438 2365 demersit
459 2304 490 2365 in
514 2324 662 2387 aequora.
705 2304 824 2366 residui
842 2326 970 2389 quoqne
991 2326 1063 2367 eum
1089 2308 1206 2366 transi-

109 2398 186 2452 rent
210 2392 359 2472 Aegaeum
383 2386 531 2472 pelagus,
558 2388 712 2470 extemplo
735 2389 917 2471 supervenit
939 2389 970 2449 in
994 2390 1037 2452 eis
1055 2389 1309 2466 terribilisp.6lt

109 2473 281 2556 indignatio
310 2473 373 2534 dci:
397 2472 518 2552 grande
548 2493 683 2554 numque
706 2471 796 2552 ignca
825 2471 1011 2534 descendens
1033 2493 1129 2554 super
1151 2493 1203 2533 eos

109 2580 205 2642 aquas
215 2557 307 2618 maris
321 2555 451 2616 ebullire
463 2554 545 2632 lecit,
562 2564 593 2616 et
600 2557 676 2697 pice
693 2553 862 2638 liquefacta
876 2555 964 2616 simul
979 2577 1050 2618 eum
1065 2555 1202 2617 bomini.

110 2643 167 2704 bus
181 2661 274 2702 naver
296 2641 327 2709 in
350 2635 542 2720 profundum
566 2637 597 2699 in
622 2645 711 2699 uetae
725 2647 808 2715 sunt,
831 2638 940 2700 decem
957 2639 1028 2700 solis
1050 2659 1085 2701 ex
1108 2638 1150 2700 eis
1171 2648 1204 2700 ct

111 2727 181 2806 ipsis
200 2719 399 2806 providentia
422 2721 472 2782 dei
495 2720 655 2782 salvatoris
669 2720 872 2784 evadentibus
895 2722 935 2783 ad
956 2723 1204 2783 annuntiandum

112 2808 212 2881 nobis,
235 2825 294 2866 nec
315 2825 378 2866 non
404 2811 436 2864 et
449 2803 611 2881 trabibus,
632 2802 784 2886 magnalia
810 2803 870 2886 dei,
893 2805 1025 2890 quaein
1048 2805 1106 2868 illis
1127 2807 1204 2867 etle-

111 2900 160 2952 cta
180 2898 265 2951 sunt.
331 2907 383 2948 nas
405 2887 499 2948 etiam
526 2895 678 2949 nostrates
706 2887 907 2967 invenientes,
931 2887 1070 2974 quinque
1090 2889 1203 2950 barum

113 2909 378 3055 comprehendere
397 2980 584 3052 potuerant:
606 2969 682 3032 aliae
702 2991 780 3032 vero
803 2972 944 3068 quinque
966 2973 1068 3035 salvae
1086 2972 1117 3035 in
1142 2973 1185 3058 sy

114 3057 189 3118 nam
210 3054 323 3118 ductae
342 3061 423 3132 sunt,
443 3054 494 3116 dei
515 3055 754 3116 annuntiaturae
777 3065 965 3138 potentiam.
1177 3083 1181 3090 ·

193 3179 316 3242 Eodem
344 3200 422 3240 vero
457 3198 539 3240 anno
570 3186 674 3243 terrae
701 3187 791 3241 motu
811 3179 981 3260 magnoin
1006 3177 1096 3262 Syria
1119 3179 1202 3241 iacto

116 3261 230 3326 llumar
253 3287 270 3324 a
294 3263 470 3324 civitatibus
502 3263 608 3323 vinum
632 3261 788 3342 inhibuit,
813 3272 845 3325 et
867 3263 1061 3326 Christianos
1080 3271 1203 3344 aposta.

116 3355 179 3410 tare
199 3346 310 3432 coiigit,
334 3356 366 3408 et
381 3353 589 3429 apostatantes
610 3345 738 3443 quidem
753 3347 819 3408 siue
834 3345 957 3408 tributo
971 3365 1036 3408 ease
1057 3345 1202 3422 faciebat,

118 3453 175 3493 non
199 3429 424 3494 eonsentientes
444 3450 521 3491 vero
544 3429 759 3505 interimebat,
790 3449 908 3512 anper
929 3428 961 3491 id
981 3427 1095 3490 multos
1116 3451 1203 3490 mar-

118 3523 194 3598 tyres
215 3524 361 3598 operatus
384 3521 441 3577 est.
485 3513 584 3576 sanxit
606 3515 699 3576 etiam
727 3513 941 3576 testimouium
961 3511 1128 3575 Christiani
1148 3513 1203 3573 ad·

118 3620 213 3660 versus
235 3601 426 3661 Saracenum
449 3595 577 3658 minime
598 3597 824 3695 recipiendum.
856 3597 944 3660 lenit
962 3604 1065 3658 autem
1084 3596 1204 3677 episto-

119 3679 175 3743 lam
195 3681 402 3766 dogmaticam
433 3681 474 3741 ed
495 3682 631 3744 Leonem
661 3691 904 3764 imperatorem,
933 3689 1020 3744 ratus
1040 3680 1153 3764 impius
1173 3676 1203 3741 ei

115 3765 302 3848 persuadere
324 3787 388 3849 qno
410 3761 510 3827 abde
532 3767 585 3826 ssia
613 3763 785 3828 recederet.

191 3876 282 3936 Anno
305 3871 432 3956 imperii
452 3872 498 3935 sni
517 3871 613 3936 tertio
637 3882 725 3936 natus
757 3881 804 3934 est
829 3872 929 3934 Leoni
956 3868 1092 3954 principi
1123 3864 1203 3928 lilius

24 3993 25 3996 =
118 3957 239 4019 nomine
250 3955 479 4031 Constantinus,
501 3957 555 4040 qui
576 3957 671 4040 magis
692 3955 745 4018 illo
766 3956 878 4037 impius
899 3953 959 4016 luit
980 3962 1011 4015 et
1022 3949 1204 4014 Antichristi
1214 3965 1242 4021 p·
1251 3945 1306 4003 tlt
1327 4023 1335 4035 ἢ

24 4057 27 4110 l
118 4059 334 4118 praecursor„
366 4048 504 4102 ceterum
533 4047 646 4101 octavo
666 4038 814 4100 kalendas
828 4038 984 4100 lanuarias
1002 4035 1102 4095 Maria
1125 4054 1206 4096 uxor

25 4137 36 4211 ζ
118 4123 227 4188 Leomt
241 4132 391 4187 coronata
408 4129 454 4185 est
468 4121 500 4183 in
516 4122 655 4184 triclinio
668 4124 813 4205 Augusta,
835 4129 868 4182 et
881 4117 1034 4202 processit
1047 4117 1111 4180 sola
1132 4138 1205 4179 euru

118 4207 245 4268 solemni
265 4207 416 4291 obsequio
436 4206 582 4270 sineviro
602 4205 642 4268 ad
657 4225 798 4286 magnam
814 4202 985 4278 ecelesiam,
1006 4208 1039 4262 et
1059 4202 1205 4264 oratione

117 4300 184 4354 mre
204 4291 372 4374 ingressum
394 4289 499 4353 altaris
511 4289 603 4356 effusa
619 4287 742 4352 transiit
755 4287 795 4350 ad
808 4285 1028 4372 baptisterium
1048 4305 1203 4368 maguum,

206 4413 389 4488 ,rhomam
406 4417 442 4470 11.
974 4407 1009 4463 14
