3050 4900
495 394 550 457 Ex
579 392 841 459 satornana„
1150 398 1221 464 177

124 560 213 628 drcas
232 560 358 625 situlam
379 558 466 625 dedit
486 584 555 626 eam
576 562 606 625 ln
620 562 769 628 verticem
792 564 1001 648 imperatoris,
1022 572 1055 627 ct
1075 566 1222 665 protinus

124 648 216 723 fugit.
261 654 308 711 ast
328 648 504 727 imperator
523 668 598 709 cum
619 647 799 709 tardaretur
819 648 851 709 in
872 648 1006 723 balneo,
1029 650 1167 713 insiliunt
1188 652 1222 713 hi

126 730 182 813 qui
204 728 282 791 loris
302 738 402 804 crant,
418 739 449 790 et
470 734 635 813 reperiunt
654 732 876 813 imperatorem
896 734 1044 793 occisum.
1086 756 1151 817 quo
1171 757 1243 795 sa·-

123 814 215 895 pulto
238 810 365 873 Minium
387 814 542 895 quendam
564 814 746 875 Ambonium
767 816 996 899 imperatorum
1016 819 1169 895 fecerunt,
1189 820 1223 878 vi

123 905 272 977 cogentes
293 893 400 957 bunos
427 906 496 958 erat
521 898 603 959 enim
633 898 723 960 valde
752 896 884 961 decorus
905 907 939 961 et
959 902 1123 981 speciosus.
1165 924 1223 962 au.

122 978 193 1039 dito
217 989 384 1060 practerea
404 980 623 1044 Constantinus
656 981 752 1062 patris
771 984 863 1047 obitu
882 1002 955 1043 cum
975 983 1075 1044 multo
1099 986 1223 1068 riarigio

121 1062 155 1123 in
172 1062 312 1123 Siciliam
333 1063 432 1139 veuit,
466 1070 500 1126 et
535 1085 693 1147 aggressus
715 1066 842 1125 illirium
871 1066 956 1127 hunc
976 1067 1134 1129 interfecit
1151 1090 1224 1129 cum

121 1146 317 1207 occisoribus
339 1146 519 1227 patrissui,
542 1157 575 1209 et
600 1148 751 1210 ordinatis
775 1148 929 1232 Hesperiis
955 1152 1224 1233 Constantinopo-

123 1228 178 1289 lim
200 1228 315 1307 rediit,
342 1239 375 1291 et
409 1230 555 1294 Romanis
591 1252 652 1293 una
673 1233 898 1296 cumvTiberio
925 1240 958 1295 et
987 1234 1133 1297 Heraclio
1155 1238 1223 1297 l'ra.

123 1312 227 1375 tribus
251 1312 395 1395 imperat.

205 1438 295 1497 Anno
316 1436 422 1521 primo
449 1435 572 1520 imperii
594 1436 790 1501 Constantini
805 1437 911 1500 decem
936 1448 967 1501 et
995 1449 1113 1522 septem
1135 1440 1221 1502 annis
1230 1452 1257 1505 P·
1271 1436 1324 1492 ⁵³⁹
1344 1434 1376 1490 ¹⁰

121 1520 304 1603 imperantis
327 1528 494 1582 moverunt
522 1521 669 1584 Saraceni
692 1524 862 1585 exercitum
890 1523 922 1583 in
943 1524 1091 1601 Africam,
1113 1534 1145 1585 et
1167 1547 1221 1585 ea.

122 1606 210 1687 ptiva
238 1603 393 1666 duxerunt
425 1604 507 1665 milia
518 1613 582 1683 ,ut
612 1606 735 1685 ferunt,
758 1606 948 1687 octuaginta.
991 1627 1091 1689 porro
1113 1607 1146 1668 hi
1167 1608 1222 1752 spui

124 1686 334 1747 Orientalium
364 1696 454 1748 erant
474 1689 728 1773 provinciarum,
754 1687 973 1772 Chrysopolim
994 1700 1148 1753 venerunt
1195 1692 1223 1751 i·

122 1779 227 1830 centes
259 1770 303 1831 “si
333 1770 363 1830 in
397 1771 570 1833 trinitatem
600 1772 771 1851 credimur,
796 1782 861 1834 tres
893 1772 985 1833 etiam
1008 1778 1221 1837 coronemus.''

122 1855 268 1915 turbatus
289 1875 365 1935 crgo
394 1862 439 1913 cst
461 1852 681 1915 Constantinus
704 1876 741 1916 ec
787 1855 850 1916 uod
879 1855 944 1938 ipse
964 1853 1222 1920 soliuredimitus

122 1948 217 2009 essct;
246 1936 356 1997 fratres
389 1946 492 1999 autem
525 1938 588 1997 eius
619 1936 735 1999 nullam
764 1878 946 2021 dignitatem
972 1938 1138 2003 habebant.
1190 1949 1222 2002 et

121 2020 213 2080 misso
243 2020 415 2084 Theodoro
437 2019 590 2103 pratricio
614 2022 763 2085 Coloniae
785 2020 938 2107 mitigavit
958 2042 1026 2101 eos,
1057 2027 1221 2108 superlau-

123 2102 198 2163 dans
220 2102 298 2183 illos,
320 2111 352 2165 et
381 2102 540 2186 assumptis
562 2126 597 2166 cx
617 2106 659 2166 eis
680 2104 850 2169 maioribus
873 2116 959 2184 natu,
982 2116 1018 2167 ut
1038 2108 1149 2169 urbem
1170 2110 1222 2171 in-

121 2188 332 2269 grederentur
353 2196 386 2249 et
401 2208 473 2247 cum
490 2197 598 2250 senatu
611 2188 727 2253 inirent
744 2190 918 2273 consilium,
939 2200 975 2252 ut
1000 2192 1090 2253 tieret
1109 2193 1221 2253 volan.

121 2278 166 2329 tas
189 2291 309 2331 eorum.
353 2268 527 2353 imperator
556 2270 662 2334 taliter
683 2273 739 2334 hos
758 2272 905 2355 deceptos
924 2274 1087 2336 confestim
1108 2276 1139 2337 in
1161 2296 1221 2357 pa-

121 2354 226 2415 tibulo
255 2352 428 2435 suspendit,
454 2364 538 2417 trans
566 2356 681 2417 fretum
709 2357 740 2417 in
775 2356 878 2441 syces.
929 2366 962 2418 at
989 2358 1030 2419 illi
1062 2357 1122 2421 hoc
1152 2361 1217 2417 viso

120 2436 241 2499 contusi
261 2436 408 2500 abierunt
428 2434 572 2500 dolenter
599 2438 639 2500 ad
659 2439 807 2522 propria:
828 2438 1004 2524 imperator
1025 2452 1130 2504 autcm
1150 2442 1218 2503 fra-

120 2532 208 2583 trum
231 2541 361 2583 suoram
380 2522 529 2584 contiuuo
550 2541 637 2583 nasos
659 2520 800 2588 abscidit

206 2641 297 2702 Anno
321 2639 443 2721 imperii
466 2639 660 2700 Constantini
690 2637 827 2700 secundo
857 2646 1023 2719 tempestas
1042 2657 1152 2718 magna
1173 2639 1315 2712 ‹af-peto
1337 2608 1369 2696 d=

123 2721 204 2783 lecta
224 2729 280 2800 cst,
302 2729 335 2785 et
355 2721 444 2784 multi
461 2721 630 2804 periclitati
645 2732 716 2784 sunt
737 2733 801 2783 tam
816 2720 956 2782 homines
978 2743 1071 2805 qnam
1093 2719 1219 2785 bestiae.

120 2805 271 2868 Phadalas
292 2814 397 2868 autem
418 2803 552 2868 hiemem
571 2806 655 2890 apud
678 2807 824 2890 Cyzicum
843 2805 927 2867 lecit.

202 2923 294 2983 Anno
314 2921 439 3005 imperii
461 2921 655 2988 Constantini
681 2922 777 2986 tertio
797 2923 900 2986 Bosur
920 2943 992 2983 cum
1009 2919 1114 2981 hostili
1137 2926 1218 3003 pr'o.

121 3003 219 3066 lectus
243 3014 289 3066 cst
309 3013 475 3088 apparatu,
500 3013 531 3067 ct
552 3005 693 3089 plurimis
721 3007 850 3089 captiuis
876 3005 975 3069 ductis
998 3025 1138 3068 reversus
1161 3013 1216 3066 cst

200 3121 311 3182 Mundi
334 3141 416 3184 anno
438 3115 530 3198 6164,
552 3121 673 3184 divinae
694 3121 915 3184 incarnationis
936 3143 1019 3184 anno
1036 3113 1109 3200 664,
1131 3142 1214 3182 suno

119 3223 196 3266 aero
221 3205 342 3286 imperii
358 3205 551 3268 Constantini
574 3214 689 3290 quarto
702 3205 851 3288 apparuit
872 3205 928 3266 lris
949 3208 980 3266 in
1004 3207 1092 3267 caelo
1112 3224 1216 3268 meuse

120 3287 249 3366 Martio,
270 3297 301 3350 et
332 3291 461 3353 tremuit
482 3289 581 3352 omnis
601 3309 687 3368 caro,
716 3289 759 3350 ita
782 3299 818 3350 ut
838 3287 980 3350 dicerent
1001 3308 1106 3350 omncs
1128 3287 1217 3372 quod

120 3371 344 3432 consummatio
366 3379 420 3438 est.
473 3371 583 3435 eodem
606 3393 686 3433 anno
712 3372 793 3434 stolo
819 3393 931 3454 magno
955 3380 1137 3433 constructo
1160 3391 1216 3432 ue·

121 3461 243 3534 gatores
267 3454 381 3516 Christi
404 3456 549 3518 Muamcd
583 3465 615 3517 et
635 3455 737 3516 Caisus
767 3454 990 3537 navigaverunt
1011 3455 1041 3514 io
1064 3453 1214 3530 Ciliciam,

122 3546 150 3597 et
172 3537 390 3600 hiemaverunt
413 3557 505 3621 penes
525 3541 689 3623 Smyrnam
709 3538 848 3599 Ciliciam
871 3548 904 3601 et
922 3539 1060 3623 Lyciam,
1081 3539 1215 3599 attacta

122 3630 164 3680 cst
177 3621 353 3683 mortalitas
364 3623 395 3682 in
408 3629 557 3706 Aegypto.
577 3625 681 3684 missus
693 3631 797 3682 antem
811 3628 857 3682 est
866 3643 972 3684 saevas
987 3623 1120 3683 emireus
1142 3641 1214 3681 cum

122 3702 179 3765 alio
203 3725 332 3788 quoqne
365 3707 444 3766 stolo
464 3693 495 3766 in
519 3706 664 3768 auxilium
682 3706 834 3788 ipsorum,
855 3714 968 3788 utpote
996 3707 1214 3786 coagmentis.

121 3786 209 3847 timus
243 3798 275 3849 ct
303 3786 401 3849 audax
431 3787 469 3850 ad
491 3789 652 3871 praelium.
701 3797 735 3849 st
756 3809 833 3849 vcro
854 3791 1013 3870 praelatus
1033 3786 1213 3846 Constanti-

122 3889 183 3946 nus,
204 3871 382 3933 huiusmodi
407 3871 499 3933 deum
518 3872 768 3954 impugnantium
788 3871 930 3932 adversus
947 3871 1214 3951 Constantinopo-

122 3948 171 4012 lim
192 3965 279 4016 motu
302 3965 484 4037 comperto,
508 3955 681 4016 construxit
708 3965 740 4017 et
761 3955 826 4036 ipse
854 3957 954 4017 bieres
975 3956 1073 4015 mime
1095 3951 1214 4034 magni·

122 4035 244 4117 tudinis,
265 4038 367 4120 ignem
387 4039 530 4118 ferentes,
552 4050 646 4120 atquc
673 4036 853 4100 dromones.
907 4105 912 4112 ,

199 4166 291 4224 Anno
313 4163 436 4246 imperii
453 4161 646 4227 Constantini
667 4165 777 4246 quinto
798 4159 976 4245 praedictus
998 4157 1090 4222 deum
1112 4160 1348 4247 impu-p,5413

123 4247 279 4332 graetiam
298 4249 393 4308 stolus
414 4247 577 4312 ascendens
594 4247 746 4332 applicuit
768 4246 799 4307 iu
820 4243 1046 4309 'thracensibus
1062 4245 1213 4328 partibus,

229 4367 409 4441 Theophanes
432 4373 470 4424 11.
993 4366 1027 4420 12
