3050 4900
256 273 331 345 260
420 278 631 357 aunsthsn
661 270 858 346 nistouts
884 278 1194 349 EGClAESthTlCh

254 452 395 513 Prosam.
438 454 594 517 Octobrin
627 474 704 517 vero
737 475 842 517 mense
861 460 952 515 natus
986 462 1033 515 est
1055 451 1240 535 imperatori
1258 448 1347 527 lilios,

253 558 347 677 auem
371 538 541 599 nominavit
560 540 708 599 Leonem.
750 560 832 621 qnae
852 559 930 599 cum·
947 538 1143 621 cognovisset
1162 538 1346 632 imperator,

275 620 401 681 erelicta
422 631 521 683 matre
549 620 633 703 apud
666 621 816 683 Thermas
846 643 909 682 nna
929 642 1001 681 cum
1026 621 1141 683 ordine
1161 620 1249 703 regio
1272 641 1345 679 um.

252 722 343 765 serso
366 714 397 763 at
422 726 460 765 ue
482 705 675 786 principibus
694 706 810 767 cursim
834 704 865 765 in
887 705 1000 766 urbem
1021 724 1175 787 regressus
1189 714 1245 764 est
1267 723 1347 785 qua.

251 726 494 868 propterhuius
517 798 617 848 mater
636 788 737 869 spatio
759 799 888 871 reperto
918 787 1053 849 allocuta
1074 796 1172 849 estet
1194 785 1347 849 subtraxit

252 870 430 931 muneribus
451 894 486 931 ac
507 872 797 951 repromissionibus
819 895 835 931 a
857 872 974 932 minum
995 870 1164 953 principes,
1188 876 1225 929 ut
1246 868 1285 931 de
1308 889 1349 928 o·-

252 964 381 1013 neretur
401 954 479 1016 lilius
501 977 573 1015 suus
605 954 723 1036 etipsa
754 894 952 1038 singulariter
984 956 1165 1037 imperaret,
1187 952 1262 1013 alios
1285 890 1347 1012 ho-

253 1056 323 1095 rum
348 1058 406 1117 per
433 1059 465 1099 se
491 1038 606 1121 ipsam,
629 1037 704 1100 alios
726 1059 803 1101 vero
831 1060 891 1121 per
913 1036 1051 1099 homiues
1081 1059 1153 1098 snos
1171 1035 1345 1097 blandiens.

252 1126 284 1180 et
307 1119 434 1183 attraxit
455 1119 494 1181 ad
515 1142 547 1182 se
562 1142 679 1201 omnes,
693 1132 725 1184 et
744 1123 996 1203 praestolabatur
1010 1142 1184 1205 congruum
1206 1119 1347 1183 inuenire

251 1202 345 1263 diem.
402 1204 519 1267 interea
537 1207 656 1267 Romae
688 1206 826 1267 obeunte
853 1204 992 1266 Adriano
1031 1227 1111 1288 papa
1144 1213 1348 1265 consecratur

249 1287 324 1362 Leo,
344 1285 394 1346 vir
418 1287 702 1350 honorabilissimus
733 1298 765 1351 et
786 1310 847 1372 per
875 1290 979 1349 omnia
999 1288 1199 1350 reverendus.
1242 1307 1347 1349 mense

252 1390 328 1431 vero
350 1372 465 1431 Martio
489 1372 583 1433 exivit
606 1374 780 1456 imperator
802 1370 946 1435 adversus
959 1373 1085 1448 Arabes,
1106 1392 1211 1433 secum
1230 1370 1346 1432 habens

250 1455 448 1515 Stans-scium
471 1457 639 1536 patricium
659 1466 690 1517 et
710 1466 843 1535 ceteros,
855 1458 969 1517 amieos
991 1456 1099 1517 matris
1120 1476 1203 1533 suae,
1223 1475 1346 1516 necnon

251 1544 283 1598 et
302 1539 429 1599 electam
450 1548 610 1601 catervam
631 1540 850 1621 expeditorum
869 1539 1015 1601 videlicet
1047 1538 1183 1600 militnm
1206 1558 1242 1599 ex
1263 1539 1346 1599 utri-

251 1642 349 1705 usque
368 1622 567 1699 thematibus,
588 1624 697 1705 viginti
721 1623 816 1684 milia.
856 1621 996 1685 videntes
1017 1622 1051 1683 hi
1070 1623 1126 1707 qui
1148 1622 1233 1683 circa
1253 1623 1346 1683 Stau-

251 1706 371 1766 racium
390 1716 480 1766 erant
497 1708 690 1769 alacritatem
701 1706 868 1789 populiet
883 1708 1090 1789 imperatoris,
1111 1706 1286 1767 timuerunt
1306 1726 1347 1767 ne

250 1790 333 1849 forte
352 1788 435 1850 bello
458 1790 537 1849 inito
558 1789 611 1854 ille
629 1790 773 1851 vinceret
791 1798 824 1851 et
843 1790 901 1872 ipsi
923 1791 1093 1851 adinventis
1107 1787 1251 1851 adversus
1274 1810 1347 1849 enm

148 1891 175 1944 p.
189 1873 240 1929 7³1
251 1873 479 1933 frustrarentur
511 1873 637 1934 insidiis.
690 1893 766 1955 ergo
795 1874 963 1934 muneratis
991 1873 1101 1957 vigiliis
1123 1881 1346 1955 persuaserunt

251 1956 293 2018 eis
317 1956 454 2031 mentiri,
475 1954 670 2037 perhibendo
692 1958 864 2019 Saracenos
885 1957 1005 2039 fugisse.
1046 1956 1221 2039 imperator
1240 1956 1347 2039 itaque

148 2048 152 2057 “
249 2037 383 2100 multum
420 2041 559 2100 tristatus
592 2038 731 2101 inefficax
757 2041 869 2102 arbem
895 2042 1045 2123 ingressus
1067 2048 1133 2117 est,
1155 2049 1188 2101 et
1206 2038 1346 2101 kalendis

249 2122 338 2183 Maiis
359 2130 501 2183 mortuus
523 2132 569 2185 est
589 2124 669 2185 lilius
692 2124 756 2185 eius
777 2126 861 2201 Leo,
890 2134 922 2185 et
943 2124 1020 2186 lusit
1039 2146 1112 2185 eum
1134 2122 1344 2184 vehementer.

249 2224 351 2349 porro
383 2205 592 2267 decimosexto
614 2205 757 2269 kalendas
780 2210 930 2290 Augustas
962 2209 1001 2270 ab
1025 2206 1162 2290 equestri
1184 2227 1285 2289 agone
1304 2204 1346 2267 ad

274 2290 436 2349 .Mamam
458 2298 645 2369 transeunte,
669 2298 901 2353 transmearunt
936 2292 1081 2354 adversus
1102 2312 1173 2353 eum
1198 2310 1347 2371 compre-

186 2446 189 2456 ,
250 2369 448 2435 hendendum
471 2372 503 2433 hi
525 2372 579 2456 qni
600 2383 691 2436 erant
711 2396 747 2437 ex
766 2374 938 2451 ordinibus,
960 2396 1038 2472 quos
1053 2385 1154 2436 muter
1173 2374 1348 2456 imperato·

254 2457 296 2518 ris
318 2457 422 2519 fuerat
443 2459 588 2520 allocuta.
638 2479 703 2543 quo
736 2460 787 2522 ille
809 2462 936 2538 cognito
967 2481 998 2520 in
1032 2457 1228 2522 chelandium
1256 2479 1348 2518 snum

253 2541 404 2624 ingressus
428 2551 485 2619 est,
508 2550 540 2604 et
562 2545 765 2623 transmeavit
786 2543 826 2604 ad
839 2545 939 2627 Pylas,
960 2544 1065 2604 volens
1086 2543 1125 2603 nd
1137 2541 1348 2603 Orientalium

254 2624 358 2688 thema
382 2625 560 2708 confugere.
583 2633 674 2687 erant
694 2635 797 2688 antem
817 2649 889 2686 cum
910 2647 948 2688 eo
968 2635 1001 2688 et
1020 2626 1126 2688 matris
1148 2647 1220 2688 suae
1241 2625 1346 2701 amici,

253 2727 331 2791 qnos
355 2707 406 2771 ille
426 2708 470 2769 sic
491 2730 552 2769 esse
573 2711 698 2791 penitus
715 2709 890 2792 ignorabat.
931 2718 1095 2792 praeterea
1110 2709 1204 2770 exivit
1226 2709 1292 2790 ipsa
1313 2715 1348 2769 et

253 2791 366 2852 mulier
390 2791 454 2852 eius
476 2813 573 2874 usque
596 2791 635 2852 ad
656 2793 832 2855 Tritonem.
875 2812 978 2876 porro
1001 2793 1130 2855 consilio
1155 2793 1233 2854 inito
1254 2789 1348 2853 omini

253 2873 360 2934 matris
382 2874 455 2950 eius,
477 2875 530 2956 qui
552 2895 624 2936 cum
645 2874 712 2958 ipso
730 2886 830 2958 erant,
854 2875 1000 2938 dixerunt
1020 2876 1059 2937 ad
1081 2875 1279 2958 semetipsos
1300 2873 1345 2934 “si

252 2966 454 3018 coacervatus
478 2957 573 3017 fuerit
600 2959 627 3019 ei
649 2960 794 3040 populus,
818 2982 880 3023 non
903 2961 964 3020 iam
985 2958 1124 3021 dominio
1149 2959 1346 3040 constringe.

253 3051 317 3116 tur,
339 3063 395 3102 nec
416 3041 513 3102 latere
534 3044 707 3122 poterimus
728 3063 820 3119 eum,
852 3055 885 3106 et
911 3043 1026 3127 perdet
1054 3047 1138 3105 nns.''
1179 3052 1344 3124 materque

253 3125 347 3204 ipsius
370 3125 565 3210 congregatis
591 3125 622 3186 in
645 3126 758 3208 palatio
779 3127 952 3189 Eleutherii
982 3129 1024 3189 eis
1046 3127 1157 3211 quiex
1180 3123 1344 3186 ordinibus

252 3207 311 3269 sibi
344 3209 469 3270 fuerant
497 3208 662 3286 collocuti,
684 3208 829 3272 introivit
848 3211 1023 3294 palatium,
1042 3221 1075 3272 et
1096 3231 1167 3271 cum
1188 3208 1345 3271 didicisset

253 3290 364 3376 populi
386 3291 423 3354 ad
446 3293 670 3376 imperatorem
697 3315 894 3373 concursum,
914 3295 1020 3356 timuit
1041 3293 1150 3368 nimis,
1171 3303 1203 3355 et
1224 3301 1347 3354 tracta-

252 3375 309 3437 bat
330 3377 464 3458 qualiter
482 3378 622 3438 mittaret
642 3377 804 3460 episcopos
826 3378 865 3439 ad
887 3400 959 3440 eum
980 3389 1012 3440 et
1032 3378 1190 3459 acciperet
1211 3377 1344 3438 verbum

255 3470 286 3520 et
305 3459 427 3521 sederet
448 3460 478 3520 in
498 3459 621 3544 angulo.
644 3483 754 3522 verum
777 3464 901 3544 scripsit
923 3462 1045 3525 occulte
1065 3459 1105 3521 ad
1126 3459 1241 3522 amicos
1262 3479 1344 3535 snos,

255 3544 308 3625 qui
332 3565 401 3603 cum
433 3565 471 3604 eo
490 3553 596 3621 erant,
619 3546 691 3628 qnia
723 3546 779 3608 nisi
808 3545 937 3608 modum
966 3546 1136 3630 quemlibet
1156 3542 1290 3606 feceritis
1312 3551 1346 3602 et

159 3625 446 3710 p'ltt'trudideritis
470 3650 550 3706 cum,
573 3628 670 3689 verba
695 3651 775 3712 quae
797 3630 951 3692 babebitis
979 3650 1101 3690 mecum
1126 3627 1266 3690 indicare
1285 3625 1346 3685 bu.

254 3711 315 3772 beo
338 3709 536 3792 imperatori.
578 3711 675 3774 atilli
697 3722 867 3776 metuentes
888 3722 1058 3776 tenuerunt
1077 3735 1148 3774 cnm
1166 3710 1205 3773 ad
1227 3729 1345 3794 preces,

255 3803 287 3856 et
310 3793 341 3856 in
365 3793 560 3856 chelandium
581 3795 710 3859 inducto
732 3819 770 3858 eo
791 3798 920 3858 sabbato
939 3819 1030 3859 mane
1051 3805 1205 3858 venerunt
1226 3792 1265 3856 ad
1287 3815 1346 3854 nr-

254 3879 336 3955 bem,
358 3889 390 3940 et
411 3880 605 3941 incluserunt
626 3901 696 3942 eum
719 3879 751 3941 in
774 3880 868 3942 domo
893 3901 1073 3964 purpurea,
1096 3880 1127 3940 in
1149 3901 1212 3964 qua
1233 3887 1265 3938 et
1287 3899 1345 3938 na-

257 3970 391 4038 tuaest,
415 3973 447 4024 et
478 3963 561 4026 circa
585 3962 697 4025 horam
727 3984 842 4025 nonam
870 3965 1043 4026 crudeliter
1078 3975 1110 4026 et
1135 3960 1346 4025 insanabiliter

258 4044 364 4107 oculos
386 4045 450 4108 eius
472 4047 617 4123 evellunt,
638 4047 681 4108 ita
704 4047 844 4110 nthuno
866 4069 950 4110 mors
973 4049 1162 4130 subsequens
1182 4044 1345 4106 confestim

257 4127 459 4214 extingueret,
478 4129 607 4194 consilio
624 4130 732 4194 matris
753 4131 818 4195 eius
837 4142 870 4196 et
890 4132 1141 4194 consiliariorum
1161 4130 1265 4213 ipsius.
1286 4127 1346 4188 oh-
