3050 4900
462 369 602 437 NOTAE
629 369 920 439 Postumuleno.
977 373 980 386 '
1167 368 1239 438 515

154 554 216 616 qua
239 531 385 615 pervenit
412 529 451 594 ad
475 532 627 616 oppidum
645 533 850 618 Dagaatbani,
872 534 926 598 ubi
958 543 991 597 et
1013 532 1163 598 extinctus
1183 545 1240 600 est.

151 639 210 678 nec
229 637 306 679 vero
328 615 353 678 in
372 615 458 677 loeua
479 615 659 679 commodus
679 627 748 680 erat
767 629 803 682 ut
834 618 943 682 consul
962 639 1141 702 pompaque
1165 639 1246 701 pro.

151 700 290 776 cederet,
311 699 365 784 qui
387 699 502 762 afflicto
524 700 613 762 valde
635 702 774 763 exercitu
790 725 901 765 verane
922 702 1038 786 regiam
1058 703 1168 764 urbem
1191 711 1245 764 nt.

150 805 285 868 cumque
306 791 415 866 ageret
434 784 512 856 iter;
542 805 641 866 eaque
669 785 765 846 fuerit
787 808 887 864 cauta,
910 808 969 847 eur
991 797 1129 848 creatum
1152 786 1244 848 nobi·

152 867 301 930 tissimum
321 865 418 928 tilium
438 888 528 928 auum
545 868 682 930 noluerit
700 867 847 930 hactenus
867 891 1040 953 purpuram
1062 869 1203 932 induere.
1228 870 1238 896 '

232 981 285 1062 88,
306 981 336 1044 9.
379 980 631 1066 καταληφθῆναι·
654 983 804 1068 ἐξαίφνης
824 983 860 1046 δὲ
881 984 914 1046 ἓν
933 985 996 1070 τῷ]
1018 988 1110 1070 Peyr.
1131 985 1221 1048 bene.

238 1089 392 1165 thiat'tt.
438 1091 673 1162 Olatrmaxta
684 1099 862 1179 λεγόμενον]
878 1101 971 1164 Barb.
982 1103 1077 1188 Peyr.
1102 1109 1160 1163 ete.
1181 1101 1242 1164 sic-

151 1206 249 1268 quen
272 1183 403 1246 Valente
425 1184 635 1266 appellandus,
658 1194 754 1268 atque
767 1185 915 1263 Valentia,
937 1206 1000 1249 non
1013 1184 1241 1268 Valentiniani,

149 1276 187 1330 ut
207 1277 355 1330 currente
373 1265 491 1328 calamo
514 1267 575 1329 suit
595 1266 762 1330 redditum.

231 1372 283 1453 89,
309 1373 342 1437 4.
395 1374 554 1454 πέμπουσι
581 1374 617 1438 dl
636 1376 692 1438 aet
724 1369 807 1455 πρὸς
826 1375 992 1457 Λιβέριον]
1013 1375 1113 1460 liquet
1137 1375 1243 1440 deense

148 1458 199 1520 bic
221 1457 347 1543 aliquid.
388 1480 540 1542 nusquam
561 1459 643 1520 enim
664 1457 747 1543 apud
770 1460 845 1520 alios
867 1469 1010 1522 auctores
1033 1459 1155 1544 legitur,
1175 1459 1240 1520 Va·

151 1542 274 1623 lentem,
299 1551 394 1627 etque
414 1541 590 1604 Eudoxium
614 1540 652 1602 ad
671 1543 832 1605 Liberium
852 1565 963 1626 papam
985 1542 1100 1640 legatos
1120 1541 1254 1621 misisse,

148 1634 205 1687 aut
226 1627 433 1688 Arianiamnm
464 1623 542 1686 (latia
573 1625 681 1688 libeliis
716 1627 880 1688 abiurasse.
910 1628 985 1710 trip.
1018 1637 1092 1688 rator
1126 1625 1241 1710 legatos

149 1710 254 1770 missos
274 1711 320 1772 ait
340 1732 359 1771 a
378 1708 625 1786 Macedoniania,
645 1709 699 1793 qni
729 1709 979 1792 persecutionem
999 1710 1198 1792 patiebantur
1220 1731 1238 1770 a

148 1793 292 1871 Valente,
315 1801 349 1855 et
367 1792 523 1855 Eudoxio.
567 1791 620 1855 sed
639 1791 811 1876 etNicepla.
833 1795 907 1878 quin
929 1803 962 1855 et
985 1793 1050 1876 ipae
1072 1793 1243 1875 Theopha-

17 1951 20 1958 .
149 1899 202 1938 nes
222 1899 295 1960 pag.
312 1875 354 1940 58
382 1877 516 1958 idipsum
538 1875 719 1960 significant,
741 1878 794 1940 ubi
816 1875 1001 1940 desecanda
1022 1898 1143 1940 oecum.
1167 1897 1245 1960 ayn-

149 1960 224 2037 odo,
246 1982 284 2022 ac
302 1959 532 2022 Macedoniania
565 1961 708 2023 dantibus
738 1961 852 2023 iterum
884 1960 1025 2042 libellos,
1042 1971 1079 2023 ut
1099 1959 1155 2023 sub
1175 1959 1244 2021 Va.

149 2043 233 2106 lente
254 2043 408 2107 dederent
428 2042 574 2117 biberim
607 2064 626 2105 a
658 2064 724 2127 quo
746 2044 840 2108 etiam
863 2044 958 2106 literis
981 2041 1243 2106 commendatitiis

149 2126 322 2226 impetratis
335 2171 346 2205 ,
368 2127 405 2187 iia
424 2147 457 2188 ae
482 2135 632 2211 tanquam
661 2127 749 2189 navia
782 2139 850 2192 tum
870 2149 1039 2212 perperam
1060 2127 1242 2192 tuebantur.

146 2229 308 2294 εγγραφω
327 2206 409 2290 ὑπὲρ
428 2208 498 2272 τοῦ.

230 2325 281 2404 95,
300 2325 333 2389 7.
367 2320 435 2390 'nair
468 2325 566 2411 θυμῷ
586 2322 856 2410 dammandum]
885 2325 1048 2409 legendum
1068 2326 1162 2409 plane
1182 2321 1243 2402 nair

145 2399 252 2495 θύμῳ,
274 2409 360 2495 quod
383 2419 430 2475 eat
450 2409 576 2490 tbimua,
596 2410 660 2473 sive
681 2409 814 2472 thimnm
842 2411 940 2473 herba
964 2419 1040 2473 nota
1059 2412 1147 2473 satia:
1170 2429 1242 2471 cum

146 2492 245 2557 thimo
275 2494 404 2557 naribus
435 2494 667 2577 obstrepentem
698 2495 762 2555 sive
790 2514 828 2555 eo
860 2494 971 2556 leviter
998 2514 1049 2556 eas
1068 2493 1242 2567 caedentes,

146 2577 235 2660 qnod
255 2576 406 2639 eiusmodi
427 2576 522 2640 herba
553 2577 590 2638 iis
625 2575 723 2637 soleat
742 2576 900 2655 adbiberi,
920 2584 998 2639 teste
1018 2578 1160 2639 Dioscor.
1186 2577 1242 2659 qni

148 2662 190 2723 ob
211 2680 327 2724 eraaaoa
348 2661 494 2723 humores
508 2660 678 2745 deliquium
691 2660 865 2742 patiuntur,
886 2660 1059 2723 cuiusmodi
1080 2668 1150 2721 sunt
1171 2680 1243 2719 mn-

146 2743 246 2823 lierec,
270 2744 346 2805 dum
363 2744 531 2829 patiuntur
549 2765 631 2830 quae
650 2751 722 2804 annt
749 2754 891 2807 naturae.
913 2744 978 2807 sire
998 2764 1074 2827 ergo
1097 2751 1241 2806 contem-

57 2829 61 2846 ¹
145 2835 215 2911 ptn,
234 2827 299 2891 aive
319 2837 355 2889 ut
376 2849 521 2891 venerem
535 2828 717 2905 excitarent,
737 2829 782 2889 aic
803 2828 897 2891 sacris
919 2826 1089 2912 virginibus
1109 2827 1241 2889 tbimum

145 2910 274 2973 naribus
293 2910 473 2975 adhibenter
495 2910 676 2987 illudebant.
728 2932 803 2995 quar
823 2912 905 2974 enim
924 2912 968 2973 aie
990 2910 1127 2974 reductis
1149 2910 1240 2974 vesti-

144 2994 202 3058 bus
222 2993 319 3057 nudas
348 2994 623 3057 circumducebant
640 3014 700 3077 per
717 2994 847 3072 urbem,
873 3003 906 3057 et
935 2994 974 3055 ad
1005 3018 1093 3058 nares
1126 2994 1241 3057 caede·

144 3078 232 3155 bant,
256 3079 291 3140 iia
310 3077 468 3161 impudice
482 3079 695 3141 abutebantur
713 3072 853 3157 ἀσελγῶς
874 3067 987 3150 edente
1006 3076 1167 3157 χρώμενοι
1184 3076 1240 3138 ad·

145 3182 249 3246 eoque
280 3182 342 3223 non
372 3162 527 3225 atrociter
559 3162 746 3238 caedebant,
769 3171 805 3224 ut
836 3158 974 3223 reddidit
994 3161 1157 3245 interpres,
1177 3182 1240 3221 non

144 3244 308 3307 attendens
329 3244 421 3306 aliam
435 3248 521 3309 vocis
536 3245 618 3307 illins
633 3245 694 3307 alio
711 3252 842 3306 accentu
853 3244 1121 3327 significationem,
1145 3264 1240 3303 unam

145 3338 234 3391 certe
253 3327 305 3390 hie
326 3328 532 3391 commodam.
575 3338 621 3391 est
638 3328 732 3392 etiam
752 3348 898 3411 porrum,
920 3348 996 3410 nepa
1021 3328 1165 3410 agrestia3
1187 3324 1241 3387 aed

144 3412 237 3473 thimi
255 3410 375 3475 herbae
392 3411 449 3490 via,
466 3421 499 3475 et
520 3420 633 3475 natura
647 3412 700 3475 bie
722 3410 960 3496 congruentior,
979 3411 1022 3473 ob
1046 3409 1162 3474 dictam
1183 3432 1240 3473 ru-

143 3495 274 3558 tionem.

228 3600 280 3680 96,
305 3609 334 3671 1.
374 3606 444 3676 ταῖς
465 3603 658 3680 Βασιλείαν,
691 3596 746 3665 καὶ
766 3602 925 3665 Melatton
949 3594 1123 3683 ἔξηγὴσεσι]
1145 3600 1240 3662 Basi-

143 3686 198 3761 lio,
218 3700 248 3747 et
267 3688 407 3765 Meletio,
429 3697 491 3749 etc.
520 3687 704 3766 amonim
738 3694 828 3749 utet
855 3686 989 3749 Cedreni
1019 3686 1151 3766 interpr.
1174 3683 1240 3747 sive

145 3770 274 3832 illorum
297 3772 436 3846 hortatu,
460 3778 493 3832 et
511 3772 663 3831 suasione.
706 3769 807 3831 minas
830 3791 1018 3851 expressum,
1035 3768 1158 3845 Basilii,
1179 3774 1239 3829 etc.

143 3853 306 3915 indintria.
348 3855 542 3937 impulerunt
559 3854 676 3917 seilicet
688 3853 748 3915 viri
768 3854 946 3915 sanctissimi
968 3862 1003 3913 nt
1018 3852 1146 3933 Euagrit
1167 3850 1239 3911 loco

144 3938 310 4019 pauculam
340 3938 463 4021 plebem
494 3938 554 3999 ΕΡ.
577 3937 787 4000 orthodoxam
816 3939 956 4013 foveret,
980 3936 1070 4017 eique
1088 3933 1240 4077 praeiret,

90 4064 95 4077 ,
145 4022 203 4083 etsi
226 4021 364 4085 nondum
389 4022 476 4085 urbia
504 4022 668 4104 episcopua
694 4029 790 4099 meet,
814 4020 900 4105 quod
931 4026 1037 4101 postea
1059 4018 1088 4077 Τ
1110 4014 1238 4078 eodosio

145 4106 338 4188 imperatore
356 4107 456 4168 sactus
478 4113 533 4168 eat.

227 4210 281 4288 97,
304 4212 336 4276 9.
376 4210 539 4294 tucatur]
564 4208 599 4274 ix
620 4210 656 4275 δὲ
676 4209 731 4294 πῆς
751 4201 937 4281 διατάσεως.
977 4203 1021 4269 aie
1043 4206 1122 4273 bene
1142 4206 1236 4269 Birt.
