3050 4900
524 291 575 354 m
610 287 867 354 rasennam.
935 297 937 299 ’
1053 268 1056 275 ’
1166 289 1236 364 tor

159 471 201 523 est
220 459 302 542 apud
324 457 636 542 Constantinopolim.
659 457 747 544 qnod
772 471 917 524 mortuus
944 470 1023 524 esset
1044 462 1238 544 imperator:

158 551 282 606 venerat
298 543 383 604 enim
402 567 421 604 a
450 543 587 621 Thrace,
617 552 648 606 et
676 545 831 606 neminem
861 543 995 607 videbat
1036 567 1113 627 ergo
1134 547 1238 627 plebes

157 647 286 710 rapuere
308 648 400 708 panes
418 626 524 690 subito
537 649 573 690 er
593 627 669 690 locis
691 627 722 688 io
744 628 858 712 quihus
878 627 996 690 licbaut
1015 638 1047 690 ει
1063 630 1240 694 vendeban-

157 721 224 783 tur;
248 718 280 772 ct
301 711 385 772 circa
406 710 518 772 horam
537 711 664 774 tertiam
688 732 752 772 uon
774 711 992 774 inveniebatur
1010 714 1098 793 panis
1120 715 1150 772 in
1171 721 1239 775 tota

157 793 239 855 urhe.
259 794 361 855 clausa
381 813 509 878 quoque
528 803 602 858 sunt
622 795 808 878 ergasteria,
827 805 860 856 et
881 797 1062 858 susurrabat
1080 797 1241 877 palatium,

156 878 225 961 quia
245 897 339 938 nemo
361 898 397 938 ex
418 885 526 940 senatu
545 879 672 962 videbat
690 879 916 961 imperatorem
936 899 975 940 eo
991 879 1078 963 quod
1099 880 1242 941 dolorem

156 961 260 1042 cupitis
282 968 456 1042 pateretur,
478 971 511 1024 ct
531 981 567 1024 cx
582 961 644 1024 hoe
662 961 867 1024 crediderunt
881 961 969 1045 quod
982 961 1144 1029 defunctus
1166 972 1242 1026 esset

156 1045 335 1126 imperator.
377 1045 497 1108 interca
529 1043 612 1108 circa
634 1045 748 1107 huram
769 1067 884 1108 nonam
903 1045 979 1108 iecit
997 1055 1117 1108 senatus
1137 1045 1242 1114 consi-

155 1127 237 1204 lium,
252 1137 286 1188 ει
302 1127 455 1190 miserunt
470 1128 672 1210 praelectum,
685 1139 717 1192 et
731 1129 875 1192 lecerunt
893 1129 1010 1190 lumina
1026 1130 1057 1190 in
1069 1139 1135 1191 tota
1152 1130 1240 1205 urbe,

155 1210 301 1294 quonium
320 1233 409 1273 sanus
428 1213 527 1274 sactus
550 1222 596 1274 est
615 1213 800 1296 imperator,
818 1222 852 1276 ut
869 1211 932 1276 hoc
945 1213 1041 1275 modo
1064 1223 1173 1295 erepta
1197 1221 1242 1274 est

153 1295 257 1358 civitas
282 1318 301 1356 a
323 1295 513 1358 turbatione.
534 1304 701 1378 postquam
723 1305 828 1358 autem
846 1317 936 1357 sanus
966 1297 1090 1358 effectus
1112 1307 1159 1359 εει
1181 1297 1253 1371 im-¹

153 1388 291 1461 pcrator,
313 1378 479 1460 Eugenius,
501 1377 555 1462 qui
574 1379 677 1442 luerat
694 1381 882 1462 praefectus,
904 1378 1189 1463 detraxitGeorgio
1211 1389 1243 1442 et

153 1461 299 1524 Aetherio
322 1461 531 1540 curatoribus,
554 1462 642 1560 quasi
663 1461 1044 1526 voluisseutheodorusn
1057 1465 1159 1526 lacere
1182 1464 1243 1523 im-

154 1553 344 1688 peratorem,
368 1544 466 1608 lilium
487 1545 575 1608 Petra
594 1547 745 1630 magistri.
797 1567 932 1629 cumque
950 1546 1058 1609 luisset
1078 1569 1168 1608 causa
1192 1545 1244 1606 di-

166 1629 284 1710 igenter
305 1627 451 1712 inquisita
486 1638 518 1690 et
539 1628 710 1694 nullatenus
732 1631 951 1713 comprobata,
976 1630 1008 1690 in
1031 1631 1109 1690 iram
1130 1629 1244 1691 cecidit

154 1712 349 1793 imperatoris
370 1712 535 1795 Eugenius‚
556 1723 588 1776 ct
608 1711 717 1776 domus
739 1715 805 1776 eius
826 1713 952 1796 publico
975 1714 1105 1776 estfisco
1120 1714 1241 1774 collata.

153 1815 256 1858 rerum
282 1794 334 1858 ille
354 1795 395 1859 ud
414 1796 572 1860 ecclesiam
594 1797 711 1880 fugiens
731 1799 864 1861 saluatus
885 1805 943 1860 cst.
973 1799 1054 1860 facta
1076 1808 1122 1861 cst
1138 1797 1375 1868 autemst-³643

153 1879 326 1940 mortalitas
347 1887 431 1942 vasta
452 1879 485 1940 in
507 1878 613 1942 Cilicia
639 1890 672 1943 cl
690 1883 855 1944 Anasarbo
881 1889 914 1943 el
932 1879 1099 1943 Antiochia
1121 1903 1242 1961 magna,

153 1981 272 2024 amnon
288 1973 323 2024 et
334 1972 567 2035 terraemotum
590 1973 622 2028 et
637 1965 791 2047 congressi
804 1971 877 2026 suut
890 1963 1034 2028 adversus
1055 1964 1242 2026 alterutrum

152 2045 324 2108 orthodoxi
354 2054 386 2108 ει
406 2046 587 2116 severiani.
622 2056 655 2110 et
690 2050 787 2110 multa
807 2047 976 2110 homicidis
995 2051 1078 2110 lacta
1099 2057 1189 2120 sunt;
1210 2057 1242 2108 et

153 2129 238 2192 misso
256 2129 435 2212 imperator
454 2129 620 2192 Zimarcho
648 2132 764 2194 comite
786 2132 924 2194 Orientis
956 2131 1095 2195 inhibuit
1117 2130 1242 2192 inordi-

154 2222 257 2290 natos,
278 2222 314 2276 et
341 2213 455 2278 multos
484 2215 514 2276 in
537 2213 659 2278 exilium
680 2215 766 2278 misit
789 2224 823 2278 ει
844 2215 1016 2298 publicavit
1037 2237 1074 2278 ac
1092 2215 1240 2278 membris

152 2295 337 2360 debilitavit.

228 2403 342 2467 Mundi
366 2423 446 2466 anno
468 2399 566 2483 6054,
592 2403 714 2468 divinae
733 2403 958 2468 incarnationis
978 2424 1060 2466 anno
1084 2403 1156 2480 554,
1175 2405 1240 2465 tri·

153 2487 259 2550 cesimo
311 2488 398 2550 uinto
423 2487 547 2572 imperii
569 2489 728 2551 lastiniani
758 2510 840 2551 auno
862 2498 953 2570 capta
972 2498 1019 2549 cst
1040 2488 1142 2549 llobes
1162 2487 1241 2549 civi.
1250 2490 1375 2558 photil

153 2579 194 2632 tas
215 2572 254 2634 'ab
309 2573 411 2645 unnis3
435 2580 467 2635 ει
489 2573 571 2634 misit
587 2570 954 2655 imperatorlllarccllum
975 2572 1155 2655 magistrum
1178 2570 1240 2632 mi.

152 2652 236 2715 litum
258 2676 332 2717 eum
351 2656 489 2718 exercitu
506 2658 617 2735 multo,
641 2664 676 2717 ut
695 2656 834 2738 eriperet
855 2654 1025 2716 civitatem.

229 2764 403 2826 Tricesimn
430 2774 515 2828 serto
534 2762 667 2848 'imperii
693 2762 852 2826 iustiniani
886 2784 967 2824 anno
991 2772 1120 2845 tropaea
1142 2768 1336 2841 arreptitii
1361 2770 1380 2823 6

153 2858 224 2910 runt
242 2872 262 2909 a
284 2850 384 2909 Roma
405 2848 507 2909 Narsis
529 2850 664 2931 patricii,
683 2848 706 2909 si
731 2846 888 2909 nificantia
908 2846 1178 2930 comprehendisse
1200 2846 1240 2907 il-

151 2929 211 2991 lum
237 2932 333 2994 urbes
355 2932 488 2993 munitus
508 2932 687 2994 Gothorum
708 2872 794 3010 duas,
806 2930 965 2993 Veronam
986 2931 1102 2993 scilicet
1123 2940 1155 2993 el
1166 2929 1239 2991 Bri-

152 3014 236 3075 riam.
281 3014 424 3077 vicesima
448 3037 523 3077 vero
546 3016 655 3099 quinta
678 3015 729 3079 die
748 3015 931 3077 Novembris
951 3015 1060 3076 mensis
1080 3036 1151 3075 sero
1167 3014 1241 3075 iusi·

151 3094 212 3159 dias
232 3096 375 3161 meditati
395 3108 467 3159 sont
484 3098 621 3183 quidam,
644 3107 680 3160 ut
700 3100 883 3160 occiderent
898 3099 1128 3181 imperatorem.
1150 3106 1242 3157 erant

152 3192 253 3245 autem
284 3180 430 3245 Ablabius
459 3191 491 3243 et
520 3183 682 3244 Marcellus
713 3182 919 3265 pecuniarum
942 3178 1087 3243 venditor
1114 3188 1145 3240 et
1164 3182 1241 3240 Ser-

151 3264 223 3345 gios.
267 3264 429 3326 meditatio
461 3272 565 3327 autem
590 3288 701 3328 eorum
723 3276 794 3327 crat
818 3264 1012 3326 huiusmodi:
1035 3285 1105 3324 cum
1126 3262 1242 3324 sederit

151 3346 180 3407 in
202 3347 342 3411 triclinio
362 3368 455 3423 sero,
487 3351 666 3432 priusquam
689 3347 863 3412 discedendi
887 3348 1011 3409 lieentia
1032 3347 1133 3425 detor,
1154 3345 1240 3408 occi·
1271 3392 1274 3399 .

151 3428 224 3495 dant
246 3454 330 3508 eum,
349 3416 495 3494 hahentes
512 3432 649 3495 homines
666 3453 737 3495 suos
751 3432 811 3495 sihi
825 3442 1031 3513 cooperantes
1047 3430 1147 3507 lndos,
1170 3430 1239 3491 abs·

150 3514 294 3577 conditos
323 3514 354 3577 in
374 3516 553 3577 Silentiario
589 3526 621 3577 el
652 3517 682 3577 in
715 3515 910 3612 Archangelo
942 3526 975 3578 et
1004 3518 1033 3575 in
1056 3516 1177 3587 Curru,
1203 3520 1239 3572 ut

151 3618 220 3658 cnm
248 3600 330 3661 facta
362 3598 458 3661 luerit
490 3598 696 3676 machinatio,
729 3600 942 3661 turbationem
970 3598 1093 3660 faciant.
1135 3614 1238 3677 porro

152 3678 233 3743 idem
253 3682 402 3744 hhlahius
421 3682 515 3743 etiam
536 3705 647 3745 aurum
669 3684 790 3764 accepit
810 3706 827 3743 a
848 3682 997 3744 Marcello
1020 3679 1139 3762 argenti
1161 3682 1335 3749 ven-poce

152 3764 266 3843 ditare,
289 3766 381 3827 libras
403 3766 595 3849 quaingesrtas,
611 3776 644 3828 nt
670 3766 725 3827 sibi
750 3776 987 3849 cooperaretur.
1029 3761 1081 3826 scd
1102 3761 1161 3824 deo
1183 3783 1240 3823 vo-

152 3848 233 3911 lente
260 3848 330 3911 fisus
363 3858 408 3912 est
430 3850 574 3911 Ablabius
603 3850 737 3913 Eusebio
769 3849 945 3928 exconsuli,
968 3847 1021 3935 qni
1049 3856 1117 3908 erat
1138 3866 1241 3907 cornea

219 4022 305 4089 gloria
327 4021 467 4074 diffamari.
507 4024 661 4075 Anastasius
678 4023 838 4076 bibliothec.
864 4022 891 4074 iu
910 4019 1024 4091 epistola
1043 4017 1078 4070 ad
1095 4018 1241 4071 martinum

222 4093 304 4157 episc.
324 4092 420 4143 lirin:
440 4093 517 4165 potui
536 4090 561 4146 ci
582 4095 697 4149 scribere
714 4096 924 4149 aciuuotescare
942 4092 1029 4145 omnia
1040 4106 1112 4165 quae
1127 4090 1162 4145 de
1181 4090 1241 4162 ipso

221 4162 435 4218 mummulus
471 4165 549 4219 Fun.
1069 4200 1072 4205 .
