3050 4900
649 317 800 382 NOTAE.
863 337 867 344 ·
1194 310 1263 381 331

179 491 250 550 nico
279 508 396 548 aurnuns
427 487 623 556 Constantini
659 487 699 549 27
732 489 880 569 assignat,
919 507 1012 569 qnam
1042 484 1186 552 Petavlns
1218 507 1269 548 se·

201 574 296 634 uitur.

179 597 200 656 q
259 648 311 729 41,
334 653 361 718 l.
404 651 447 735 τῷ
470 651 501 712 δ’
520 651 605 736 ανίῷ
628 647 735 736 χρόνῳ
775 655 807 714 in
829 675 943 716 annuns
961 651 1158 734 superiorem
1179 653 1267 714 Con..

176 738 314 815 stantini,
335 735 484 797 nimirum
504 736 555 818 tl,
580 736 776 818 Helenopois
809 737 971 798 conditum
992 736 1090 800 refert
1110 735 1270 820 Hierony-

179 842 267 895 mus,
291 840 326 880 er
348 841 413 902 quo
433 817 473 880 ad
493 819 624 880 verbum
647 818 723 882 haec
746 820 906 902 perioche.
948 819 1024 882 atsi
1046 819 1151 900 primo
1172 841 1268 900 supra

177 905 356 964 vicesimum
375 912 513 963 sanctam
535 923 659 966 crucem
683 903 884 986 conquisivit,
907 911 939 964 et
959 910 1094 963 mortam
1116 903 1267 985 oppetiitr

178 987 256 1051 lilius
277 1009 354 1048 vcro
375 985 602 1069 consignandae
619 987 698 1049 illins
718 987 803 1069 apud
819 997 960 1068 posteros
976 986 1155 1064 raemoriae,
1171 993 1267 1068 prout

179 1071 297 1136 indicat
308 1072 495 1132 sozomenus
520 1070 603 1130 tint
625 1071 719 1151 cap.1
743 1071 783 1132 ad
805 1071 929 1147 calcem,
952 1070 1167 1152 Helenopolim
1178 1070 1268 1138 ,illins

180 1154 305 1214 nomine
326 1153 478 1230 excitavit,
503 1163 574 1214 aute
589 1163 781 1234 praesentem
796 1176 911 1216 annum
933 1153 1017 1214 urhis
1039 1175 1117 1234 opus
1141 1153 1268 1235 aggredi

178 1239 306 1300 minime
329 1237 451 1318 potuit:
485 1237 615 1298 maxime
647 1259 719 1298 curn
748 1237 863 1304 Helena
897 1236 1117 1317 Hierosolymis
1148 1236 1268 1298 radiens

178 1323 345 1402 Drepanon
361 1320 488 1380 Luciani
508 1321 654 1404 martyris
667 1319 864 1402 sepolchrum
879 1342 995 1382 ornare
1015 1319 1168 1402 coeperit,
1190 1340 1270 1402 qnae

179 1426 226 1466 res
245 1403 342 1466 lilium
362 1403 480 1478 movit,
511 1413 547 1464 ut
569 1415 713 1466 mortuae
740 1404 847 1466 matris
868 1404 1016 1485 pietatem
1037 1425 1073 1464 ac
1095 1424 1208 1464 nomen
1230 1423 1268 1464 eo

177 1487 248 1550 loco
272 1486 515 1552 commendaret.
536 1487 619 1548 favet
640 1486 812 1549 chronicon
834 1487 982 1548 Alexand.
998 1485 1036 1547 ad
1059 1509 1173 1547 annum
1184 1485 1268 1546 Con·

175 1570 302 1633 stantini
322 1569 370 1630 92.
414 1569 562 1633 videndus
583 1571 733 1634 Baronius
754 1593 805 1632 an.
831 1570 860 1630 d.
881 1567 943 1632 326
965 1591 1050 1632 num.
1075 1568 1113 1630 57
1137 1579 1169 1630 et
1186 1567 1236 1630 58.

256 1675 342 1738 Ibid.
364 1670 397 1737 4.
438 1671 610 1756 ὀκτάγωνον
638 1672 801 1759 κοριοκόν]
851 1669 886 1738 ἐν
916 1670 1087 1754 ὀκταέδρου
1111 1668 1269 1745 συνεστώς

175 1752 327 1838 σχήματι,
351 1756 448 1833 οἴκοις
467 1779 502 1821 rs
532 1755 693 1842 nisinun,
717 1759 860 1838 ἔξέὃροις
878 1779 912 1819 rs
942 1757 977 1820 ἐν
996 1759 1099 1842 κύκλῳ
1116 1755 1270 1836 duronius

176 1862 211 1904 ss
229 1837 285 1904 uui
303 1844 475 1923 xnrnyss'nnr
496 1841 694 1923 χωρημιὶιονν
708 1842 1029 1921 περιεστοιχισμένον.
1061 1842 1211 1904 Eusebius
1233 1839 1271 1901 do

180 1926 243 1985 vita
264 1927 372 1987 Const.
395 1949 462 2008 cap.
484 1923 524 1986 49
547 1929 632 1986 cuius
653 1928 815 2007 interpres.
856 1927 900 1986 od
919 1928 1049 2006 speciem
1072 1927 1142 1986 solii
1160 1937 1270 1986 natan.

175 2009 292 2090 guma
304 2007 512 2089 fabricatum,
537 2011 637 2071 nrnln's
652 2011 820 2084 aediculis,
844 2009 1022 2093 exedrispne
1044 2009 1176 2084 studione
1196 2029 1270 2068 οοιι-

178 2095 309 2168 structis,
331 2093 533 2177 compluribus
553 2095 628 2154 item
647 2093 793 2154 tabulatis
813 2112 901 2172 super
918 2093 1035 2155 terrosa
1059 2091 1272 2154 eminentibuss

179 2171 306 2258 denique
313 2177 493 2253 fornicibus
511 2175 612 2236 subter
637 2176 762 2240 emacient
784 2176 915 2251 abditis,
935 2195 978 2238 nnn
997 2177 1082 2236 omni
1098 2189 1192 2258 porte
1211 2175 1271 2234 cirr-

180 2261 448 2340 cumseptumsuit.
503 2258 534 2318 in
555 2281 671 2319 annum
697 2259 838 2340 priorem
862 2257 923 2318 hoc
945 2257 1119 2320 aedificium
1144 2263 1272 2318 revocat

183 2339 410 2425 Hieronymus,
439 2341 481 2402 oh
510 2342 666 2402 rationem
695 2351 770 2401 nota
799 2340 954 2422 superiori
983 2341 1127 2422 positam.
1184 2339 1271 2421 quod

178 2443 279 2505 porro
309 2423 364 2485 nni
392 2446 499 2487 rerum
521 2428 660 2486 omnium
692 2423 818 2485 domino
842 2423 1007 2485 Christiani
1027 2425 1193 2495 servirent,
1217 2443 1270 2482 sua

176 2508 291 2587 templa
316 2505 464 2586 septenni,
482 2510 633 2571 domins‘na
655 2510 693 2569 ab
709 2508 798 2567 initio
820 2508 1107 2571 vocasscEnsebius
1129 2516 1210 2571 orat.
1233 2504 1271 2568 dn

178 2591 321 2653 landihns
344 2594 507 2655 Constant.
528 2594 585 2654 sub
607 2593 699 2653 finem
721 2598 909 2655 auctorest.

260 2698 344 2761 Ibin.
367 2696 418 2761 16.
472 2694 526 2761 τόν
550 2700 713 2776 Anaeitis»
742 2694 895 2779 περάσας]
928 2695 1102 2760 chronicon
1122 2694 1271 2759 Alexand.

177 2780 216 2841 ad
237 2804 353 2843 annum
375 2783 529 2865 priorem.
559 2784 795 2853 Κωνοτοντῖνος
825 2776 841 2839 d
871 2773 1003 2860 εὐσεβὴς
1032 2773 1087 2842 τὸν
1113 2778 1272 2857 Ausonides

179 2860 362 2937 πλειστάκις
381 2866 541 2949 ἐπέρασεν.
565 2868 623 2927 καί·
640 2864 786 2947 γέφυραν
813 2860 846 2924 ἐν
869 2864 953 2948 adipi
975 2862 1100 2945 λιθίνην
1118 2862 1271 2945 ἐποίησιν.

179 2949 338 3010 absolutus
360 2949 456 3031 igitur
477 2950 538 3011 hoc
561 2971 642 3011 anno
658 2970 748 3032 pons,
771 2946 826 3031 qui
845 2946 958 3031 priore
979 2968 1014 3013 nx
1034 2946 1176 3011 chronici
1198 2968 1272 3009 ver-

174 3032 221 3096 his
243 3031 400 3095 aedificari
426 3044 568 3117 coeptus.

259 3138 339 3201 laid.
361 3139 412 3203 20.
461 3140 573 3216 κτίζων
592 3132 868 3210 Κοννοτοντῖνοςὸ
899 3134 1041 3221 εὐσεβής]
1070 3134 1156 3219 quod
1175 3156 1270 3217 supra

178 3224 363 3301 notavimus,
391 3224 451 3289 CP.
473 3225 559 3286 urbis
587 3224 730 3285 conditus
759 3224 799 3285 ab
816 3223 881 3283 eius
903 3220 1098 3285 dedicatione
1122 3216 1271 3280 dirimen-

177 3305 243 3368 dos.
288 3306 339 3368 ille
361 3308 503 3369 conlecta
528 3308 647 3391 synodo
669 3308 813 3379 Nicaeam
834 3306 910 3366 haec
926 3306 1008 3387 apud
1033 3304 1269 3384 Hieronymum,

175 3391 261 3451 velut
279 3389 329 3451 hic
356 3390 441 3471 apud
471 3385 759 3463 auctorem,'onnn
784 3388 979 3449 Constantini
1008 3387 1047 3451 25
1079 3386 1267 3460 celebratur,

174 3474 281 3535 verbis
310 3475 444 3535 eundem
471 3474 706 3536 illustrantibus.
761 3472 825 3533 ΟΡ.
849 3472 1007 3533 dentiam
1032 3492 1112 3554 pene
1133 3470 1267 3529 omninno

175 3557 293 3618 urbium
314 3556 464 3622 nuditate.
487 3557 631 3619 conditus
653 3569 683 3619 et
706 3555 909 3621 dedicationis
931 3555 1021 3617 simul
1040 3554 1182 3615 chronic.
1195 3550 1268 3611 Alc.

172 3638 265 3707 rand.
288 3641 429 3701 meminit
459 3640 498 3702 ad
517 3652 711 3723 praesentem
731 3660 857 3704 annuns.

258 3739 308 3823 49,
334 3747 360 3809 l.
413 3746 470 3807 καί
497 3741 667 3827 σύγκλητον
687 3742 786 3827 ἔχειν]
815 3745 969 3807 Baronius
993 3744 1032 3809 ad
1061 3738 1174 3839 amvd.
1207 3737 1270 3837 3ζο

177 3831 233 3975 gni
255 3830 314 3928 ipsi
339 3830 535 3927 Constantini
556 3830 594 3928 ih
620 3852 704 3891 oum.
728 3828 779 3895 27.
821 3839 1078 3927 auctorquoqne
1099 3825 1270 3889 dissertio

204 3913 368 3977 hotrauum
388 3914 633 3997 Philostorgrnm
660 3912 698 3973 ad
719 3934 788 3996 cap.
813 3910 832 3975 9
853 3913 905 3979 nb.
927 3912 955 3973 9.

259 4022 339 4090 Ibid.
351 4022 381 4083 2.
421 4020 541 4102 orsinae
560 4017 617 4082 καί
632 4021 819 4104 πορφυροῦν
841 4019 942 4100 κιόνα]
968 4019 1007 4081 de
1024 4018 1168 4079 columna
1190 4036 1271 4097 por-

178 4104 342 4187 phyretica
354 4152 363 4182 ,
385 4113 418 4167 et
440 4104 635 4168 Constantini
656 4104 896 4187 superimposita
914 4114 1016 4166 statua
1038 4102 1105 4166 tuse
1126 4102 1270 4175 Zonaras,

178 4188 349 4265 Cedrenus,
370 4188 571 4273 Nicephorum,
593 4189 671 4272 orig.
694 4188 753 4256 CR
777 4197 808 4251 et
829 4188 890 4255 nii.
