3050 4900
239 297 313 368 336
609 302 650 366 lll
679 299 956 368 mannassen

322 469 373 548 53,
393 471 454 540 λλ,
483 467 706 544 Κωνυτᾶνωος
725 467 781 554 ἔτη
801 469 861 547 υαἹ
878 471 977 534 salum
994 469 1166 554 Palatinam
1181 472 1328 536 convenit

239 575 310 616 cum
322 555 434 638 Regio:
452 556 571 638 reliqua
591 557 764 618 correctius
784 549 839 635 ἔτη
860 551 918 621 κδ’.

320 663 402 725 Ibid.
428 660 479 724 16.
522 664 759 734 numanum
775 657 793 723 ὅ
811 656 883 734 υἱός
902 661 958 725 τοῦ
980 653 1128 744 μεγάλου]
1149 660 1188 722 ad
1211 683 1326 726 annum

240 745 435 807 Constantini
470 738 492 806 ‘l
523 746 717 808 Constantini
748 746 879 808 iunioris
906 745 1032 808 caedem
1055 755 1207 807 annotant
1228 769 1325 829 quae-

239 827 309 890 dam
333 829 568 912 Hieronymiaai
592 828 732 891 chronici
754 829 962 912 exemplaria,
987 827 1055 906 alia,
1076 838 1153 891 teste
1173 829 1324 905 Pontiano,

242 934 314 973 curn
334 911 524 993 Theophane
551 913 589 972 ad
610 910 641 974 3.
692 915 814 974 numeri
835 913 919 974 istius
941 911 1125 992 Theophani
1143 920 1256 974 auctor
1278 923 1326 974 est

239 995 382 1057 Aurelius
400 995 526 1056 Victor.
569 997 679 1077 igitur,
701 995 821 1079 inquit,
843 999 994 1076 corfinum
1015 995 1203 1071 Dalmatius,
1224 997 1323 1058 incer.

238 1091 298 1138 nam
317 1099 377 1161 quo
396 1100 518 1141 suasore
538 1079 735 1164 interficitur:
758 1081 914 1164 statuaque
934 1079 1062 1142 triennio
1080 1091 1151 1164 post
1168 1079 1325 1142 minimum

237 1165 473 1247 maximumque,
480 1161 588 1239 fatali
607 1163 682 1223 bello
702 1163 911 1252 Constantinus
925 1163 1022 1223 cadit.
1337 1217 1345 1244 χ

320 1262 370 1345 54,
393 1268 421 1330 1.
463 1265 497 1329 ἐν
514 1263 622 1352 χωρίῳ
637 1269 829 1348 Δεμπκέλλει
850 1266 1043 1353 καλουμένῳ]
1066 1265 1170 1330 locum
1190 1289 1244 1330 seu
1265 1269 1324 1330 vil·

239 1354 300 1414 lam
320 1351 554 1433 imperatoriam
582 1353 672 1413 fuisse
701 1353 811 1413 scribit
839 1352 1008 1454 Greporias
1036 1353 1176 1412 Naziana.
1198 1362 1279 1413 orat.
1303 1351 1324 1414 3

240 1438 272 1498 ia
294 1435 444 1496 lulianum
467 1457 554 1496 num.
577 1435 626 1496 97.
648 1435 771 1514 διαίτης
785 1432 844 1509 μὲν
862 1457 914 1496 και
934 1433 1107 1514 θεραπείας
1127 1429 1160 1495 ἓν
1181 1457 1241 1496 τινα
1259 1433 1323 1495 ταῖν

237 1518 410 1596 βασιλικῶν
438 1519 566 1598 χωρίων
598 1516 743 1596 ἠξιοῦντο
774 1518 947 1598 βασιλικῆς.
996 1520 1080 1596 regio
1099 1517 1223 1602 quidem
1241 1520 1325 1579 vicus

238 1603 375 1684 cultuque
401 1602 436 1662 in
462 1603 659 1685 imperatoria
688 1600 778 1661 domo
803 1600 893 1683 digni
918 1601 1110 1663 habebamur.
1160 1599 1323 1662 Macellum

238 1693 333 1744 vocat
352 1685 541 1745 sozomenus
565 1684 649 1744 tina
671 1685 779 1765 capt,
801 1705 836 1744 ex
858 1705 921 1766 quo
946 1685 1002 1745 ista
1022 1691 1180 1765 excerpta,
1199 1682 1238 1744 ad
1260 1687 1321 1744 Ar-

239 1788 333 1850 geum
353 1774 490 1828 montem
513 1787 575 1828 uon
595 1768 686 1848 longe
714 1789 730 1826 a
753 1769 900 1828 Caesarea
927 1767 1038 1828 sitnm:
1074 1766 1106 1826 in
1136 1789 1198 1852 qua
1222 1767 1321 1849 impe.

240 1849 317 1911 riale
337 1849 495 1930 palatium,
515 1848 641 1926 balnea,
663 1847 769 1925 horti,
790 1860 822 1910 et
844 1852 943 1911 fontes
965 1869 1125 1932 perennes.
1167 1847 1320 1928 προσετοὶ.

237 1934 365 2012 χθρσαν
383 1931 417 1992 ἐν
438 1932 652 2016 Καππαδοκίᾳ
680 1932 854 2009 διατριβεῖν
882 1933 916 1994 ἐν
936 1933 1106 2016 Μακέλλῳ.
1146 1934 1265 2012 χωρίον
1286 1931 1322 1994 δὲ

236 2003 1321 2178 ῗῖλαλῖἔλῗλλυῖρὸἑεῖλοξῖλλί,ἷρλλσῖίὲίλλῗλλλῦολῆἷ

236 2173 307 2260 πρά,
326 2177 529 2260 unissimus,
556 2147 612 2242 uhi
638 2175 739 2260 πηγὰς
772 2177 927 2259 ἀεννάους.
969 2201 1067 2264 quare
1087 2146 1249 2264 leghndana
1269 2181 1322 2244 hio

237 2273 345 2346 putem
363 2261 399 2324 ’ἐν
417 2263 527 2347 χωρίῳ
553 2263 589 2325 δὲ
609 2264 780 2349 Maxilla.

316 2370 397 2434 Ibid.
409 2367 439 2432 3.
462 2368 658 2451 οἷνίχνωοται
670 2365 843 2453 γεγόνασιν]
859 2369 1030 2455 Gregorius
1045 2371 1166 2433 citatus.
1205 2369 1251 2454 spi
1263 2371 1322 2447 μὲν

235 2472 272 2534 ys
293 2452 397 2539 κλήρῳ
416 2453 565 2536 φέροντες
585 2447 720 2526 ἑαυτούς
749 2452 956 2537 ἐγκατέλεξαν,
975 2446 1054 2517 alara
1075 2456 1130 2517 καί
1150 2449 1209 2527 τοὶς
1229 2454 1322 2526 θείας

235 2532 465 2617 ὕπαγινοίσκειν
484 2538 529 2623 τῷ
548 2540 615 2622 λαῷ
635 2540 775 2619 βίβλους.
796 2540 829 2599 in
853 2540 965 2600 clerum
984 2542 1094 2621 seipsos
1111 2542 1321 2621 ascripserunt,

236 2620 317 2683 adeo
334 2635 368 2682 ut
384 2620 509 2683 diuinos
535 2642 650 2705 quoque
674 2624 767 2683 libros
793 2622 879 2705 plebi
907 2622 1090 2683 lectitarent.
1132 2624 1320 2682 Soaornenus

238 2724 302 2799 qno
326 2724 387 2763 ue:
408 2698 512 2787 υλὴρορ
540 2703 798 2801 ρῗχκαταλεχῆναι,
819 2702 875 2765 καί
903 2698 1171 2782 ὑποναχινοὸσκειν
1192 2704 1236 2787 τῷ
1255 2702 1322 2787 λαῷ

138 2845 142 2866 ,
235 2806 294 2856 τας
349 2788 571 2863 κληυιαστικας
597 2786 735 2864 βοβλους,
756 2794 925 2869 utrumque
952 2788 1059 2849 refert.
1102 2787 1200 2849 salum
1224 2787 1318 2848 lulia-
1402 2850 1405 2857 ,

237 2890 313 2929 num
335 2868 483 2929 lectorem
500 2867 698 2930 Nicomediae
714 2878 900 2951 provectum
921 2877 1052 2933 testatur
1071 2870 1214 2933 Socrates
1234 2867 1321 2932 lih.3

240 2971 308 3034 cap.
332 2951 348 3011 1
371 2959 404 3011 et
422 2949 634 3013 Theodoretus
657 2951 709 3013 lih.
730 2949 750 3014 3
774 2974 840 3036 cap.
862 2953 891 3017 λ.

318 3072 399 3135 Ibid.
438 3070 482 3156 τῷ
501 3068 579 3156 n‘ylsp
596 3068 735 3156 μάρτυρι
754 3075 922 3159 Melpum]
943 3076 1076 3137 Mariam
1099 3084 1189 3138 uocat
1210 3074 1320 3139 laada-

236 3166 286 3219 tns
300 3156 501 3239 sozomenus,
521 3158 574 3239 qui
587 3160 733 3221 Mamanti
747 3160 830 3221 idem
850 3168 904 3221 est.
947 3158 1119 3243 martyrum
1142 3158 1241 3231 aedes,
1266 3182 1319 3222 ae-

237 3239 374 3303 dilicium
398 3240 475 3302 illud
496 3242 658 3303 aSoerate
680 3252 711 3305 et
732 3242 887 3325 Gregorio
910 3253 1119 3324 nuncupatur,
1143 3242 1228 3325 quod
1251 3246 1319 3303 Ma.

236 3326 332 3385 manti
353 3346 476 3387 sacrum
497 3324 614 3385 fatetur
635 3325 717 3388 Elias
737 3325 889 3387 Cretensis
919 3328 950 3386 in
972 3348 1082 3387 comm.
1106 3336 1137 3387 et
1156 3348 1190 3387 ex
1216 3347 1320 3409 gram·

236 3408 367 3553 affines
403 3410 520 3493 legibus
548 3407 702 3491 singulare
718 3430 804 3471 cum
836 3408 952 3493 plurali
987 3430 1210 3493 nonnunquam
1242 3430 1320 3471 con.

272 3514 290 3552 n
315 3514 336 3552 1.

316 3598 396 3663 nid.
406 3597 437 3662 5.
478 3594 721 3683 ἆποκειροὶμενος
744 3600 781 3663 δὲ
800 3597 859 3674 τὰς
878 3596 999 3683 τρίχας]
1022 3621 1058 3663 ex
1079 3600 1209 3663 Socrate
1228 3596 1318 3663 lih.3

235 3703 304 3767 cap.
315 3682 344 3763 1,
364 3690 397 3745 et
416 3684 587 3746 Sozomeno
607 3684 661 3745 lib.
682 3684 701 3745 5
723 3706 794 3767 cap.
819 3684 847 3745 1.

244 3868 247 3875 .
318 3806 402 3871 Ilu'd.
425 3806 457 3869 θ.
498 3803 719 3880 Κωνοτάνπιος
740 3806 777 3870 δὲ
796 3808 853 3869 καί
870 3806 1037 3887 Kaisaros]
1060 3829 1095 3869 ea
1116 3807 1162 3869 lex
1183 3806 1317 3869 hahetur

236 3886 440 3953 Theodosiani
463 3891 516 3952 lib.
540 3889 578 3953 16
599 3892 650 3952 tit.
672 3890 692 3953 9
714 3892 863 3975 rescripta
883 3891 923 3954 ad
943 3891 1131 3973 Euagrium,
1153 3892 1321 3953 ascribitur

236 3973 439 4037 Constantina
460 3975 628 4054 (iuniorem
648 3974 792 4059 intellige)
815 3984 847 4039 et
866 3976 927 4035 Aa,
949 3976 1028 4037 Coss.
1050 3976 1229 4058 agnoscitur
1249 3976 1319 4035 lata.

238 4058 473 4121 Constantinum
505 4066 662 4123 autumet
681 4060 879 4122 Constantem
907 4080 989 4121 anno
1014 4059 1135 4141 imperii
1155 4060 1202 4121 sai
1222 4059 1317 4121 tertio

236 4140 428 4203 consulatum
444 4143 566 4226 gessisse
587 4145 779 4209 demonstrat
798 4141 951 4207 Petaaius.
994 4162 1073 4225 quae
1093 4144 1244 4207 futorum
1264 4162 1319 4203 ra.
