3050 4900
305 398 379 485 sot
457 410 666 479 annassn
699 408 896 477 nassonia
920 405 1230 475 summissum

303 601 342 645 eo
414 581 457 645 od
477 602 567 645 nemo
588 582 647 644 sibi
668 582 830 661 restiterit,
851 600 911 643 neo
930 578 1082 643 mactatio
1102 580 1135 643 ln
1154 574 1219 641 boe
1241 586 1297 641 sut
1316 578 1397 643 ees.

302 668 349 727 sio
397 665 541 729 brittiani
562 667 642 727 lacta
662 666 758 729 fuerit
781 661 946 747 sanguinis.

387 775 477 836 bnno
494 774 621 859 'imperii
643 774 690 837 sui
711 766 753 835 34
773 771 992 834 Constantinus
1011 766 1130 832 solvens
1145 768 1318 851 Vulgarum
1335 788 1395 851 pa·

304 876 371 918 cem
393 858 568 920 construxit
591 858 704 919 iterum
716 857 831 918 stolum
843 855 986 933 multum,
1008 862 1041 916 et
1067 852 1248 915 intromissis
1271 853 1396 913 ineunt

303 940 444 1022 equitnm
468 942 506 1005 12
529 940 651 1004 milibus
671 940 785 1002 direxit
806 948 968 1023 praetores
988 938 1127 999 classium
1149 956 1255 998 omncs
1277 936 1309 997 iu
1331 934 1395 1014 illo,

205 1024 368 1105 p.693ipse
391 1044 467 1085 vero
499 1026 609 1087 timens
636 1024 747 1085 mansit
775 1044 848 1085 cum
880 1022 1015 1105 equestri
1038 1020 1156 1081 militia.
1199 1040 1270 1081 curn
1291 1028 1396 1081 autem

302 1129 398 1191 nsque
418 1109 633 1170 Mesembriam
654 1109 806 1169 venissent
826 1114 859 1167 et
880 1104 960 1167 banc
980 1104 1107 1167 fuissem
1129 1104 1263 1187 ingressi,
1284 1102 1393 1165 valen-

299 1199 349 1252 ter
374 1192 520 1275 aquilone
547 1202 642 1253 vento
674 1190 816 1271 spirante
845 1190 950 1249 omnia
979 1208 1062 1270 pene
1090 1188 1227 1248 contrita
1257 1196 1329 1247 sunt
1357 1192 1392 1247 et

299 1275 388 1335 multi
408 1276 581 1357 perierunt,
599 1284 631 1337 et
650 1272 753 1353 rediit,
777 1294 848 1333 cum
861 1271 937 1333 nibil
948 1270 1089 1332 utilitatis
1103 1271 1265 1331 attulisset.
1287 1288 1389 1350 porro

297 1358 455 1441 Telerigus
478 1358 620 1421 dominus
644 1355 813 1440 Vulgariac
842 1366 1006 1439 comperto
1040 1352 1126 1439 quod
1144 1374 1204 1437 per
1225 1352 1391 1414 familiares

296 1462 366 1503 suos
387 1442 560 1524 imperator
590 1440 716 1503 consilia
749 1460 805 1501 sua
838 1449 1061 1523 cognosceret,
1090 1437 1199 1499 scribit
1226 1437 1256 1498 ei
1286 1435 1390 1497 dicens

296 1526 426 1586 “vellem
449 1525 585 1605 elingere
606 1534 639 1586 et
660 1522 768 1586 venire
789 1522 898 1594 adte.
922 1522 1099 1585 transmitte
1118 1541 1193 1603 ergo
1214 1519 1290 1582 mibi
1312 1540 1388 1580 ver.

294 1607 370 1670 bum
390 1608 562 1669 securitatis
583 1628 691 1684 meae,
712 1615 744 1667 et
769 1627 846 1687 quos
879 1605 973 1668 babes
992 1605 1045 1666 bic
1064 1605 1188 1685 amicos,
1209 1613 1247 1664 ut
1266 1603 1327 1665 boc
1346 1603 1390 1665 eis

294 1691 420 1752 credam
442 1702 473 1752 at
502 1712 625 1751 mecum
647 1692 847 1751 occurrant.”
900 1700 933 1753 at
954 1690 1008 1752 illc
1025 1688 1152 1751 levitate
1171 1708 1244 1749 usus
1265 1686 1390 1768 scs-ipsit

293 1776 334 1835 ei.
380 1774 434 1856 qni
460 1795 531 1833 cnm
565 1774 641 1835 baec
661 1769 840 1850 didicisset,
872 1792 933 1854 per
965 1771 1104 1834 medium
1137 1792 1243 1833 omues
1263 1770 1389 1833 recidit

293 1856 380 1941 quod
403 1854 529 1918 audiens
551 1855 771 1918 Constantinus
790 1856 973 1939 aliquandiu
993 1876 1086 1917 canoa
1111 1874 1183 1917 suos
1205 1853 1327 1916 evulsit.

376 1980 467 2041 Anno
492 1979 615 2061 imperii
647 1980 694 2041 sui
717 1976 758 2041 35
781 1981 974 2065 imperator,
1006 2001 1110 2043 mense
1132 1980 1271 2063 Angusto
1304 1976 1388 2040 deci-

291 2083 360 2125 mae
379 2064 492 2125 tertiae
515 2062 707 2135 indictionis,
732 2062 828 2126 exivit
849 2076 963 2127 contra
983 2064 1143 2147 vulgares.
1186 2062 1241 2147 qui
1265 2060 1387 2124 atroci.

290 2154 341 2207 ter
362 2146 394 2206 in
423 2146 569 2209 cruribus
602 2145 749 2207 divinitus
782 2158 828 2209 cst
856 2168 1016 2231 percussus
1045 2142 1136 2230 plaga
1170 2168 1252 2230 quae
1274 2164 1386 2229 graece

291 2230 420 2291 anthrax
441 2230 627 2313 appellatur,
648 2239 680 2291 et
699 2227 774 2291 binc
793 2230 883 2293 lehre
901 2230 1083 2293 validissima
1103 2242 1136 2293 et
1155 2228 1281 2291 medicis
1304 2248 1386 2311 pro-

289 2320 364 2397 pter
386 2314 514 2374 nimium
536 2306 720 2375 incendium'
737 2314 844 2397 ignota
866 2315 1006 2377 detentus
1023 2314 1258 2398 Arcadiopolim
1281 2309 1386 2391 rediit,

291 2419 308 2458 a
330 2395 473 2460 subiectis
500 2418 596 2481 snper
626 2395 774 2460 humeros
805 2399 837 2460 in
859 2402 939 2464 lecto
972 2397 1107 2478 delatus,
1129 2408 1160 2462 et
1181 2397 1306 2461 veniens
1326 2397 1386 2458 Se-

289 2479 455 2564 lymbriam
478 2483 580 2542 navim
618 2481 770 2564 ingressus
789 2493 844 2544 est.
898 2504 1033 2566 cumque
1056 2483 1094 2542 ad
1117 2481 1288 2543 rotundum
1307 2501 1385 2564 per-

292 2563 422 2625 venisset
442 2566 612 2642 castellum,
632 2565 850 2629 miserabiliter
865 2567 896 2626 in
909 2565 1073 2628 chelandio
1089 2567 1236 2642 moritur,
1249 2565 1384 2626 clamans

192 2656 322 2733 suomet
348 2645 452 2710 dicens
486 2649 611 2710 “vivens
649 2647 750 2710 adbuc
779 2649 842 2729 igni
870 2671 938 2710 sum
966 2649 1193 2730 inextinguibili
1222 2647 1385 2724 traditus,''

242 2727 256 2736 ’
289 2740 490 2813 sanctamque
511 2730 664 2812 virginem
685 2741 717 2792 et
747 2730 797 2792 dei
818 2733 1002 2815 genitricem
1034 2734 1155 2794 laudari
1177 2731 1384 2813 expostulans,

290 2833 362 2873 oum
381 2813 447 2874 sine
466 2811 595 2874 foedere
618 2811 711 2894 ipsius
724 2815 820 2876 fuerit
841 2809 992 2879 inimicus.
1036 2816 1178 2898 regnavit
1198 2826 1302 2877 antem
1322 2816 1383 2875 im-

289 2903 421 2977 perator
442 2903 515 2978 post
535 2896 633 2977 patris
664 2897 710 2958 sui
730 2909 865 2960 mortem
896 2901 983 2961 annis
1002 2897 1063 2978 34,
1084 2899 1238 2962 mensibus
1260 2899 1291 2975 2,
1313 2897 1382 2960 die-

288 2979 345 3040 bus
370 2975 423 3052 26,
446 2989 479 3039 et
502 2979 545 3040 ita
568 2981 661 3039 vitam
682 2978 821 3044 dissolvit
851 2981 1050 3064 sanguinibus
1071 2983 1174 3044 multis
1196 2983 1328 3044 infectus
1348 2990 1382 3044 et

289 3059 477 3122 daemonnm
498 3061 747 3125 invocationibus
760 3087 795 3126 ac
815 3066 982 3144 sacrificiis,
1003 3065 1273 3149 persecutionibus
1298 3085 1382 3148 quo-

290 3166 352 3229 que
373 3153 550 3208 sanctarum
582 3145 781 3224 ecclesiarum
809 3159 976 3233 rectaeque
1002 3171 1039 3210 ac
1065 3149 1280 3212 immaculatae
1299 3145 1381 3228 fidei,

287 3251 346 3290 nec
377 3250 440 3290 non
470 3238 502 3291 et
534 3229 761 3292 monachorum
793 3233 1063 3316 peremptionibus
1096 3244 1128 3296 et
1161 3231 1381 3296 violationibus

286 3313 572 3386 monasteriorum,
603 3311 755 3396 malisque
784 3315 877 3378 variis
903 3338 1158 3415 supercrescens,
1188 3337 1251 3377 nou
1280 3314 1380 3378 minus

270 3416 382 3478 ·quam
396 3395 608 3458 Diocletianus
628 3407 659 3458 et
680 3397 802 3481 antiqui
822 3407 961 3482 tyranni.
977 3411 1142 3483 praeterea
1165 3401 1278 3463 eodem
1297 3421 1380 3460 anno

286 3489 319 3540 et
340 3479 451 3540 eodem
472 3501 575 3542 mense
592 3481 729 3542 moritur
750 3489 782 3542 et
795 3483 925 3545 Abdclas
939 3479 1076 3546 Arabum
1092 3485 1162 3546 dux·
1204 3505 1277 3545 cum
1300 3483 1382 3544 enim

283 3559 317 3622 bi
340 3563 431 3622 ambo
455 3561 538 3624 velut
560 3565 730 3628 acerrimae
749 3565 864 3628 bestiae
886 3566 1041 3629 diuturnis
1063 3566 1257 3652 temporibus
1281 3588 1318 3628 ac
1337 3565 1383 3626 si-

284 3643 401 3706 militer
424 3646 595 3708 humanum
616 3668 711 3730 genus
733 3648 851 3730 depasti
871 3660 955 3727 sunt,
974 3651 1093 3714 mortui
1112 3660 1186 3712 sunt
1205 3647 1379 3734 providen-

284 3728 328 3789 tie
354 3728 412 3790 dci.
465 3739 498 3790 et
519 3731 663 3792 obtinent
694 3731 907 3812 principatum
931 3735 994 3797 Leo
1017 3747 1049 3798 et
1071 3737 1157 3798 bladi
1178 3733 1234 3796 lilii
1254 3753 1377 3796 eorum.

281 3831 383 3893 porro
413 3813 524 3874 eodem
556 3835 638 3875 anuo
666 3815 950 3895 Longobardornm
971 3840 1032 3879 rex
1053 3819 1094 3882 ed
1116 3820 1233 3904 regiam
1254 3816 1379 3881 veniens

281 3896 395 3960 urbem
415 3897 602 3978 imperatori
623 3917 654 3958 ee
675 3899 827 3980 profugus
849 3901 989 3962 contulit.

283 4083 290 4099 .
363 4003 472 4100 blundi
495 4001 587 4102 6o68,
604 4005 726 4103 divinae
746 4007 970 4071 incarnationis
996 4031 1079 4071 anno
1099 4007 1171 4086 768,
1192 4031 1275 4072 anno
1297 4029 1375 4070 vero

205 4217 212 4232 .
281 4090 831 4250 iilssl'laiiilisl'fflitllils
846 4093 908 4238 t:
927 4087 1376 4240 alililial'ibmtli‘ai

183 4176 437 4334 p⁶⁹5pecunias,
458 4217 617 4340 quaesibi
640 4255 767 4320 fuerant
787 4198 925 4345 epatrep
933 4259 1082 4344 dimissae,
1104 4198 1288 4346 plumbino
1307 4269 1374 4322 tam
