3050 4900
463 369 916 473 uossssosssnsouus.
1140 397 1213 470 ost

136 591 257 654 iuvenili
276 603 374 652 aetate
394 609 494 653 renem
509 613 654 654 summam
668 591 805 677 adeptio,
824 611 889 652 cum
914 613 933 651 a
958 591 1060 651 matris
1075 606 1218 650 reveren-

136 678 188 750 tia,
210 676 360 758 tutelaque
380 677 526 749 resiliens,
550 689 611 737 nem
642 677 770 736 divinas
790 693 930 756 spernens
949 675 1037 753 leges,
1060 676 1159 733 eiecta
1182 693 1220 734 ea

138 760 182 818 cui
201 758 343 837 legitimis
360 759 469 840 nuptiis
487 759 642 840 copulatus
650 761 773 838 ficerat,
794 757 930 818 Herodis
948 759 981 816 iu
1000 777 1111 816 mamm
1126 754 1221 815 adrd.

138 853 254 906 teratur.
296 854 329 900 at
347 861 488 923 quorsum
517 845 654 918 instituta
681 843 849 901 narratio?
897 861 931 900 eo
953 842 1116 914 nimirum,
1138 837 1222 922 quod

138 937 164 983 et
181 937 359 1006 praeceptor
388 938 486 984 noster
509 945 617 1006 parem
647 924 868 1008 qrsodammodo
895 923 1094 1003 praecursori
1127 923 1222 980 zelum

136 1007 300 1066 ostenderit.
342 1009 456 1066 ewrctis
476 1009 554 1066 enim
572 1007 789 1088 propemodum
817 1007 849 1066 in
878 1007 971 1064 scelus
990 1005 1222 1078 concedentibus,

137 1091 212 1148 solus
232 1091 303 1171 ipse.
328 1101 361 1147 ut
378 1090 422 1148 sic
456 1089 578 1172 loquar,
614 1110 684 1150 cuns
692 1089 774 1172 filiis
793 1089 862 1163 suis,
887 1108 924 1147 ac
945 1089 1099 1172 discipulis
1119 1089 1223 1161 incon-

138 1193 232 1232 cussus
249 1172 433 1254 permansit:
454 1175 540 1232 cuius
559 1172 605 1232 rei
625 1192 715 1231 casua
727 1184 811 1255 quot,
834 1182 1011 1254 quantaque
1024 1175 1098 1230 anni
1117 1173 1227 1249 integri

138 1258 233 1336 spatio
249 1254 387 1314 delibata
408 1255 600 1316 certamina?
641 1255 811 1314 auditiones
832 1256 913 1314 altae
928 1254 1005 1312 alias
1024 1255 1224 1335 excipiebant,

139 1339 223 1397 aliae
243 1339 326 1398 alias
359 1341 458 1397 minae
486 1339 659 1412 verberum,
678 1338 934 1419 deportationum,
954 1337 1099 1396 lanienae
1119 1357 1156 1396 ac
1177 1358 1226 1396 se.

138 1421 241 1479 etiouis
262 1419 473 1480 membrorum.
495 1440 621 1505 cumqree
641 1422 688 1479 bis
700 1423 778 1480 nibil
794 1429 1007 1501 praestaretur,
1026 1441 1128 1480 eorum
1149 1439 1227 1500 quae

140 1503 276 1562 Caesaris
301 1504 460 1584 satagebat
489 1504 671 1584 diligentia,
703 1504 885 1563 admodum
913 1503 1010 1563 aliurn
1029 1505 1146 1565 transit.
1189 1521 1228 1562 ac

138 1587 257 1665 quidem
280 1586 356 1662 alii,
379 1587 521 1646 ludebant
531 1586 677 1668 fabulam
687 1631 697 1660 ,
720 1600 753 1644 ut
774 1589 863 1666 vrelgo
885 1599 1014 1661 canssut5
1035 1600 1068 1644 at
1089 1586 1228 1646 Absalo·

138 1670 184 1729 nis
208 1688 316 1728 manus
338 1682 422 1742 erut,
452 1689 529 1753 qrsae
551 1669 606 1727 iila
627 1669 836 1748 negotiaretur.
888 1671 971 1727 scitis
991 1671 1047 1746 qui
1067 1671 1151 1728 missi
1171 1669 1231 1728 sint

139 1753 284 1830 monacbi,
305 1770 347 1811 ac
370 1773 447 1834 qieae
468 1753 620 1834 epistolae.
668 1753 817 1834 dexans,
840 1753 915 1836 quia
935 1753 1011 1811 baec
1031 1771 1143 1834 qrroque
1162 1753 1231 1810 ina-

140 1836 338 1912 uiasuerant,
359 1847 449 1918 atque
476 1837 566 1894 irrito
586 1845 698 1896 conatu
728 1845 862 1910 tentata,
878 1847 971 1916 putre
991 1834 1133 1892 nimirum
1155 1855 1231 1916 qtrae

139 1936 155 1976 e
176 1938 211 1977 re
230 1929 318 1978 eraut
348 1932 537 1999 opponente,
558 1938 596 1978 ac
619 1917 812 1992 rescribente,
842 1920 946 1997 regiae
956 1919 1087 1990 ferratae
1109 1917 1231 1978 decreta

138 2001 267 2077 retectio,
286 2001 368 2083 qssod
389 2004 452 2060 iam
474 2002 597 2061 larvam
623 2021 772 2085 apparas
799 2001 900 2062 locism
927 2021 987 2059 nou
1010 2001 1135 2060 baberet.
1177 2000 1232 2060 beu

138 2096 200 2143 tum
218 2096 306 2162 gesta
327 2105 349 2142 a
371 2083 486 2142 duobus
506 2082 643 2162 diesibus,
663 2085 718 2166 qui
739 2083 825 2144 velut
847 2085 879 2144 in
899 2085 995 2143 bostss
1015 2081 1168 2162 quosdam
1190 2082 1236 2144 ad

140 2165 253 2226 Cbristi
274 2166 418 2224 inermem
439 2168 639 2238 resonabimus,
670 2166 797 2248 solaque
825 2167 953 2228 divinae
973 2166 1047 2245 legis
1068 2177 1234 2226 armatura

138 2251 326 2325 instructum,
348 2249 431 2308 missi
437 2253 526 2308 sunt.
557 2249 595 2308 de
615 2250 715 2308 medio
732 2248 862 2310 sublatus
880 2261 995 2330 pastor,
1014 2269 1145 2330 ovesque
1164 2269 1237 2327 gre-

137 2332 184 2412 gis
204 2329 361 2414 dispersae
380 2344 464 2390 sunt:
483 2330 550 2390 ‘atis'
567 2331 662 2411 uirgis
674 2331 764 2406 caesi,
786 2331 847 2392 alii
857 2330 1019 2414 deportati,
1027 2332 1136 2409 fugati
1155 2331 1233 2390 alii.-

139 2413 276 2497 quodque
296 2414 412 2475 omnius
429 2413 637 2490 miserabilius,
661 2414 872 2495 imperatorem
893 2413 1060 2494 diplomate
1083 2413 1233 2473 sancitum

136 2510 215 2567 erat,
237 2519 274 2556 ue
297 2517 421 2581 sesqrram
444 2499 499 2577 qui
515 2513 641 2583 propter
670 2498 824 2557 dominum
844 2498 953 2577 sagati
982 2509 1074 2555 eraut
1092 2508 1178 2573 tecto,
1198 2514 1236 2555 ac

140 2580 256 2640 laribus
277 2583 501 2661 exciperentur.
540 2593 709 2661 paruerunt
727 2582 976 2639 nsoumteriorum
993 2576 1158 2660 praefecti,
1179 2600 1236 2639 ra-

137 2684 247 2745 rusque
258 2660 326 2743 suit
342 2664 396 2746 qui
417 2662 541 2744 bospitii
566 2667 641 2723 iura
666 2676 826 2747 praestare
846 2662 979 2727 auderet.
1023 2662 1143 2721 interim
1164 2662 1237 2722 dor.

139 2746 250 2805 miebat
272 2746 424 2821 Cbristus,
445 2747 551 2829 quibus
572 2748 657 2807 novit
682 2746 854 2821 rationibus,
876 2766 954 2823 arrae
973 2758 1143 2826 gererentur
1157 2765 1237 2828 pro.
1293 2805 1296 2813 ,

140 2828 239 2889 bans.-
260 2848 300 2888 ae
322 2829 457 2890 aliorum
488 2828 610 2913 quidem
644 2850 775 2889 amorem
804 2830 837 2889 iu
867 2831 964 2910 ipssem
994 2828 1171 2913 explorans,
1194 2848 1236 2889 ars

133 2923 384 2993 perseverarent;
405 2912 534 2971 ultonem
557 2916 702 2972 miserans
721 2912 961 2985 immanitatem,
983 2925 1017 2971 ut
1040 2910 1088 2973 ad
1099 2912 1237 2991 poenitu-

136 2994 240 3053 dinem
260 2992 401 3053 redirent.
443 2994 522 3078 quid
540 3016 610 3075 ergo
627 2996 737 3055 Cbristi
756 2994 902 3055 atldeta?
941 3008 1044 3078 sponte
1064 2998 1155 3053 asuis
1175 2996 1236 3057 ab.

138 3076 302 3137 scinditur.
345 3077 425 3136 solus
442 3079 562 3158 penitus
580 3079 775 3160 relinquitur,
797 3080 930 3137 animam
947 3098 1062 3161 ponens
1079 3096 1139 3158 pro
1162 3078 1236 3137 ooi.

138 3158 208 3239 bus,
229 3161 318 3219 iuxta
338 3160 542 3240 evangelium,
562 3164 663 3245 utqui
683 3178 796 3221 revera
816 3172 889 3220 esset
899 3162 988 3221 bonus
1003 3171 1119 3243 pastor.
1142 3158 1235 3218 Bria·

141 3245 190 3301 mei
210 3262 302 3303 manu
319 3242 363 3301 ad
383 3243 598 3325 imperatorem
619 3244 757 3304 trabitur.
798 3257 856 3303 stat
874 3264 991 3322 coram,
1011 3243 1135 3302 tametsi
1153 3242 1235 3302 dictu

136 3324 297 3400 audacius,
319 3325 406 3385 baud
421 3344 502 3385 secsu
532 3348 570 3387 ae
591 3326 724 3387 Ioannes
743 3326 862 3386 domini
878 3344 1079 3407 praecursor.-
1099 3344 1158 3384 uno
1179 3326 1235 3385 boc

136 3406 323 3483 discrimine,
345 3407 428 3492 quod
445 3410 522 3469 alter
540 3411 603 3493 ipse
623 3411 711 3485 tdtro,
733 3411 815 3471 alter
828 3408 1004 3491 pellentibus
1019 3408 1089 3467 aliis
1110 3410 1141 3466 in
1164 3428 1237 3467 con.

136 3504 270 3572 spectum
291 3492 465 3556 adhibetur.
514 3514 533 3551 o
556 3494 620 3551 oiri
628 3496 717 3568 sorte
739 3494 861 3575 pectus!
903 3494 981 3551 nibil
999 3491 1236 3551 dominationem

137 3575 284 3633 rever-iuss
304 3587 357 3650 est,
380 3595 440 3634 non
460 3575 545 3635 cessit
556 3576 653 3656 minis,
674 3596 734 3636 nou
741 3574 898 3657 probabili
910 3576 1121 3657 expectatione
1139 3574 1236 3632 enrol-

136 3656 217 3715 litus
237 3669 292 3731 est,
312 3677 379 3716 cum
397 3660 575 3739 praesertim
597 3658 777 3719 ntulierctda
796 3658 896 3718 arrimo
910 3678 1039 3739 eorrrpar
1058 3652 1238 3716 Herodiadi

135 3739 295 3818 sarsguiuis
315 3740 364 3798 illi
385 3741 600 3821 necessstudine
620 3742 722 3801 iuncta
737 3753 827 3814 esset,·
847 3740 901 3801 sed
919 3743 1013 3821 ardete
1036 3741 1157 3814 locutio,
1180 3734 1237 3798 sed

136 3821 269 3901 merbrum
289 3824 430 3883 ueritatis
448 3825 600 3901 incorffuse
620 3822 771 3907 consessus
803 3834 854 3883 est.
906 3824 991 3883 dixit
1008 3820 1125 3881 domini
1139 3840 1236 3905 prae·

135 3922 273 3978 cursor,
307 3925 369 3965 non
402 3905 475 3966 licet
502 3906 559 3966 tibi
593 3906 708 3967 habere
729 3926 857 3967 uxorem
880 3905 1015 3987 Philippi
1037 3905 1143 3965 fratris
1167 3905 1235 3975 tui,

126 3982 231 4066 'dixit
248 3998 277 4046 et
297 3988 358 4047 eius
377 3990 512 4050 aemidus
527 3990 621 4072 paria
639 3992 675 4063 ei,
696 3991 748 4073 qui
769 3989 890 4049 Herodi
908 4002 972 4049 erat
992 3987 1157 4048 adsimilis.
1199 4006 1236 4046 as

136 4069 268 4132 minime
289 4070 410 4153 quidem
429 4086 519 4155 caput
548 4074 797 4154 praescinditur3
827 4094 900 4133 uam
923 4094 1014 4151 rreqrre
1043 4073 1114 4153 imp.
1135 4070 1236 4130 aru'mo

138 4150 278 4229 sedebat,
301 4167 334 4213 ut
352 4175 421 4213 eum
441 4169 606 4233 martyrem
615 4157 755 4231 faceret,
777 4158 830 4238 qui
840 4157 995 4215 voluntate
1008 4168 1160 4215 certarnen
1178 4154 1236 4213 ds·

137 4234 333 4313 sudaverat,
363 4238 408 4297 uti
439 4238 562 4317 ipsemet
587 4253 658 4299 aute
675 4240 831 4323 professus
848 4241 981 4319 sturat:
1005 4238 1112 4299 Cbristi
1134 4252 1235 4298 tanseu

254 4358 432 4429 Tbeopbantt
449 4360 486 4412 li.
1002 4358 1037 4412 bb
