3050 4900
297 348 369 417 502
669 352 710 413 ΙΝ
732 344 1010 411 'renouatum

294 520 405 581 mentis
467 516 531 577 ussi
562 516 680 577 cacabis
707 517 738 576 in
765 514 961 575 saracenicae
989 507 1215 585 exonerarent,
1242 509 1388 571 triremes

294 624 372 666 aero
396 611 427 662 et
444 540 616 662 dromones
635 600 811 660 minoribus
821 596 909 681 quasi
930 594 1147 680 scyphunculis
1167 590 1299 653 eundem
1319 593 1388 655 eiu

294 689 488 749 calarentur.

378 763 449 844 541,
470 766 499 827 3.
543 760 654 837 στόλος
686 760 860 847 οἷνοβόλας]
894 762 992 823 classis
1013 780 1188 820 muscarum
1209 779 1310 835 more,
1329 760 1386 820 nbi

295 851 421 911 abactae
440 859 521 923 sunt,
545 849 576 930 in
599 845 730 908 eundern
754 849 857 907 locum
873 844 1003 907 rediens.
1025 842 1185 903 insultibus
1204 845 1286 904 enim
1305 864 1386 903 eon.

294 934 398 1010 tinuis,
421 942 453 993 et
476 932 638 993 obsidione
660 931 800 1011 septenni
829 930 945 1011 regiam
967 928 1077 989 urbem
1100 935 1249 1009 oppetens
1272 925 1385 987 aestiva

294 1024 485 1098 tempestate,
507 1038 577 1075 curn
601 1015 773 1099 hypernam
795 1014 898 1096 Cyzici
931 1010 1134 1093 transegisset,
1156 1030 1226 1071 nior
1245 1010 1387 1070 infestior

296 1098 486 1163 obsidionem
516 1100 699 1179 repetebat:
730 1097 785 1157 κατ’
811 1090 893 1157 κατὰ
919 1090 953 1157 τό
982 1088 1040 1171 ἔαρ
1072 1086 1259 1169 ἀναβάλλων
1286 1092 1387 1174 (uude

292 1177 400 1254 στόλος
421 1176 582 1261 ἀναβόλας
603 1182 674 1241 satis
688 1180 838 1263 barbare)
861 1173 978 1256 ὁμοίως
995 1176 1132 1254 πόλεμον
1154 1167 1208 1235 ait
1221 1170 1387 1255 θαλάσσης

292 1264 456 1347 συνῆπτεν.

378 1373 455 1435 thid.
477 1371 507 1431 4.
551 1366 612 1431 ἆσό
642 1371 698 1450 τῆς
725 1364 803 1453 πρὸς
830 1366 922 1430 alsiosa
946 1362 1116 1446 όκρότητος
1145 1357 1385 1444 τοόἝβόόμοο]

294 1456 353 1517 CP.
375 1457 449 1517 situs
471 1454 576 1535 pierito
599 1454 758 1537 negotium
781 1454 877 1514 verba
906 1452 982 1512 haec
1003 1450 1151 1510 facessent
1172 1447 1299 1507 nulluan.
1324 1447 1386 1508 tri.

293 1542 422 1621 ungulus
444 1540 541 1599 ferme
562 1549 629 1601 est:
658 1559 693 1598 ae
721 1538 818 1597 latera
847 1536 972 1618 quidem
1003 1534 1067 1593 eius
1086 1532 1149 1591 duo
1170 1529 1273 1603 mari,
1301 1539 1386 1591 terra

294 1622 420 1683 tertium
444 1620 590 1683 ambitur.
633 1616 794 1699 κερότινος
817 1616 942 1689 κόλπος,
966 1617 1064 1677 Cornu
1084 1617 1176 1693 sinus,
1197 1614 1251 1697 qui
1273 1624 1385 1695 portus

293 1714 339 1765 est
360 1705 455 1781 urbis,
477 1704 516 1767 ad
547 1706 679 1765 Boream
703 1702 809 1775 alluit;
841 1700 1073 1775 adorientem,
1095 1709 1127 1759 et
1151 1698 1283 1758 ssesuose
1304 1718 1387 1757 non·

293 1786 369 1847 nihil
394 1808 497 1848 versus
527 1788 688 1851 meridiem
710 1786 890 1865 Propontis,
912 1785 1063 1845 Thracica
1085 1780 1174 1841 tellus
1196 1780 1387 1841 Occidenta-

291 1870 352 1931 lem
374 1880 497 1951 partem
532 1870 636 1931 ambit.
690 1869 818 1949 angulus
847 1866 1015 1928 Orientalis
1043 1864 1127 1924 branc
1156 1864 1187 1923 in
1208 1864 1385 1945 Proponti-

292 1954 372 2029 dem,
395 1953 480 2013 illinc
502 1953 532 2013 in
554 1953 733 2014 Ceratinnm
755 1951 855 2011 sinum
883 1950 977 2012 flexos
1001 1947 1172 2025 Κικλοβόοο
1195 1968 1309 2007 nomen
1330 1970 1386 2029 ge-

292 2039 355 2097 rit:
389 2034 550 2116 oppositas
578 2036 617 2097 ad
646 2032 850 2095 Occidentem
887 2043 920 2097 et
956 2045 1067 2115 portus
1100 2028 1183 2091 aliud
1212 2040 1386 2092 extremum

291 2117 470 2180 chdomus
505 2128 571 2195 est,
592 2128 623 2181 et
645 2119 780 2179 vicinum
802 2118 1014 2199 Pentapyrgii,
1034 2117 1098 2176 sive
1118 2115 1305 2196 Magnaurae
1326 2136 1386 2195 pa.

290 2200 423 2263 latium:
449 2224 465 2263 a
486 2202 698 2285 Pentapyrgio
721 2200 761 2263 ad
775 2201 1022 2285 Heptapyrgium
1043 2196 1282 2279 (Heptaculadcs
1303 2198 1386 2260 Tur.

291 2284 359 2347 cies
381 2284 525 2359 dialecto,
547 2288 657 2347 Latina
668 2284 786 2347 Turres
804 2292 922 2365 septem
943 2280 1064 2362 dicunt)
1089 2302 1150 2363 qua
1172 2290 1322 2343 terrestre
1341 2281 1389 2341 la-

295 2376 343 2429 tus
356 2369 452 2443 urbis,
474 2369 600 2453 Chryse,
620 2369 683 2431 sive
703 2370 804 2429 Aurea
825 2378 920 2448 porta
932 2366 1146 2449 Heptapyrgio
1168 2365 1310 2445 proxima
1329 2387 1389 2427 oc-

295 2451 406 2516 currit.
449 2453 632 2536 aCyclobio
655 2455 760 2535 itaque
782 2448 821 2512 ad
832 2451 1044 2534 Maguauram,
1066 2449 1164 2520 naari;
1187 2451 1388 2530 abiegnaure

295 2535 333 2596 ad
354 2537 495 2617 Chrysen
511 2547 652 2618 portum,
671 2546 759 2599 terra
782 2535 842 2595 ΕΡ.
867 2534 1052 2596 obsidebant
1075 2531 1231 2594 Saraceni.
1252 2533 1388 2593 liberum

293 2620 355 2716 tuit
374 2619 577 2702 Propontidis
600 2623 692 2694 latus;
716 2618 802 2702 quod
831 2619 974 2702 oppulsui
996 2615 1174 2679 huiusmodi
1194 2615 1234 2675 sit
1258 2616 1387 2678 omnino

295 2723 336 2760 nn
362 2724 491 2763 eruum.

339 2723 461 2847 ΡΙόίτί.
485 2779 533 2846 ll.
575 2782 629 2846 tat
649 2775 722 2846 tert
754 2777 808 2864 ἔτη
829 2781 864 2844 δὲ
891 2780 985 2841 τοῦτο
1005 2779 1197 2862 τελέσαντες]
1218 2790 1304 2843 sexto
1326 2781 1388 2843 ita·

296 2887 357 2948 que
380 2887 473 2950 supra
497 2869 674 2928 vicesimum
695 2867 870 2928 Constantis
897 2887 1010 2925 annum
1040 2865 1223 2926 Saraceniea
1244 2865 1387 2926 adversus

295 2949 359 3010 CP.
383 2949 538 3034 expeditio
570 2959 722 3036 suscepta.
766 2948 924 3026 Pliadalas,
958 2948 1100 3024 Abdelos,
1122 2948 1232 3026 Chele,
1255 2949 1388 3030 (Chaleu

294 3033 405 3094 scribit
427 3035 620 3116 Nicephorus
643 3051 710 3116 pag.
735 3033 789 3110 21)
820 3045 852 3095 et
881 3033 994 3094 Caisus.
1037 3031 1186 3093 Pliadalas
1209 3031 1332 3116 quidem
1355 3043 1388 3096 et

294 3115 359 3178 laid
391 3117 511 3178 Mariae
541 3117 620 3178 iilius
651 3116 853 3178 Chalcedonis
879 3123 984 3196 partes
1017 3118 1109 3175 armis
1131 3116 1244 3176 infestis
1274 3130 1418 3178 vexare·

295 3210 479 3281 cooperunt.
537 3201 741 3279 παρεγένοντο
780 3194 958 3280 ἀμφότεροι
991 3197 1037 3270 εἰς
1067 3197 1277 3276 Χαλκὴόσνσ·
1332 3199 1389 3261 κατ’

293 3280 545 3378 &praetuleram
568 3278 720 3352 σολλοός·
769 3283 893 3364 scripsit
921 3291 1033 3342 auctor
1063 3283 1213 3362 superius.
1257 3283 1384 3344 turbate

294 3368 470 3428 incursibus
492 3365 580 3444 urbe,
602 3364 934 3443 ἐχεᾲιοστνΦαόαλᾶς
954 3361 1168 3440 τόςΚόζνκσν·
1188 3364 1283 3427 babet
1304 3366 1386 3428 idem

295 3449 333 3510 ad
356 3450 550 3512 Constantini
571 3449 660 3510 huius
682 3471 797 3516 annum
819 3449 997 3510 secundum.
1040 3460 1200 3508 armorum
1222 3451 1386 3532 classisque

293 3533 396 3593 rnaior
429 3535 472 3594 vis
502 3554 583 3593 anno
615 3543 729 3618 quarto
756 3533 914 3609 incubuit,
939 3554 1010 3593 cum
1037 3525 1148 3593 στόλον
1177 3531 1264 3593 illum
1284 3535 1388 3610 μέγαν

293 3609 482 3696 diripientia·
526 3615 636 3698 quinto
657 3616 783 3678 tandem
796 3621 920 3678 Graeco
934 3617 1005 3699 igne
1024 3613 1134 3675 vastati
1148 3615 1314 3693 Saraceni,
1336 3625 1386 3676 at·

317 3719 355 3760 ue
376 3699 418 3760 ita
440 3708 558 3780 septem
589 3698 674 3758 arinis
699 3699 913 3761 saracenicam
942 3699 1134 3760 obsidionem
1155 3696 1303 3760 tolerarit
1323 3699 1385 3762 (ΣΡ.

294 3719 333 3842 lle
355 3805 415 3864 qua
446 3784 564 3844 obsessa
594 3783 788 3864 liberataque
818 3783 851 3843 in
871 3793 1005 3844 mentem
1029 3781 1159 3842 eandem
1180 3781 1302 3844 disserit
1321 3783 1387 3845 Pe-

292 3867 391 3927 tarius
415 3865 446 3926 iu
466 3863 675 3948 Nicephorum
699 3865 842 3926 editionis
865 3866 977 3944 Regiae
999 3885 1068 3947 pag.
1089 3863 1140 3924 75.
1181 3866 1206 3925 si
1226 3865 1388 3948 Nicepho-

294 3969 365 4009 rum
393 3950 542 4011 obieceris
562 3948 769 4008 Constantino
802 3949 965 4031 imperium
996 3948 1122 4010 ineunte
1153 3951 1385 4013 Saracenorum

294 4032 448 4111 ingentem
471 4033 593 4094 classern
617 4030 759 4093 adversus
781 4035 843 4094 ΕΡ.
870 4033 1005 4092 missam:
1029 4054 1098 4093 earn
1117 4034 1251 4113 primam
1273 4037 1305 4093 in
1326 4057 1384 4094 ur.

292 4115 364 4174 bem
395 4137 458 4177 nora
491 4116 676 4192 excurrisse,
704 4117 756 4178 scd
793 4126 864 4198 post
894 4116 1056 4179 biennium
1085 4115 1177 4202 longe
1208 4121 1384 4182 auctiorem

292 4199 411 4264 maiora
433 4221 560 4286 quoque
581 4198 691 4264 (lamna
712 4199 847 4263 intulisse
866 4198 983 4263 audies.
