3050 4900
302 332 376 409 686
675 342 718 405 ΙΝ
743 332 1024 407 mmenanm

302 532 357 575 rae
381 509 445 575 lsoo
464 516 510 577 cst
538 505 724 587 esordlum,
747 530 811 593 qno
832 504 1130 590 pseudoprophetae
1152 506 1320 570 innovatae
1342 531 1396 570 rs.

301 592 439 679 ligioais,
460 593 578 675 prioris
599 592 738 655 desertae
759 614 840 671 reus,
862 592 967 675 fugem
991 590 1154 671 arripiens,
1176 588 1283 668 divini,
1305 594 1396 675 quod

301 678 399 753 aiunt,
421 678 521 739 cultus
542 676 637 758 positi
658 696 753 736 annos
777 672 1031 753 aelduratioaem
1044 672 1168 737 emetiri
1190 676 1322 756 posteris
1340 698 1397 737 su.

299 758 492 845 perstitionis
514 758 660 822 inductae
680 757 862 843 sequacibus
885 779 1009 821 causam
1020 755 1115 823 dedit.
1158 756 1232 838 hoc,
1252 760 1396 842 inquam,

300 864 382 905 anno
403 853 588 925 portentum
609 841 686 906 illud
706 842 868 905 exitiosum
883 838 997 924 ἐφάνη,
1016 851 1049 903 et
1063 840 1096 901 iu
1122 838 1282 903 bominum
1303 864 1398 905 men·

300 936 345 989 tes
367 925 521 988 dominari
543 927 666 1009 coepit,
696 922 824 1005 α’μηρᾶς
855 925 939 987 enim
952 925 1098 1021 prim
1119 931 1165 985 est
1186 933 1219 985 et
1238 925 1395 1003 dominus,

299 1020 390 1072 etex
424 1011 499 1071 falso
528 1009 594 1071 ritu
623 1008 826 1091 mendacique
856 1006 1001 1071 doctriua
1027 1006 1142 1069 doctor
1172 1006 1221 1069 ille
1252 1008 1394 1071 falsarius

298 1102 484 1175 potestatem
505 1092 537 1154 in
558 1090 696 1155 subditos
724 1090 862 1174 accepit,
885 1114 978 1176 quam
1010 1090 1074 1174 ipse
1096 1111 1207 1151 novem
1226 1090 1312 1152 annis
1333 1114 1396 1154 ex-

298 1176 410 1238 ercuit.
432 1197 504 1242 cuns
527 1196 602 1237 sero
627 1174 896 1237 isessetHeracl'ii
918 1172 1053 1237 decimus
1076 1173 1195 1251 tertius,
1221 1174 1260 1235 ad
1276 1196 1394 1237 anunm

297 1268 495 1343 sequentem,
519 1268 552 1321 et
579 1260 643 1321 eius
666 1259 851 1321 laterculum
869 1266 1063 1341 praesentem
1084 1256 1237 1340 epocham
1258 1258 1395 1323 attinere

297 1352 384 1405 recta
415 1351 596 1425 temporum
627 1344 708 1403 ratio
742 1342 856 1423 arguit.
913 1341 1084 1403 vindendus
1112 1340 1151 1401 de
1173 1340 1218 1402 his
1245 1342 1394 1406 Petarius

296 1426 350 1489 lib.
374 1426 393 1488 9
426 1426 465 1489 de
481 1426 566 1488 doct.
587 1436 682 1509 temp.
703 1425 855 1507 capitibus
885 1424 1006 1509 aliquot
1034 1425 1337 1507 aquinquagesimo,
1360 1437 1393 1488 et

296 1506 352 1571 lib.
374 1514 410 1577 11
433 1532 500 1589 cap.
532 1510 625 1573 etiam
647 1509 915 1593 quinquagesimo.
963 1508 1109 1594 legendus
1139 1528 1267 1590 quoqne
1290 1508 1392 1570 Abra.

296 1590 368 1655 bam
400 1592 603 1657 Ecchellensis
634 1593 673 1655 de
707 1593 1002 1654 bloslamanicorum
1040 1590 1174 1671 imperio
1205 1590 1392 1674 Theophani

297 1676 503 1739 consentiens.
546 1698 639 1760 quam
661 1676 750 1737 sarie
766 1696 868 1760 porro
890 1674 1060 1739 Mabometi
1082 1695 1196 1736 nomeu
1218 1676 1390 1753 scribatur,

296 1760 474 1827 observabis
494 1779 584 1843 pagg.
612 1758 674 1821 258
695 1756 767 1821 963.

376 1880 450 1960 ⁴ill,
473 1882 522 1944 17.
543 1879 676 1967 ἄφίκετο
693 1879 738 1953 εἰς
758 1880 938 1962 Ἀρμενίαν]
959 1904 976 1942 a
998 1880 1176 1961 Nicephoro
1199 1881 1332 1941 narratis
1349 1880 1388 1941 ad

257 2015 261 2023 ,
296 1964 481 2029 anuumfilb
504 1965 581 2028 haec
603 1963 820 2049 adiungenda:
851 1974 888 2026 ut
920 1964 1067 2027 nimirum
1094 1963 1253 2025 Heraclius
1282 1965 1387 2044 prisno

294 2070 370 2111 sere
388 2048 542 2133 legatione
568 2048 608 2111 sd
628 2050 750 2111 Tarcos
783 2042 944 2126 destiulta,
971 2048 1043 2111 belli
1066 2047 1168 2109 socios
1188 2046 1311 2108 eosdem
1332 2068 1386 2107 ac.

294 2132 428 2215 ceperit,
450 2141 483 2195 et
504 2133 543 2195 ab
565 2152 675 2195 eorum
697 2132 825 2213 regione
846 2132 1007 2229 digressos,
1028 2133 1201 2215 perLasos,
1222 2140 1256 2193 et
1276 2134 1388 2192 Arme-

294 2236 351 2277 nos
373 2216 404 2279 in
437 2214 598 2279 Persidem
629 2214 793 2299 irruperit.
813 2271 816 2276 ,
840 2236 930 2278 curus
960 2216 1054 2277 armis
1088 2214 1240 2275 Clrosro'ds
1259 2215 1390 2275 territus

294 2298 510 2375 sorbentem,
533 2299 587 2382 qui
608 2298 796 2381 Theophani
821 2319 1045 2382 nonuunquam
1066 2297 1247 2380 Nicephoro
1265 2318 1390 2380 semper

292 2380 464 2461 sarbarus,
497 2380 642 2445 Heraclio
674 2382 900 2466 opponendum
930 2392 1014 2445 ratus
1043 2383 1112 2466 (sua
1139 2402 1272 2466 namque
1290 2382 1385 2456 tueri,

233 2473 240 2480 “
293 2486 388 2552 quam
409 2467 507 2530 aliens
529 2487 642 2550 rapere
661 2465 946 2548 satiussidebatur)
968 2467 1063 2530 missis
1082 2465 1194 2528 litteris
1216 2464 1256 2526 ad
1275 2487 1308 2528 se
1330 2487 1386 2528 re-

168 2619 170 2624 ,
226 2633 229 2640 Δ
291 2561 400 2614 vocat:
422 2551 504 2612 idem
525 2548 726 2634 postmodum
747 2571 830 2612 sono
843 2550 979 2613 Heraclii
1004 2549 1044 2613 16
1064 2550 1124 2612 (ΣΡ.
1146 2549 1309 2611 obsidione
1331 2568 1387 2608 so.

291 2633 366 2717 luta,
387 2633 617 2696 chalcedonem
638 2632 753 2695 iterum
775 2655 918 2696 reversus
950 2657 967 2696 a
989 2633 1131 2696 Chosro'e
1152 2653 1257 2693 rursus
1279 2653 1388 2694 accer-

291 2716 381 2782 situr.
431 2737 540 2778 verum
569 2715 731 2780 Heraclius
763 2716 945 2799 interceptis
966 2715 1114 2779 Chosrois
1152 2714 1272 2792 litteris,
1299 2717 1389 2776 fictas

292 2799 366 2862 alias
386 2801 536 2882 supponit
564 2798 604 2860 ad
624 2799 844 2877 Sarharasam,
869 2821 906 2862 ae
930 2821 970 2864 ne
990 2800 1072 2862 vires
1093 2801 1259 2863 Persarum
1280 2819 1387 2860 omnes

294 2884 324 2942 in
345 2903 377 2944 se
398 2892 609 2959 converteret,
632 2881 802 2946 Cbosroie'm
822 2883 923 2945 solum
950 2885 1040 2946 facile
1059 2881 1268 2966 superandum
1292 2891 1388 2961 ratus,

293 2967 357 3028 eius
380 2967 506 3028 nomine
520 2966 985 3030 Sarbarasamiuhctltomaaos
1014 2967 1089 3029 lines
1113 2966 1265 3028 continuo
1284 2975 1388 3028 marte
1498 2987 1505 2996 ·

292 3049 448 3112 infestare.
498 3049 577 3112 fictis
605 3048 690 3112 hisce
722 3049 819 3112 literis
844 3051 883 3112 ad
912 3051 1114 3113 Sarharasam
1137 3049 1261 3128 delatis,
1285 3069 1388 3132 eoque

294 3132 457 3217 Bithyniae
477 3153 567 3216 agros
586 3133 668 3195 bello
691 3132 867 3210 lacessente,
889 3133 999 3196 Persia
1018 3153 1251 3218 quaquaversus
1273 3132 1387 3193 sictri-

292 3236 358 3277 cem
370 3217 506 3277 Heraclii
527 3217 688 3278 fortunam
703 3217 836 3280 reverita
851 3218 915 3279 eins
935 3217 1271 3280 armissubiiciehatur.
1292 3216 1387 3298 plura

291 3297 434 3362 Petsvius
456 3301 486 3361 in
512 3299 724 3384 Nicephorum
745 3321 815 3384 pag.
837 3297 890 3364 68.

374 3418 446 3501 474,
466 3425 512 3487 15.
563 3418 581 3486 6
601 3423 637 3488 dl
658 3419 808 3504 donateris
833 3423 979 3487 testans
1009 3417 1065 3486 sris
1087 3415 1165 3486 tata
1185 3419 1385 3506 ἆγννζεσθνι]

292 3525 328 3567 ex
338 3505 466 3570 Homeri
483 3509 531 3571 vel
542 3507 666 3592 Virgilii
681 3507 830 3592 operibus
841 3508 1125 3593 mosxrsopumr'p,
1139 3527 1201 3590 qus
1217 3529 1252 3568 ex
1274 3527 1386 3568 eorum

179 3589 181 3596 ’
291 3589 397 3672 primo
421 3613 511 3654 versu
528 3603 718 3654 occurrente
732 3611 799 3654 sors
820 3592 1001 3670 consulitur,
1022 3591 1164 3652 suecessit
1186 3590 1268 3672 epod
1289 3589 1384 3649 Chri.

289 3672 404 3735 stianos
438 3675 560 3754 apertio
590 3683 752 3738 sacrorum
779 3675 946 3752 librorum,
968 3698 1031 3759 qua
1052 3673 1194 3736 nonnihil
1213 3673 1384 3735 obscurum

290 3756 423 3820 revelari
444 3766 585 3840 putatur.
628 3757 683 3843 qui
705 3781 739 3820 ea
766 3759 882 3820 fuerint
902 3759 968 3836 usi,
990 3759 1148 3842 principes
1166 3757 1252 3818 viros
1275 3777 1386 3817 recen·

288 3847 336 3902 set
356 3840 465 3903 Delrio
497 3839 621 3926 disquis.
653 3843 762 3925 magio.
793 3839 891 3903 lib.⁴l
920 3863 990 3926 cap.
1015 3842 1035 3904 2
1065 3839 1224 3926 quaest'l
1254 3849 1330 3902 sect.
1350 3837 1383 3902 3.

288 3921 384 4004 illam,
406 3925 431 3986 si
453 3925 549 3988 modo
576 3925 687 3988 debitis
711 3923 943 3987 conditionibus
970 3927 1117 4003 societur,
1135 3925 1298 4006 theologus
1319 3943 1382 3983 non

290 4007 456 4074 recusabit.
499 4009 599 4092 prims
622 4017 668 4071 est
689 4009 791 4092 gravis
814 4010 985 4090 necessitas,
1004 4019 1037 4071 et
1058 4011 1089 4069 ui
1111 4007 1307 4084 adhibeatur,
1330 4005 1382 4067 ni-

289 4090 354 4154 mia
374 4091 405 4154 iu
425 4092 571 4174 periculis
593 4091 795 4174 desperatior
823 4093 940 4170 altera,
961 4102 997 4154 ut
1017 4092 1083 4154 eius
1105 4091 1205 4155 ductu
1224 4091 1265 4153 ad
1288 4092 1382 4152 deum

288 4173 390 4240 solum
410 4195 541 4260 preces,
569 4175 679 4240 mentis
706 4175 879 4254 subiectio,
906 4196 975 4260 spes
1005 4174 1181 4240 Christiana
1202 4184 1385 4238 recurrant.
