3050 4900
288 315 359 394 ¹38
434 329 642 398 aonsrnsn
659 329 868 396 -fflsromn
895 331 1202 400 ecmmrnsrlcn

283 521 379 576 nrmn,
402 511 435 565 et
454 501 628 566 munitione
651 501 690 565 de
711 501 924 586 elephantibus
939 511 1131 567 ¹constructe
1154 503 1271 568 heliam
1293 505 1372 587 iniit,

284 596 318 652 et
328 587 464 650 victoria
478 604 587 670 magna
608 588 726 672 potitus
738 595 793 671 est,
807 587 905 670 captis
917 587 1062 648 Romanis
1076 609 1140 649 non
1156 591 1271 671 paucis,
1294 613 1372 674 quos

285 681 317 736 et
337 669 445 753 cepitis
468 671 620 732 recisione
637 671 770 754 punivit.
821 671 867 734 his
888 671 932 734 ito
954 671 1042 756 gestia
1073 671 1225 736 Chosroea
1247 673 1287 735 ad
1306 684 1373 737 ter.

285 775 353 818 ram
375 775 460 815 anam
483 773 622 816 reverens
643 761 702 832 est,
722 753 842 840 Zongoi
874 755 1086 837 potentatibus
1108 755 1271 824 derelictis.
1311 757 1374 820 hoe

284 845 449 922 comperto
469 837 588 900 Phocea
618 847 729 900 contre
758 835 923 900 handum
942 836 1040 918 furit,
1062 847 1095 900 et
1114 836 1241 901 manicis
1265 841 1373 906 ferreis

283 937 355 986 eam
377 921 545 1005 ignominia
556 922 740 1006 Byzantium
761 921 859 999 ducit,
879 931 914 983 et
931 932 1018 984 urent
1030 931 1211 1004 praetorem
1231 926 1369 988 Demea·

285 1007 397 1070 tioium
416 1015 562 1088 nepotem
584 1028 684 1082 suum,
705 1015 738 1068 et
751 1013 932 1066 curatorem
950 1005 1059 1088 palatii
1079 1006 1164 1068 facit.

367 1092 455 1150 Anno
481 1087 605 1171 imperii
625 1089 749 1152 Phocne
770 1091 866 1151 tertio
894 1089 977 1152 minit
998 1088 1149 1152 Choeroer
1169 1091 1373 1177 cardarigam

284 1183 317 1236 et
334 1171 530 1250 Romaim,
550 1175 605 1256 qui
626 1173 807 1256 depopulati
822 1181 894 1234 ruat
916 1174 1078 1234 nonuutiaa
1091 1175 1305 1235 Romennrum
1326 1177 1374 1237 ci.

284 1257 402 1318 ritatea.
443 1255 661 1318 Dementioim
684 1275 760 1318 vero
781 1257 883 1319 rerho
912 1257 987 1318 dato
1008 1258 1105 1334 Natat,
1132 1259 1376 1343 iuramentisque

286 1359 350 1402 non
373 1341 493 1422 parete,
515 1339 643 1403 credere
672 1340 827 1422 pereumit
860 1341 947 1422 quod
972 1339 1088 1402 nuttam
1119 1339 1265 1402 iniuriam
1289 1341 1372 1424 opud

283 1421 421 1490 Phocum
444 1431 520 1486 earet
536 1443 693 1506 pasturae,
712 1433 744 1485 et
764 1421 879 1485 direxit
898 1443 970 1484 eum
990 1424 1029 1486 ed
1049 1424 1198 1486 Phocum.
1242 1432 1276 1485 at
1296 1442 1374 1487 rere

282 1505 403 1568 Phocea
422 1507 553 1570 verbum
567 1506 629 1569 hoc
648 1507 776 1568 minime
798 1526 922 1569 cervam
944 1507 1014 1589 igne
1031 1510 1182 1570 emanarit
1205 1526 1285 1571 enm.
1307 1511 1375 1570 Ro.

283 1589 369 1652 nani
390 1611 466 1674 ergo
489 1589 563 1652 hino
581 1590 755 1674 plurimum
768 1591 870 1652 triater
889 1589 990 1652 effecti
1008 1601 1090 1672 sunt,
1109 1610 1149 1654 eu
1170 1592 1256 1735 pund
1276 1594 1376 1654 timo-

284 1687 352 1736 tam
373 1695 520 1756 maguum
545 1675 577 1736 in
599 1675 710 1736 Peraea
739 1672 821 1735 idem
848 1675 955 1736 Naraea
982 1673 1127 1752 haberet,
1156 1695 1174 1735 a
1198 1694 1236 1737 eu
1259 1685 1299 1738 ut
1316 1677 1375 1738 iiiii

282 1756 453 1820 Persarum
474 1757 584 1819 ndito
602 1759 666 1820 eiua
688 1759 816 1821 nomina
834 1763 1015 1821 tremerent
1059 1775 1161 1842 porro
1184 1760 1297 1822 Persae
1317 1781 1374 1843 gn-

283 1841 342 1904 riai
360 1849 434 1902 rorat
453 1839 567 1924 gaudio
588 1863 620 1902 m
661 1861 711 1902 uo.

181 1927 276 2002 etta
366 1925 458 1988 Aaou
478 1923 645 2008 imperiiP
668 1925 744 1988 oerie
777 1931 895 2009 quarto
914 1923 1112 1987 mhotaaticm
1133 1925 1302 2007 eunuchus,
1322 1925 1374 1987 vir

282 2007 435 2089 gloriosus
453 2009 578 2090 palatii,
607 2007 708 2071 media
740 2018 834 2071 noete
864 2003 1099 2071 Constantinam
1119 2008 1278 2071 dominam
1299 2029 1374 2070 com

282 2089 383 2151 tn'has
402 2090 524 2153 filiabus
545 2092 608 2154 einr
628 2091 804 2174 accipiens,
827 2092 866 2152 ad
887 2113 1028 2176 magnam
1050 2092 1192 2176 confugit
1214 2092 1374 2154 ecetesiam

282 2171 412 2236 cumdio
432 2176 581 2238 Germani
610 2176 736 2258 patricii
759 2175 960 2242 desiderantia
988 2177 1168 2258 imperinm.
1217 2177 1254 2236 tit
1275 2177 1374 2258 igitur

284 2257 315 2320 ia
338 2258 418 2320 urhe
437 2257 547 2322 reditio
570 2281 690 2343 magne.
733 2262 907 2322 Germanus
929 2268 1033 2322 autem
1051 2258 1214 2322 dimarcho
1227 2259 1373 2320 Prasino.

282 2361 355 2404 rum
375 2342 529 2404 talentum
548 2347 618 2405 auri
631 2343 722 2424 misit,
741 2352 778 2405 ut
797 2353 1028 2425 cooperaretur
1047 2344 1098 2405 eie.
1140 2343 1296 2425 primores
1316 2363 1373 2404 aa.

282 2433 346 2489 tem
367 2423 452 2509 vulgi
474 2425 506 2487 id
526 2427 692 2491 admittere
714 2428 894 2493 noluerunt.
942 2435 1071 2490 atvero
1096 2438 1248 2513 tyrannm
1267 2428 1297 2487 in
1320 2447 1373 2489 ec-

282 2508 405 2572 oleaiem
423 2508 464 2571 ad
482 2511 722 2575 rhatrnhenduur
745 2513 889 2575 mulieres
914 2512 1086 2574 destinavit
1137 2532 1210 2573 aane
1233 2512 1374 2593 patriar.

281 2592 340 2655 rhu
360 2601 437 2655 tuuc
459 2594 484 2655 C
505 2595 606 2657 riorus
627 2606 766 2679 tyranno
786 2595 920 2673 reatitit,
941 2595 1068 2656 minime
1089 2614 1193 2677 pesam
1214 2616 1232 2657 e
1253 2596 1372 2677 tempto

280 2684 298 2737 t
353 2676 444 2738 onice
506 2678 579 2740 daci
600 2680 754 2741 mutieres.
797 2698 907 2741 reram
927 2678 1107 2739 iuramentis
1126 2688 1217 2741 certo
1238 2696 1277 2739 eo
1297 2676 1372 2739 red-

303 2760 389 2821 itoa
417 2758 523 2823 Phom
556 2763 644 2845 quod
676 2782 740 2825 nou
762 2760 901 2823 taederet
920 2780 991 2841 eor,
1011 2760 1189 2823 educuntur
1215 2782 1235 2823 e
1254 2761 1373 2844 tempto
1483 2772 1488 2783 ’

280 2850 389 2905 nancto
408 2851 442 2905 et
462 2844 653 2906 &eduntur
674 2844 706 2905 in
728 2845 926 2907 monasterio.
947 2857 1111 2928 praeterea
1127 2846 1240 2908 Persae
1260 2848 1373 2908 eodem

281 2946 364 2989 anno
384 2936 538 3007 oeperunt
558 2928 675 3007 Dares,
696 2928 729 2989 in
758 2936 826 2989 tota
847 2930 1072 3011 Mesopotamia
1101 2940 1134 2992 et
1154 2928 1245 3011 Syria
1267 2930 1373 3010 cnpti.

180 3034 206 3091 p.
220 3008 409 3077 trituratione
427 3010 537 3089 multa,
560 3013 646 3072 cuius
668 3031 732 3073 non
754 3021 801 3073 eet
823 3030 981 3091 numerus,
1004 3014 1097 3074 tacta.
1118 3046 1123 3055 ·
1147 3030 1248 3095 porro
1269 3013 1374 3093 patri.

94 3088 98 3098 ’
282 3091 376 3155 archa
399 3092 535 3158 oheuute
548 3095 682 3179 Cyrinoo
694 3096 830 3157 Thomas
843 3115 905 3181 pro
926 3115 966 3159 eo
988 3106 1202 3174 consecratur,
1224 3094 1374 3157 diaconus

280 3186 314 3241 et
332 3176 507 3239 aaeriteriar
525 3178 660 3239 eiusdem
682 3180 839 3243 ecclesiae.

364 3260 476 3322 Mundi
497 3260 682 3341 nnn06099,
705 3261 829 3325 divinae
853 3262 1073 3325 incarnationis
1090 3281 1174 3323 anno
1195 3258 1266 3338 599,
1289 3278 1373 3321 anno

280 3363 357 3407 rere
377 3344 500 3425 imperii
524 3345 649 3410 Phocoe
671 3348 784 3431 quinto
805 3348 914 3408 isacius
934 3346 1241 3431 hierosolymitanae,
1264 3346 1374 3406 Theo.

279 3427 375 3491 dorna
397 3426 619 3493 Alexandrinus
651 3437 683 3495 et
703 3430 877 3492 Anastasius
904 3430 1116 3492 Antiochenue
1134 3429 1293 3490 habentur
1314 3450 1374 3489 nn.

280 3512 402 3575 tirtitea·
448 3512 567 3575 Phocea
587 3532 664 3576 vero
686 3524 838 3599 tyrannos
859 3513 952 3575 titiam
972 3534 1058 3575 sunm
1078 3514 1278 3575 Dementiam
1297 3512 1374 3573 Pri.

279 3614 332 3658 aco
356 3596 492 3679 patriciu
517 3606 549 3661 et
569 3597 677 3659 comiti
700 3597 916 3659 excubitorum
935 3598 1046 3676 inurit,
1066 3606 1099 3660 et
1117 3596 1207 3658 factis
1231 3596 1263 3657 in
1283 3594 1374 3678 pain.

278 3680 325 3743 tio
346 3682 486 3743 Marinae
510 3681 625 3765 nuptiis
653 3681 738 3743 inanit
759 3682 826 3742 tieri
847 3681 955 3742 indum
984 3690 1171 3765 equestrem.
1212 3679 1372 3741 demarchi

279 3774 385 3827 autem
404 3768 570 3849 utriusque
597 3764 696 3847 partis
717 3764 801 3909 apud
822 3773 975 3848 quattuor
999 3764 1158 3827 columnas
1180 3784 1251 3823 curn
1271 3762 1373 3844 impe·

280 3846 408 3911 ainlibne
430 3849 521 3931 signis
540 3856 717 3911 statuerunt
764 3848 836 3909 riaci
863 3858 895 3910 et
915 3849 1102 3910 Dementiae
1120 3850 1215 3932 signa.
1258 3847 1372 3929 quibos

279 3931 392 3993 ruditis
414 3934 588 4016 imperator
608 3930 707 3994 iretur
726 3940 790 4009 est,
811 3940 844 3993 et
864 3933 990 3994 mittens
1016 3931 1144 3994 adduxit
1171 3929 1373 4005 demarchos,

279 4014 502 4099 Theophanem
520 4016 638 4079 scilicet
658 4036 695 4076 ec
714 4014 927 4097 Pamphilum,
957 4024 989 4078 et
1008 4025 1144 4078 statuens
1165 4014 1265 4075 nudos
1285 4012 1374 4074 iussit

280 4118 333 4163 eor
351 4096 509 4161 decollari.
558 4122 630 4161 com
661 4098 743 4160 enim
763 4098 890 4161 misisset
919 4109 1188 4181 protocumorem‚
1212 4106 1248 4157 nt
1270 4098 1371 4158 inter-

280 4192 409 4268 rogaret
434 4202 568 4269 coequo
589 4183 803 4267 praecipiente
819 4183 950 4247 fecerint
971 4182 1036 4262 hoa,
1058 4182 1206 4245 direrunt
1225 4180 1299 4265 quin
1322 4200 1371 4242 ee.
