3050 4900
284 325 331 396 78
421 331 632 398 ANASTASll
660 332 855 398 lllSTOlllA
882 331 1190 400 secessissem

280 509 344 562 tam
364 521 435 565 cusu
453 511 531 564 esses
552 497 754 579 orthodoxus,
776 495 968 564 ¹llosstaslnm
986 501 1202 584 silentiarium,
1224 501 1280 587 qul
1298 509 1371 584 post

279 585 356 648 haec
377 586 487 648 abusus
519 585 653 668 imperio
684 593 746 662 cst,
768 585 808 646 ab
828 585 955 648 ecclesia
975 587 1099 669 pepulit
1119 596 1156 650 ut
1177 588 1371 650 haereticum

279 679 313 732 et
330 670 478 754 Eutychis
491 677 741 745 consentaneum,
765 691 859 751 quem
870 678 903 730 et
917 670 1023 732 turbas
1038 676 1224 736 excitantem
1248 672 1370 734 intuens

277 753 372 816 aedile
393 754 495 835 ipsius,
517 751 603 836 qnod
625 762 694 815 crat
715 753 745 812 in
769 753 905 829 ecclesia,
924 755 1091 833 subvertit,
1113 756 1318 817 comminatus
1340 755 1370 816 ei

278 837 365 920 quod
391 837 448 898 uisi
468 847 610 899 cessasset
635 857 653 898 a
684 835 815 915 talibus,
844 835 992 899 tonderet
1014 848 1111 920 caput
1137 840 1200 901 eius
1222 837 1371 902 etturbis

278 919 418 982 traderet
437 918 665 1000 publicandum.
709 930 835 1002 questus
855 931 959 982 autem
980 921 1065 1004 apud
1081 923 1240 984 Zenonem
1257 931 1370 982 conon

142 1018 167 1068 Ρ·
182 1002 235 1055 2⁰9
250 1000 363 1066 tilium
386 1003 523 1067 obtinuit
539 1012 736 1086 potestatem.
780 1004 923 1086 sequenti
950 1025 1026 1068 vero
1046 1025 1142 1081 anno,
1167 1027 1231 1089 quo
1253 1005 1369 1086 ageba.

276 1097 331 1150 tur
353 1086 489 1150 decimos
509 1090 657 1169 septimus
677 1085 801 1183 imperii
827 1087 960 1149 Zenonis
983 1110 1091 1166 annus,
1110 1088 1196 1151 Felix
1213 1087 1369 1174 synodicis

275 1171 441 1254 Euphemli
462 1171 596 1253 receptis
625 1171 654 1232 ei
675 1169 803 1254 quadem
835 1181 984 1256 tauquam
1005 1171 1187 1235 orthodoxo
1209 1171 1368 1255 appositus

277 1263 340 1331 est,
369 1256 551 1338 episcopum
580 1262 684 1316 entem
710 1253 799 1316 illum
817 1275 881 1316 non
913 1253 1055 1336 recepit,
1083 1276 1121 1317 eo
1144 1256 1231 1340 quod
1252 1277 1368 1316 nomeu

275 1339 378 1400 Aeacii
394 1347 426 1406 et
445 1338 628 1402 successoris
641 1337 809 1399 Phravitae
830 1337 870 1398 de
888 1337 1042 1422 diptychis
1058 1359 1122 1400 uon
1142 1339 1288 1405 emiserit.
1312 1359 1367 1401 eo-

276 1421 346 1484 dem
366 1443 446 1482 anoo
480 1423 576 1484 Petro
608 1421 756 1503 Coapheo
791 1428 919 1482 mortuo
951 1430 1117 1503 promotus
1137 1432 1183 1483 est
1205 1423 1368 1505 episcopus

276 1507 345 1566 loeo
368 1506 432 1566 eius
453 1505 607 1567 Palladius
640 1506 807 1588 presbyter
834 1503 1033 1566 seleuciensis
1062 1507 1211 1568 ecclesiae
1240 1515 1366 1568 sanctae

275 1591 395 1670 primae
424 1589 571 1672 martyris
591 1587 742 1665 Theclae,
780 1609 853 1648 cum
875 1589 946 1670 'quo
975 1589 1091 1652 eiectos
1116 1598 1163 1650 est
1184 1599 1216 1652 et
1233 1592 1365 1652 loannes

273 1672 468 1734 Constantini
498 1680 595 1755 alque
617 1669 791 1732 Anastasius
820 1670 1016 1750 silentiarius,
1038 1673 1092 1755 qui
1114 1671 1194 1734 male
1212 1680 1285 1754 post
1307 1671 1365 1733 hac

138 1769 166 1822 p·
176 1753 230 1807 21⁰
246 1754 281 1815 ti
313 1758 446 1838 paravit.
499 1777 572 1816 nam
599 1757 725 1816 Zenone
751 1764 898 1830 mortuo,
919 1755 1127 1839 Longinoqne
1148 1757 1249 1818 fratre
1270 1755 1365 1837 ipsius

273 1778 438 1921 issperium
459 1839 624 1901 affectante
652 1837 791 1921 repulso,
811 1837 972 1900 Areudnae
1000 1848 1186 1922 senatusque
1216 1839 1361 1900 consulto

271 1943 308 1984 ac
332 1923 427 1984 totius
449 1923 599 1984 exercitus
611 1924 786 1984 Anastasius
798 1921 984 1986 silentiarios
1004 1924 1224 2005 pronuntiatus
1245 1931 1291 1985 est
1303 1923 1363 1982 im-

269 2013 419 2087 peratum
441 2005 495 2088 qui
514 2027 585 2068 cum
607 2005 773 2086 imperium
785 2005 976 2087 suscepisset,
995 2005 1223 2088 professionem
1239 2005 1272 2067 iu
1286 2007 1365 2067 scri·

269 2089 331 2170 ptis
350 2089 501 2170 expetitus
522 2096 567 2152 est
581 2089 621 2150 ab
642 2088 819 2171 Euphemio
840 2090 1019 2151 faeereuon
1033 2088 1252 2150 commovendi
1271 2088 1362 2174 quic-

270 2194 364 2255 quum
385 2173 424 2234 ah
448 2171 577 2236 ecclesia
590 2172 637 2234 vel
659 2172 699 2235 de
720 2170 792 2250 lide,
812 2169 975 2254 indignum
993 2195 1026 2235 se
1045 2171 1226 2234 Christianis
1247 2179 1280 2246 et
1300 2172 1361 2234 im-

269 2255 360 2338 perio
383 2275 506 2318 vocans.
556 2255 620 2320 vim
648 2266 753 2318 autem
784 2254 812 2316 ei
840 2255 972 2318 faciente
998 2255 1197 2339 imperatrice
1217 2255 1361 2318 Areadue

270 2347 365 2421 atque
385 2348 509 2415 senatu,
538 2339 671 2423 suscepit
700 2339 852 2422 propriae
873 2361 980 2402 manus
1008 2341 1072 2403 eius
1092 2340 1255 2423 scriptum,
1274 2337 1362 2423 qnod

271 2423 424 2507 reciperet
446 2423 479 2485 in
496 2421 710 2487 diffinitionem
733 2421 807 2485 fidei
836 2421 982 2507 dogmata
1004 2423 1260 2487 Chalcedonensis
1280 2443 1361 2484 con-

270 2507 342 2586 cilii,
365 2515 397 2568 et
426 2506 470 2569 ita
500 2519 669 2589 coronatus
689 2508 864 2569 Areadoem
884 2508 972 2569 ducit
1002 2507 1042 2568 ad
1062 2508 1194 2589 nuptias,
1219 2506 1360 2569 noudum

132 2588 341 2661 902112aute
361 2591 450 2654 uxori
471 2592 615 2653 sociatus.
666 2612 767 2674 porro
800 2612 883 2653 anno
929 2611 968 2651 uo
995 2591 1080 2652 Zeno
1103 2601 1246 2653 mortuus
1262 2601 1308 2652 est
1327 2600 1360 2653 et

267 2676 445 2739 Anastasius
470 2674 627 2757 imperare
656 2674 783 2757 coepit,
814 2672 853 2734 ah
874 2614 972 2735 Adam
999 2673 1171 2735 secundum
1202 2674 1359 2736 Romanos

268 2756 397 2842 quidem
421 2758 493 2819 anni
514 2768 604 2819 erant
624 2752 717 2835 5999,
736 2755 906 2819 secundum
935 2753 1115 2841 diligentem
1140 2777 1218 2821 vero
1237 2778 1359 2841 suppu-

269 2842 422 2904 tationem
442 2840 723 2903 Alexandrinorum
746 2836 839 2901 5983.

173 2968 199 3022 p.
209 2952 263 3006 212
351 2948 463 3010 Mundi
482 2968 564 3009 anno
585 2943 676 3030 5984,
697 2945 822 3009 divinae
841 2945 1061 3009 iucarnationis
1082 2970 1165 3010 anno
1185 2942 1258 3028 484,
1276 2951 1358 3010 Aua-

269 3032 375 3095 stasius
413 3033 586 3114 imperator
615 3032 745 3093 Petrum
777 3030 922 3113 Coaphea
953 3031 1149 3093 Antiochiam
1183 3032 1288 3093 redire
1317 3031 1358 3093 ad

268 3116 433 3199 propriam
453 3114 555 3177 sedem
573 3115 668 3178 iubet
709 3112 762 3177 sed
782 3113 856 3177 licet
884 3114 967 3176 hunc
987 3115 1027 3176 ab
1057 3115 1148 3175 exilio
1173 3124 1356 3193 revocasset,

267 3198 467 3262 Antiochiam
493 3206 594 3259 tamen
623 3199 712 3260 abire
743 3218 806 3258 nou
839 3218 943 3279 passus
974 3206 1030 3274 est,
1049 3198 1221 3260 Palladium
1241 3200 1357 3263 faciens
1480 3259 1486 3275 ,

268 3280 453 3346 Antiochiae
468 3284 654 3345 consecrari.
696 3280 886 3363 Euphemius
907 3292 1012 3343 autem
1033 3282 1356 3365 Constantinopolita-

267 3386 327 3427 nus
358 3368 551 3448 congregatis
589 3366 762 3448 peregrinis
802 3365 952 3449 episcopis
982 3375 1123 3428 sanctum
1160 3366 1356 3449 praedicarit

269 3448 520 3513 Chalcedoueuse
539 3450 716 3513 concilium.
758 3469 858 3531 porro
874 3452 1003 3511 loannes
1024 3450 1263 3513 Tabennesiotes
1284 3468 1356 3511 cum

268 3541 348 3595 esset
368 3536 503 3611 Romae,
525 3533 649 3596 ondicns
675 3532 764 3618 quod
783 3533 955 3595 Anastasius
975 3534 1167 3616 imperaret,
1186 3533 1273 3594 veuit
1292 3534 1355 3617 By·

267 3616 424 3695 nautium,
459 3618 679 3679 vicissitudines
710 3617 808 3679 bonas
828 3638 954 3699 sperans
982 3616 1021 3678 ab
1042 3638 1091 3693 eo,
1112 3616 1262 3700 quoniam
1281 3618 1356 3679 Ale·

267 3700 565 3763 xandrinaefecerat
589 3700 675 3761 illum
689 3720 906 3781 oeconomum,
929 3720 1022 3783 quem
1037 3709 1069 3763 et
1081 3702 1201 3762 nudum
1220 3720 1258 3763 cx
1278 3721 1356 3761 nau·

266 3785 368 3867 fregio
390 3794 567 3867 susceptum
587 3792 758 3847 sustentare
775 3786 916 3860 curavit,
939 3784 983 3845 ita
1015 3793 1050 3844 ut
1077 3785 1193 3846 faceret
1222 3804 1293 3846 eum
1316 3782 1355 3845 de

268 3868 444 3933 calamitate
472 3868 549 3929 nihil
577 3868 705 3929 omniuo
734 3868 862 3930 sentire.
904 3870 1078 3929 Anastasius
1103 3874 1207 3929 autem
1228 3866 1354 3929 audiens

268 3950 356 4095 lttl
380 3950 1355 4099 'tlttt⁶ltltttttt“tttltt‘ttt‘l‘tffltt·

267 4056 610 4266 potsproplspsntriishhop¹
626 4080 975 4267 praenoscdnsmlttiomam
993 4056 1284 4267 fugiendo-spatas}
1298 4072 1355 4181 est:

269 4223 302 4265 m
335 4223 388 4265 rea
429 4222 466 4265 ac
554 4224 589 4265 ar
611 4221 743 4269 acorum
775 4224 798 4287 p
876 4224 1035 4287 eoumque
1066 4224 1104 4266 sc
1136 4226 1168 4265 ru
1261 4220 1354 4265 oram
