3050 4900
267 301 337 380 sss
426 311 636 408 snssrssu
667 312 863 379 ussroass
890 313 1197 380 nummularius

158 516 186 572 p.
200 483 416 554 tt39lransirit.
458 493 506 548 ast
527 485 702 568 imperator
713 483 804 545 misso
820 481 937 546 Bahani
956 483 1106 568 magistro
1127 483 1260 546 militum
1279 503 1352 544 cum

260 569 366 654 paucis
397 567 501 634 electis
530 569 698 646 militibus,
721 568 839 630 invenit
867 567 1005 629 bandum
1025 570 1204 643 Persarum,
1228 577 1354 629 etcum

260 655 325 716 eins
347 653 495 716 comitem
513 653 685 729 occidisset,
709 651 822 714 detulit
851 651 1032 732 capnteius
1053 661 1205 714 ettotam
1228 669 1354 712 auream

260 735 400 819 spatham
420 736 525 819 ipsius,
547 736 768 820 nonnullisque
777 721 948 818 peremptis
969 736 1057 796 viros
1078 734 1166 796 duxit
1186 733 1226 795 asi
1251 734 1377 816 imps-·

260 828 400 884 retorem
418 841 468 884 sex
489 827 522 882 et
544 819 665 902 viginti.
708 819 866 903 inquibus
884 829 954 880 erat
972 827 1004 880 et
1024 817 1196 901 spatharius
1210 816 1351 891 Rlsasati,

261 902 315 990 qui
337 915 369 966 et
393 901 547 964 nuntiavit
565 903 750 984 imperatori
775 902 861 985 quod
883 921 1024 986 pugnare
1049 911 1161 964 contra
1181 923 1253 965 eum
1270 900 1354 962 Rha.

260 995 340 1049 uates
363 987 472 1063 vellet,
504 986 548 1048 sio
569 1009 587 1047 a
609 986 749 1049 Chosroe
773 987 887 1064 iussus,
907 994 941 1047 et
961 984 1022 1047 tria
1046 987 1130 1048 milia
1153 985 1185 1046 in
1207 984 1354 1045 auxilium

261 1078 379 1132 armata
398 1069 516 1131 miserit
538 1071 577 1148 ei,
601 1091 682 1154 quae
704 1079 782 1131 tuuc
803 1067 943 1130 nondum
955 1077 1175 1151 pervenerant.
1199 1067 1244 1130 bis
1266 1087 1355 1130 com-

261 1155 359 1237 pertis
383 1153 558 1237 imperator
577 1153 738 1236 praemisit
764 1153 917 1214 sarcinam
944 1163 1016 1214 ante
1035 1174 1076 1230 se,
1100 1154 1228 1236 ipseque
1246 1151 1357 1213 subse-

261 1247 351 1298 cutus
373 1246 430 1314 cst,
450 1245 587 1299 tractans
611 1235 747 1321 qualiter
775 1237 932 1298 inveniret
951 1237 1054 1297 locum
1075 1235 1108 1296 in
1128 1256 1193 1320 quo
1213 1242 1355 1317 pugnare

260 1320 400 1399 deberet,
420 1321 509 1403 prius
531 1341 602 1380 uam
623 1321 793 1382 unirentur
809 1319 851 1382 eis
871 1320 923 1381 illa
945 1321 1006 1381 triu
1025 1319 1119 1380 milia.
1163 1327 1356 1402 repertoque

261 1425 373 1488 campo
395 1412 471 1486 apto
493 1343 533 1466 ad
554 1405 727 1486 praelium,
758 1401 910 1464 allocutus
929 1405 1083 1486 populum
1105 1402 1203 1464 aciem
1224 1399 1357 1461 ordina-

262 1487 318 1549 vit.
360 1487 507 1550 Rhazates
528 1506 606 1550 vero
630 1507 702 1550 cum
720 1488 929 1570 pervenisset,
957 1495 989 1548 et
1012 1488 1077 1568 ipse
1099 1486 1252 1568 praelium
1275 1484 1357 1545 diri-

282 1571 306 1633 it
327 1571 359 1632 in
380 1571 484 1634 cuneis
505 1571 618 1649 tribus,
640 1581 672 1633 et
694 1580 807 1632 contra
829 1570 1056 1653 imperatorem
1078 1569 1241 1653 processit.
1282 1567 1357 1650 pri·

261 1593 313 1716 die
333 1675 405 1718 sane
428 1654 496 1716 idus
514 1654 697 1716 Decembris
724 1662 845 1736 gestum
872 1663 918 1716 est
949 1652 1083 1731 bellum,
1103 1661 1135 1715 et
1157 1661 1229 1714 ante
1251 1668 1357 1711 ornnes

260 1739 422 1822 prosiliens
444 1740 620 1820 imperator
642 1736 842 1820 principique
860 1739 1028 1800 Persarum
1050 1757 1231 1813 occurrens,
1253 1733 1358 1796 divina

260 1822 380 1884 virtute
409 1821 522 1906 deique
553 1821 709 1905 genitricis
741 1821 950 1903 opitulatione
977 1821 1062 1883 buno
1083 1819 1216 1896 deiecit,
1249 1817 1357 1901 etqui

262 1925 335 1966 cum
355 1907 423 1988 ipso
447 1915 538 1968 erant
559 1903 715 1968 exilientes
739 1913 831 1967 antea
862 1906 1021 1988 fugerunt.
1064 1923 1235 1987 rursusque
1255 1903 1361 1984 impe-

263 1998 353 2050 rator
373 1990 426 2050 alii
444 2008 614 2052 occurrens
633 1997 665 2050 et
684 1987 770 2052 bunc
790 2010 920 2074 quoque
937 1987 1091 2070 deposuit.
1135 1988 1233 2050 irruit
1254 1996 1360 2047 autem

167 2071 411 2157 ptmadversus
435 2095 506 2135 eum
526 2073 621 2134 ctiam
639 2072 768 2150 tertius,
800 2073 857 2156 qui
887 2071 974 2135 dedit
1002 2073 1031 2135 ei
1061 2093 1134 2134 cum
1152 2091 1306 2134 mucrone
1327 2069 1360 2130 iu

265 2156 381 2219 labium
405 2164 438 2218 et
453 2155 515 2218 hoc
533 2155 578 2218 illi
599 2155 722 2240 plagam
744 2154 865 2218 inflixit.
886 2164 934 2216 ast
954 2156 1131 2238 imperetur
1149 2161 1182 2217 et
1201 2154 1286 2215 bunc
1306 2171 1362 2214 es-

267 2240 368 2303 tinxit.
393 2251 424 2302 et
445 2240 528 2304 tubis
542 2239 755 2324 clangentibus
777 2260 958 2322 congressae
977 2247 1051 2300 sunt
1071 2240 1104 2300 in
1126 2239 1260 2301 invicem
1305 2256 1361 2297 ar·

267 2335 313 2386 tes
337 2334 500 2408 utraeque.
540 2335 573 2388 et
594 2345 665 2386 oum
685 2345 791 2406 pugna
813 2323 914 2386 valida
936 2333 1111 2406 gereretur,
1134 2323 1225 2406 plaga
1247 2257 1360 2382 vuine-

267 2417 352 2471 ratus
373 2416 419 2471 est
440 2431 458 2471 a
479 2405 635 2492 peditibus
657 2407 776 2471 Phalba
799 2407 1000 2491 imperatoris
1022 2429 1130 2491 equus,
1152 2409 1208 2491 qui
1231 2403 1361 2469 diceba-

266 2501 321 2554 tur
333 2494 474 2571 Doroon,
491 2495 522 2555 in
546 2494 667 2555 femore
689 2494 813 2557 lanceae
834 2494 900 2555 ictu
919 2513 1089 2575 percussus.
1129 2492 1241 2553 multas
1254 2498 1359 2551 nutem

266 2586 300 2641 ct
318 2578 500 2659 spatharum
515 2577 546 2637 in
563 2576 642 2640 facie
653 2578 868 2660 percussiones
886 2578 1017 2659 accepit,
1039 2575 1092 2639 sed
1112 2577 1216 2637 ferens
1236 2582 1359 2658 tegmen

267 2682 303 2723 ex
326 2662 427 2724 ucrvis
448 2670 632 2724 contextum
660 2660 784 2742 plagam
805 2662 1002 2722 mortiferam
1029 2680 1093 2720 non
1113 2660 1264 2721 sumebat.
1307 2679 1362 2718 ea·

268 2744 315 2807 dit
334 2754 439 2807 autem
460 2746 492 2805 in
514 2744 575 2807 boc
603 2743 686 2807 bello
708 2744 857 2806 Rhasates
890 2752 923 2804 et
946 2754 1008 2807 tres
1028 2742 1228 2805 turmarchae
1247 2742 1362 2805 Persa-

267 2850 340 2891 rum
360 2838 392 2889 et
413 2827 571 2909 principes
586 2828 652 2889 fere
670 2828 775 2888 cuncti
787 2838 882 2910 atque
894 2848 967 2909 pars
987 2828 1090 2890 maior
1103 2828 1254 2889 exercitus
1274 2824 1362 2907 ipso-

268 2932 348 2972 rum.
373 2911 469 2973 occisi
483 2919 587 2972 autem
598 2920 670 2971 sunt
683 2912 776 2973 eliam
786 2912 918 2973 Romani
929 2933 1061 2973 nunsero
1074 2910 1309 2994 quinquaginta,
1329 2914 1363 2969 ot

268 2995 424 3057 vulnerati
436 2993 587 3070 nonnulli,
599 3016 635 3057 es
647 2994 760 3078 quibus
774 2995 892 3057 seilicet
902 2996 1022 3055 mortni
1032 3003 1106 3055 sunt
1120 2994 1238 3056 decem.
1257 3012 1362 3077 porro

268 3078 385 3140 bellan
404 3087 522 3160 gestam
552 3086 598 3140 est
629 3100 761 3140 amane
790 3099 888 3162 usque
914 3076 954 3140 ad
973 3076 1085 3139 horam
1109 3100 1236 3139 nonam.
1279 3075 1364 3137 tule-

269 3170 346 3223 runt
364 3161 482 3224 interea
504 3162 636 3223 Romani
670 3160 775 3225 banda
802 3162 967 3225 Persarum
987 3162 1099 3245 viginti
1122 3170 1206 3238 octo,
1228 3158 1363 3241 exceptis

268 3244 315 3306 bis
338 3266 419 3328 qssae
442 3246 603 3309 confracta
636 3256 731 3326 suut,
759 3252 793 3308 et
823 3245 991 3328 dispoliatis
1013 3242 1150 3307 mortuis
1173 3253 1364 3341 acceperunt

269 3328 381 3391 loricas
404 3348 514 3392 eorum
528 3341 560 3392 et
573 3328 710 3407 cassides,
731 3349 790 3391 uec
810 3349 875 3390 oon
895 3340 928 3393 et
949 3350 1055 3392 omnes
1077 3350 1188 3391 currus
1209 3330 1361 3409 ipsorum.

269 3422 502 3475 assumserunt
524 3414 564 3475 ab
587 3414 717 3476 invicem
739 3414 924 3497 sequestrati
944 3422 1096 3497 quantum
1109 3422 1156 3474 est
1177 3410 1290 3493 duplex
1311 3432 1364 3472 sa.

269 3496 366 3579 gillae
384 3500 503 3559 iaetus:
528 3499 599 3581 luga
619 3518 753 3581 namque
773 3498 857 3559 lacta
877 3508 1017 3559 nonest.
1061 3506 1275 3558 verumtamen
1295 3494 1365 3555 uo.

270 3582 352 3643 mani
387 3581 554 3644 animantia
586 3602 639 3642 sua
663 3588 756 3642 nocte
783 3588 817 3641 et
849 3581 1086 3663 adaquaverunt
1108 3589 1140 3641 et
1160 3585 1362 3661 acceperunt.

170 3697 199 3751 p.
208 3674 259 3734 491
271 3667 389 3749 equites
413 3684 488 3726 vero
510 3664 565 3749 qui
581 3667 664 3727 ultra
686 3671 797 3743 erant,
827 3673 983 3725 steterunt
1010 3685 1107 3747 usque
1135 3662 1175 3724 ad
1203 3662 1365 3745 septimam

270 3748 383 3810 horam
404 3748 504 3809 noctis
537 3770 632 3831 super
659 3747 859 3809 tabernacula
885 3758 1086 3809 mortuorum
1116 3747 1302 3823 Persarum,
1326 3767 1365 3805 ac

272 3840 382 3894 octava
404 3831 484 3893 hora
508 3832 607 3895 noctis
627 3831 707 3893 moti
740 3832 971 3915 repedaverunt
994 3832 1033 3893 ad
1054 3840 1154 3891 castra
1176 3852 1241 3906 sua,
1262 3837 1295 3891 et
1316 3828 1365 3889 bis

271 3918 404 3997 acceptis
438 3916 605 3995 abierunt,
641 3925 674 3977 ct
704 3922 803 3977 castra
824 3916 932 3977 metati
953 3924 1025 3976 sunt
1055 3913 1095 3975 ad
1117 3915 1228 3997 pedem
1250 3912 1365 3974 montis

271 4000 374 4081 asperi
396 4008 575 4063 metuentes.
616 3999 727 4060 multas
751 4008 916 4081 praeterea
928 3998 1052 4081 spathas
1074 4019 1153 4058 auro
1174 3996 1368 4059 circumclu-

271 4103 317 4144 sas
338 4094 370 4145 et
390 4104 481 4146 sonas
500 4104 610 4146 aureas
642 4103 713 4144 cum
741 4085 868 4165 gemmis
901 4092 934 4147 et
960 4092 1082 4145 scutum
1103 4081 1231 4142 Rlsasati
1262 4086 1367 4139 totum

273 4186 352 4229 suro
374 4188 548 4251 respersum
563 4176 771 4257 ‚sumperunt
791 4166 908 4231 babens
927 4168 1031 4251 petala
1052 4173 1178 4228 centnm
1193 4162 1313 4247 viginti,
1332 4170 1367 4225 ot
