3050 4900
598 383 746 451 NOTAE.
1143 373 1214 448 llll

129 544 398 636 reinduimus,
424 570 550 641 propter·
577 557 792 641 inexplebilem
825 554 1004 618 ouantium.
1055 557 1218 641 tegendum

128 643 259 702 tortasse
280 635 439 701 αἰιιστιάν.

151 831 158 844 ⁸
211 743 282 890 133,
310 741 344 807 3.
386 741 442 808 τὸν
455 744 674 829 nocentiorem]
698 746 752 807 κατ’
766 741 1035 829 ιοαβιιιουλοῖριον,
1057 747 1101 810 ait
1119 749 1245 812 chre-³

128 850 189 891 nro.
213 852 222 888 1
246 851 305 892 ena.

211 951 291 1013 lbid.
314 951 344 1011 5.
386 955 496 1030 χοῖρος
517 950 629 1033 μέγας]
653 951 803 1013 lustinum
826 935 1004 1033 adumbret,
1028 955 1081 1036 qui
1103 975 1218 1036 poree.

127 1036 192 1096 rins
213 1036 282 1095 fuit.
299 1037 445 1095 Zonaras.

210 1139 338 1206 lutet.
381 1138 531 1221 Πρόκλον
562 1139 618 1202 τὸν
648 1121 868 1224 οιειρονριῗηι]
900 1143 1039 1206 chronic.
1069 1142 1219 1224 Πρόκλον

124 1222 181 1286 τὸν
197 1217 357 1301 Uoturi»,
378 1220 433 1286 τὸν
457 1223 641 1307 φιλόσοφον,
662 1227 717 1287 κατ’
738 1223 959 1308 ὀνειροκρίτην.
1003 1228 1094 1308 plura
1117 1229 1156 1291 de
1179 1250 1217 1292 eo

124 1311 271 1370 Zonaras.

208 1413 334 1478 lttd.9.
376 1414 435 1476 τοῦ
465 1413 501 1476 δὲ
533 1405 703 1477 &nanninus
739 1364 820 1481 ΚΙΠ.
856 1413 1028 1500 Τιμοθέου]
1060 1423 1218 1501 praesenti

126 1522 209 1561 anno
220 1499 421 1560 Timotheum
429 1499 491 1559 CP.
514 1498 726 1580 patriarcham
745 1500 856 1560 obiisse
877 1521 912 1560 ex
928 1499 1101 1584 Nicephori
1123 1502 1218 1566 chro-

125 1586 199 1645 nico
221 1583 388 1645 confirmat
410 1583 561 1644 Beronius
583 1585 623 1644 ad
644 1605 694 1644 an.
716 1581 776 1644 517
800 1606 831 1644 n.
855 1579 906 1645 61.

207 1707 289 1768 thid.
316 1707 363 1768 11.
413 1705 596 1788 terestres]
627 1706 695 1789 quis
724 1707 882 1791 Syncellus
918 1706 1035 1770 dictum
1060 1710 1218 1792 superiusz

127 1790 326 1870 patriarchae
349 1791 495 1851 nimirum
525 1791 764 1870 Concellaoens,
785 1811 916 1867 mensae,
937 1793 1149 1872 consiliorum,
1170 1817 1219 1856 se.

126 1883 349 1956 cretorumque
371 1877 519 1948 conscius,
540 1883 572 1935 et
593 1876 711 1934 animae
722 1875 800 1936 fidus
823 1875 1011 1952 moderator,
1036 1879 1134 1960 quiet
1154 1879 1221 1960 spi.

128 1957 249 2018 ritualis
271 1967 373 2038 pater.
423 1979 458 2020 ex
483 1957 626 2042 Syncello
655 1958 773 2039 primus
805 1957 855 2018 hic
879 1961 1005 2020 loannes
1029 1960 1061 2020 in
1082 1961 1221 2042 patriar.

126 2040 221 2103 chata
242 2061 412 2105 successor.
456 2035 557 2102 πάλαι
584 2035 647 2120 γὰρ
674 2037 691 2102 o‘
712 2034 875 2120 λεγόμενος
897 2038 1069 2118 Eiristios
1087 2043 1143 2104 τοῦ
1159 2067 1221 2104 πα.

124 2118 281 2205 τριάρχου
303 2120 453 2200 θανόντος
482 2122 528 2194 εἷς
552 2118 606 2184 τὸν
626 2121 756 2202 ’ἐκείνου
782 2124 874 2184 τόσον
894 2121 1149 2204 οἷντιιιοιθιστατο,
1172 2128 1221 2188 in-

128 2207 198 2288 quit
221 2207 391 2268 Cedrenus.
412 2207 511 2266 dictus
533 2207 607 2266 olim
629 2206 797 2284 Syneellus‚
820 2206 956 2281 defuncto
972 2211 1165 2290 patriarcha,
1187 2213 1220 2272 in

121 2291 187 2348 eius
211 2289 575 2353 tocum‘suhsriruebanr.
619 2288 701 2349 idem
726 2290 756 2348 in
780 2289 983 2350 Constantino
1003 2293 1213 2353 Monomacho

122 2371 290 2454 Seriphum
305 2375 534 2434 Saracenorum
556 2392 667 2433 eorum
688 2371 835 2454 Caiiphae
858 2382 1028 2455 comparat.
1072 2375 1143 2434 hinc
1165 2379 1215 2436 lo..
1319 2391 1325 2403 ‘

123 2478 218 2517 annes
240 2456 398 2541 Syuccllns
425 2451 545 2534 θρόνου
581 2449 729 2533 διάδοχος
750 2478 768 2514 a
791 2454 942 2517 Michaele
963 2456 1127 2541 Theophili
1152 2460 1216 2518 lilio

125 2539 208 2621 apud
229 2540 361 2603 eundem
388 2538 566 2600 Cedrenurn
597 2537 783 2599 declaratur.
834 2539 857 2597 is
879 2546 981 2599 tamen
1004 2562 1069 2601 mos
1091 2540 1218 2625 Syncel·

125 2624 188 2682 lum
211 2622 241 2683 in
263 2622 461 2705 patriarchae
490 2622 592 2683 locrrm
614 2622 780 2698 evehendi,
801 2622 886 2683 cuius
908 2623 1084 2703 primordia
1107 2624 1218 2684 obser-

125 2727 255 2783 vamus,
285 2708 411 2769 nonnisi
432 2708 515 2766 circa
533 2716 680 2767 octavum
704 2715 736 2765 et
754 2726 873 2765 nonum
895 2708 1050 2767 saeculum
1073 2728 1218 2767 commu-

126 2811 195 2849 nem
226 2811 313 2851 usum
347 2790 494 2853 obtinuit.
546 2788 585 2850 de
614 2788 759 2871 Syncello
789 2789 988 2870 prooemium
1020 2799 1163 2853 nostrum
1186 2791 1216 2851 in

126 2872 255 2955 Georgii
278 2875 414 2957 syncelli
435 2872 585 2934 chronice
607 2873 711 2933 fusius.

206 2995 289 3063 leid.
314 2994 363 3063 13.
404 2991 461 3077 τήν
484 2991 694 3074 αἰιοστολινῆν
723 2988 847 3077 στολήν]
880 2996 1006 3077 pallium
1029 2998 1216 3079 episcopale,

126 3079 172 3140 vel
196 3080 373 3151 colobium,
397 3083 451 3161 qui
475 3088 507 3139 et
528 3099 651 3155 saccus,
671 3078 922 3159 patriarcharum
944 3082 1112 3165 proprium
1134 3083 1216 3142 inter

123 3184 211 3224 sacra
246 3164 430 3224 celebranda
463 3173 690 3222 ornamentum.
751 3170 837 3221 certe
871 3163 998 3243 pallium
1040 3164 1216 3245 episcopale

123 3247 220 3327 pollio
247 3245 487 3327 philosophico,
509 3268 526 3305 a
549 3245 730 3305 Christianis
759 3245 834 3304 olim
857 3257 1022 3326 assumpto,
1047 3245 1215 3329 iisdemque

123 3330 162 3390 ab
184 3330 330 3411 apostolis
364 3330 438 3390 olim
469 3326 686 3389 commendato
716 3329 889 3389 successisse
923 3330 1031 3389 scribit
1062 3329 1214 3391 Baronius

123 3434 206 3471 anno
229 3414 263 3472 C.
284 3410 346 3474 336
376 3434 460 3473 nnm-
482 3409 532 3477 63.
581 3411 740 3472 colobium
771 3418 874 3472 autem
905 3412 1142 3473 ecclesiasticum
1168 3414 1214 3473 in.

124 3496 321 3571 dementum,
357 3496 444 3578 qnod
474 3517 509 3555 ex
531 3493 691 3578 synodol
724 3494 866 3555 discimus
901 3517 918 3554 a
952 3496 1065 3556 lacobo
1095 3496 1212 3557 domini

122 3578 221 3641 fratre
243 3587 435 3661 usurpatum,
459 3586 491 3639 et
512 3601 530 3637 a
549 3576 737 3659 patriarchis
752 3577 811 3637 GP.
826 3578 1024 3658 postmodum
1039 3590 1214 3661 acceptam,

121 3662 327 3741 αἰιοστολικῆς
348 3661 462 3741 στολῆς
483 3661 722 3744 appellationem
748 3662 937 3740 promeruit.

205 3770 284 3834 lbid.
311 3766 357 3831 16.
400 3767 570 3831 ἶνδικτιαῖνι
593 3768 652 3853 ια’]
673 3766 880 3846 Marcellinus,
903 3776 936 3832 et
956 3769 1127 3831 chronicon
1141 3769 1211 3831 Alc.
1292 3764 1299 3778 '
1348 3840 1353 3850 ⁸

122 3850 306 3914 rendrinnm
325 3854 534 3915 consentiunt.

204 3975 358 4037 [bid-17.
399 3969 593 4055 βασιλεύσας
623 3968 677 4054 ἔτι]
700 3970 744 4049 κζ
774 3968 829 4035 καὶ
847 3972 949 4053 μῆνας
980 3970 1027 4050 ζ’]
1061 3973 1209 4035 Theodo.

120 4080 173 4119 ras
195 4059 294 4121 lector
322 4082 438 4120 menses
466 4056 548 4121 solos
570 4070 631 4118 tras
652 4060 793 4139 assignat,
817 4056 970 4139 Euagrius
992 4056 1055 4117 dies
1078 4059 1208 4138 amplius

118 4152 191 4202 tres.
232 4144 358 4205 Basilius
386 4144 461 4203 Cilix
490 4142 574 4223 apud
604 4142 753 4201 Photium
784 4142 854 4201 cod.
875 4140 915 4201 42
941 4162 1013 4201 cnm
1036 4140 1206 4204 Theodoro

117 4228 273 4287 convenit.
324 4229 451 4308 utrique
481 4226 562 4288 dicor
596 4246 691 4285 unum
721 4226 769 4287 rel
802 4226 933 4286 alterum
957 4223 1097 4285 detrahit
1119 4228 1206 4287 Mar.

222 4349 399 4421 Theophanes
422 4350 457 4402 ll.
766 4430 769 4433 Ι
974 4344 1007 4397 27
