3050 4900
450 382 453 389 ·
539 364 593 427 EX
617 358 879 427 mmenans.
1182 352 1253 425 189

157 532 359 596 Cbersonsm.
399 548 502 613 porro
531 530 791 613 comprehensum
811 529 907 591 turba
923 526 1122 590 Theodotm
1141 548 1254 589 mosas-

159 618 254 677 clsum
273 626 307 676 nt
329 613 504 696 generalem
525 612 717 696 logothetam
738 622 835 697 atque
848 611 1040 695 Stephanum
1062 610 1254 675 sacellarium
1346 662 1349 666 ,

159 702 303 775 Persam,
335 697 522 778 lbulbusque
550 708 725 761 retrorsum
747 696 804 759 laos
825 697 935 779 ligatos
956 695 1086 756 trahunt
1105 714 1166 777 per
1186 718 1255 756 me-

156 784 240 845 diam
273 783 427 863 plateam,
458 788 490 841 et
518 778 558 841 ad
588 780 703 843 bovem
732 778 882 843 deductos
904 779 1134 856 incenderunt,
1156 780 1254 841 etita

157 864 326 929 Leontium
349 865 574 945 imperatorem
598 863 816 926 laudaverunt.
897 906 900 912 ›

238 954 330 1009 Auno
352 946 477 1029 imperii
506 947 553 1009 sui
582 948 687 1029 primo
715 946 863 1009 Leontius
886 968 957 1006 cum
980 966 1112 1027 regnare
1132 946 1254 1027 coepis.
1340 959 1345 973 ·

154 1042 213 1111 set,
235 1031 375 1117 undique
388 1028 516 1113 pacifice
535 1032 660 1109 mansit,
682 1030 845 1115 tribusque
866 1030 951 1090 anuis
973 1029 1139 1110 imperium
1162 1031 1253 1091 rexit.

241 1138 330 1195 Auno
359 1130 483 1213 imperii
512 1132 635 1218 Leontii
656 1132 793 1193 secundo
821 1128 922 1191 movit
942 1130 1111 1193 exercitum
1132 1130 1257 1202 Seuali-

156 1218 216 1279 dus
237 1218 268 1279 iu
291 1214 484 1291 Romaniano,
507 1220 537 1275 et
557 1214 660 1277 multis
682 1215 782 1277 ductis
813 1212 942 1295 captivis
965 1233 1106 1276 reversus
1126 1224 1184 1289 est;
1206 1236 1256 1276 se-

154 1298 662 1384 ditionequeSergius'concitam
682 1298 831 1381 patricius
842 1296 979 1379 Lauicae,
1000 1296 1080 1358 hauc
1100 1298 1256 1361 trabibus

96 1419 98 1423 ,
155 1384 278 1446 subdit.

244 1472 334 1529 Anno
357 1484 434 1525 vero
469 1464 593 1545 imperii
616 1462 740 1527 Leontii
773 1462 869 1524 tertio
893 1462 958 1525 acie
981 1460 1096 1524 drabes
1118 1462 1150 1524 in
1173 1462 1256 1525 Airi-

152 1572 225 1612 cam
245 1558 330 1611 motu
350 1547 431 1609 hauc
466 1548 681 1625 obtinuerunt,
709 1556 741 1610 et
762 1568 798 1609 ex
818 1548 954 1630 proprio
978 1548 1115 1608 exercitu
1137 1557 1256 1608 taxatos

156 1636 188 1695 in
228 1654 265 1695 ea
294 1632 447 1716 quosdam
478 1632 720 1693 constituerunt.
770 1630 885 1773 puibus
917 1630 1085 1713 compertis
1107 1628 1255 1691 Leontius

151 1718 254 1779 mittit
265 1718 411 1777 loannem
432 1714 611 1797 patricium,
633 1716 736 1776 virum
758 1713 768 1775 i
792 1735 915 1791 oneum,
936 1734 1008 1775 cum
1024 1712 1169 1774 omnibns
1187 1714 1352 1782 lto-Md?

154 1801 265 1863 maieis
287 1799 441 1862 classibus.
483 1798 539 1882 qui
561 1818 633 1861 enm
655 1796 874 1894 Carthaginem
894 1798 1099 1879 pervenisset,
1116 1804 1152 1859 st
1170 1796 1253 1859 bello

151 1894 298 1947 catenam
318 1890 430 1965 portus
452 1881 516 1943 eius
538 1881 721 1965 aperuisset,
743 1880 947 1964 inimicosque
968 1880 1000 1942 in
1019 1881 1123 1962 fugam
1144 1882 1255 1943 vertis‘-

152 1977 216 2043 set,
240 1965 295 2029 bos
312 1964 448 2027 ¹uiriliter
474 1965 630 2029 insecutus
660 1964 803 2047 uoisspsu
832 1964 977 2026 liberauit
999 1966 1255 2042 Africaee‘astra,

151 2050 335 2133 relictisque
380 2046 493 2131 ropriis
518 2048 771 2111 observatoribus
789 2046 868 2110 baec
890 2048 1075 2129 imperatori
1096 2050 1252 2131 suggessit,

152 2132 334 2219 ibidemque
354 2070 510 2193 Ibiemavit
545 2132 708 2195 iussionem
735 2130 942 2215 praestolatus
964 2130 1004 2194 nb
1031 2151 1079 2193 eo.
1122 2142 1156 2193 st
1174 2149 1252 2193 vero

150 2215 409 2301 protosymbolus
430 2214 480 2275 his'
494 2214 662 2295 compertis
679 2216 841 2297 copiosum
862 2220 893 2277 et
906 2216 1119 2299 potentiorem
1139 2214 1252 2277 adver.

150 2322 204 2363 sus
226 2322 278 2364 eos
302 2299 417 2361 stolum
440 2300 632 2375 transmittit,
656 2310 687 2361 et
700 2299 899 2382 praedictum
918 2297 1064 2373 loannem
1078 2319 1150 2359 cum
1170 2294 1251 2359 stolo
1338 2363 1342 2374 Ι

151 2384 249 2470 ipsius
273 2381 355 2444 bello
377 2403 393 2441 s
415 2380 518 2464 postu'
533 2380 669 2465 depellit,
692 2391 724 2443 et
742 2382 874 2445 exterisu
895 2379 1050 2442 hostiliter
1062 2391 1164 2442 castro
1183 2404 1253 2443 me·
1338 2381 1343 2402 ¹

150 2479 238 2532 tatus
262 2475 323 2528 est:
346 2465 523 2548 praedictus
554 2487 630 2526 vero
654 2467 785 2526 loannes
815 2467 853 2526 ad
876 2466 1058 2526 Romaniem
1080 2465 1253 2608 repedavit1

150 2554 308 2614 maiorem
330 2549 478 2612 virtutem
512 2549 549 2611 ab
581 2549 775 2631 imperatore
800 2549 944 2633 accipere
966 2551 1095 2626 volens,
1117 2556 1148 2608 et
1167 2547 1236 2610 reni

152 2634 315 2718 usquead
337 2633 472 2708 Cretum,
496 2633 672 2716 principem
694 2631 844 2697 aditurus.
896 2631 1048 2692 exercitus
1068 2639 1172 2692 autem
1192 2651 1253 2719 per

150 2719 291 2781 maiores
320 2736 392 2779 suos
424 2715 462 2778 ad
488 2718 709 2800 imperatorem
740 2715 905 2796 ascendere
933 2714 1039 2796 nolens
1060 2713 1253 2793 (obtinuerat

151 2803 240 2865 euim
263 2819 316 2862 eos
346 2801 445 2862 timor
473 2810 567 2883 atque
588 2799 748 2879 conlusio)
772 2800 810 2862 ad
832 2798 995 2860 consilium
1016 2819 1080 2860 sese
1099 2799 1251 2882 nequissi-

150 2907 242 2948 mum
261 2883 404 2945 eontulit.
445 2893 478 2944 et
497 2883 571 2944 huie
601 2882 841 2961 maledixerunt,
863 2882 1007 2963 eligentes
1028 2882 1252 2964 imperatorem
1314 2951 1317 2958 ¹

151 2967 355 3052 Apslmars'sm
376 2965 581 3064 drongarium
595 2967 858 3051 Cibyraeotorum
870 2966 953 3047 apud
973 2966 1141 3028 curiositas
1162 2966 1252 3027 bebi.

151 3065 235 3128 tum,
256 3051 341 3112 buno
361 3049 524 3117 Tiberium
547 3051 749 3112 nominantes.
792 3051 898 3133 itaque
919 3051 1051 3111 Leontio
1067 3050 1150 3130 apud
1166 3043 1354 3114 conr-⁵6⁸

150 3133 396 3216 stantiuopolim
411 3133 515 3216 posito
536 3133 756 3196 etlleoresium
779 3143 909 3216 portum
931 3131 1127 3208 emundante,
1149 3133 1253 3194 bubo-

152 3221 205 3280 nis
224 3218 319 3300 pastis
340 3217 413 3278 urbi
436 3217 594 3295 incubuit,
619 3226 650 3278 et
669 3218 700 3278 in
725 3225 881 3300 quattuor
899 3216 1055 3278 mensibus
1076 3215 1253 3276 multitudi.

151 3325 229 3364 nem
259 3301 357 3382 plebis
391 3302 589 3382 consumpsit
640 3301 727 3362 veuit
753 3309 855 3362 autem
882 3298 1058 3360 Abaimarus
1094 3319 1155 3358 unu
1182 3321 1254 3359 curu

149 3387 248 3462 stolo,
267 3385 322 3468 qui
342 3403 444 3444 secum
468 3395 545 3465 erat,
565 3394 597 3445 et
618 3381 771 3466 applicuit
786 3405 822 3445 ex
843 3383 974 3444 adverso
996 3379 1128 3442 civitatis
1151 3382 1255 3465 inSy.

151 3489 219 3530 ees.
260 3487 323 3564 per
344 3468 536 3550 eliquantum
559 3487 631 3528 sane
651 3467 802 3548 temporis
823 3467 949 3528 civitate
969 3466 1107 3548 prodere
1128 3467 1254 3526 uolente

148 3555 332 3628 Leontium,
354 3547 499 3633 proditio
517 3549 597 3611 iacta
620 3559 665 3612 est
679 3571 738 3633 per
758 3549 944 3632 singularem
959 3571 1084 3612 murum
1104 3547 1253 3609 Blacher-

151 3657 271 3700 uarum
293 3658 310 3695 a
331 3634 526 3716 principibus
547 3636 668 3709 exteris,
689 3634 801 3718 quibus
822 3636 920 3695 claves
936 3634 1055 3696 terreni
1076 3633 1158 3694 muri
1178 3653 1251 3694 cum

152 3717 307 3782 horribili
329 3716 532 3792 iureiurando
554 3717 690 3780 creditae
713 3719 858 3779 fuerauts
890 3716 938 3776 isti
961 3737 1096 3813 namque
1116 3734 1175 3797 per
1200 3715 1250 3776 ina

152 3799 249 3866 sidias
279 3799 479 3865 tradiderunt
498 3802 620 3865 urbem.
676 3821 780 3884 porro
812 3800 939 3882 ingressi
970 3801 1111 3862 classium
1141 3797 1253 3862 milites

155 3887 275 3948 civium
297 3885 415 3960 domos,
440 3883 677 3948 denudaverunt
692 3885 723 3946 in
743 3884 790 3946 bis
810 3884 993 3947 habitantes.
1015 3891 1048 3944 at
1069 3902 1145 3945 sero
1161 3883 1254 3964 Apsi-

148 3977 264 4032 'msrus
286 3970 452 4030 Leontium
475 3969 602 4053 quidem
618 3989 697 4046 ‚uaso
713 3967 813 4032 reciso
835 3969 867 4028 iu
889 3966 1109 4027 monasterium
1118 3965 1253 4029 Drimati

155 4053 215 4116 sub
235 4053 376 4138 epstodia
398 4053 468 4114 lore
483 4052 656 4135 praecepit,
677 4050 836 4134 principes
857 4060 962 4112 autem
986 4057 1019 4111 et
1038 4049 1154 4111 amicos¹
1176 4051 1252 4124 eius,

156 4145 271 4218 utpote
298 4139 540 4199 commorientes
559 4135 606 4211 ei,
628 4155 731 4198 caesos
752 4144 847 4218 atque
871 4133 1104 4216 proscriptione
1124 4131 1255 4197 damno·

159 4230 210 4282 tos
233 4219 323 4282 exilio
345 4219 502 4303 relegavit.
544 4217 784 4303 Heraclidesque
798 4239 981 4301 germanum
1001 4218 1134 4280 tratrem
1153 4237 1253 4294 suum,
