3050 4900
534 346 589 407 EX
618 345 878 411 retornetis.
1117 365 1129 375 ’
1183 338 1257 413 939

161 514 217 575 nin
240 534 258 573 a
279 514 403 589 mania,
431 512 464 575 id
493 524 539 576 mt
561 516 695 592 insanie,
717 514 922 581 nominatum.
964 515 1017 581 sod
1039 518 1108 601 quis
1130 515 1259 581 idoneus

160 596 201 657 ad
222 596 395 658 enamnda
425 597 575 659 scelerata
598 599 713 662 borum
743 602 885 683 piacula,
917 624 998 685 quae
1022 604 1138 683 partim
1158 602 1257 663 suisa

155 682 253 742 nobis
274 676 512 743 conscribentur
536 683 567 744 in
591 681 674 745 iocis.
700 686 805 748 omnia
828 688 911 747 enim
933 708 988 747 seu
1005 685 1122 769 singulo
1143 684 1259 747 borum

160 782 262 847 opera
283 764 308 826 si
330 764 617 844 conscriberentur,
640 788 720 850 quae
739 767 989 831 adcurationem
1008 770 1187 853 imperantis
1210 768 1257 831 ef-

160 849 354 928 factasunt,
376 868 435 909 nec
460 848 560 929 ipsum
584 850 744 934 arbitror,
769 861 805 912 ut
828 853 1052 935 propriarum
1073 852 1259 935 evangelista

162 932 299 1010 dicatur,
319 930 473 993 muudum
493 954 606 1016 capere
625 956 678 997 eos
699 936 753 1021 qui
773 938 930 999 scribendi
951 946 1023 998 sunt
1045 937 1154 999 libros.

244 1057 334 1118 Anno
357 1050 464 1118 mundi
479 1046 571 1134 6959,
593 1058 716 1121 divinae
731 1058 954 1123 incarnationis
979 1078 1061 1122 anno
1078 1056 1150 1139 759,
1172 1074 1256 1121 auno

160 1138 284 1223 imperii
306 1138 502 1204 Constantini
518 1140 557 1203 27
574 1140 747 1226 Stephanus
762 1146 921 1206 Romanae
939 1144 1017 1206 sedis
1041 1144 1175 1206 habetor
1198 1164 1257 1204 an-

162 1225 259 1285 tistes.
310 1222 530 1285 Constantinus
563 1242 659 1305 vero,
682 1222 749 1288 falsi
783 1228 914 1289 nominis
935 1228 1123 1311 patriarcha,
1143 1226 1256 1289 ductos

158 1314 206 1369 est
226 1305 316 1367 nonis
338 1306 529 1371 Octobribus
561 1320 662 1372 sextae
693 1306 871 1373 indictionis
900 1332 917 1373 a
941 1310 1086 1394 principe
1114 1311 1146 1371 in
1169 1311 1255 1371 insu.

158 1390 240 1465 iam3
270 1411 364 1473 quem
391 1402 422 1454 et
452 1389 563 1455 cecidit
590 1402 758 1477 tyrannus,
790 1394 875 1479 quod
904 1393 1018 1456 vadere
1042 1414 1106 1455 noo
1126 1396 1254 1455 nataret.

157 1474 245 1537 iussit
266 1478 369 1535 autem
384 1496 455 1537 enm
477 1477 508 1537 in
530 1476 644 1559 phorio
662 1477 798 1561 portari,
818 1486 850 1540 et
862 1486 988 1541 euntem
1000 1476 1109 1540 sedere
1129 1478 1160 1539 io
1184 1492 1255 1559 gre·
1297 1514 1301 1524 ·

158 1557 223 1618 mio
246 1558 393 1620 ecciesiae
412 1582 555 1643 magnam
579 1571 708 1644 eratque
725 1562 867 1623 asecrctis
888 1583 960 1623 cnm
982 1583 1020 1623 eo
1041 1562 1140 1622 ferens
1159 1560 1253 1621 char.

157 1650 211 1702 tae
233 1651 367 1719 tomum,
391 1638 510 1729 inquo
531 1654 623 1706 erant
645 1644 754 1728 scripti
775 1642 865 1709 buius
885 1665 1030 1707 excessus.
1067 1645 1154 1707 omui
1176 1661 1253 1725 ergo

157 1724 278 1807 populo
302 1724 434 1789 civitatis
467 1748 502 1789 er
530 1740 701 1811 praecepto
733 1730 820 1811 regio
850 1726 913 1791 iilic
941 1737 1130 1812 congregato
1153 1736 1186 1789 et
1206 1728 1350 1797 stacta

156 1806 252 1869 dente
273 1808 434 1893 tegebatur
458 1812 566 1874 charta
591 1812 834 1874 inaudientiam
861 1812 958 1875 totius
979 1810 1108 1895 popuii,
1141 1819 1174 1873 et
1194 1830 1255 1894 per

156 1892 276 1975 singola
303 1894 500 1974 percutiebat
529 1895 673 1957 asecretis
701 1896 813 1959 faciem
841 1896 916 1973 eius,
946 1896 1052 1958 Niceta
1073 1894 1254 1979 patriarcba

155 1976 187 2035 in
207 1976 400 2039 confessario
421 1978 548 2041 sedente
569 2000 605 2041 ac
626 1980 775 2042 intuente.
817 1979 982 2062 posthaec
1001 1998 1079 2041 vero
1101 2000 1172 2041 cum
1192 1978 1253 2039 im-

155 2059 330 2141 posuissent
351 2081 422 2123 eum
445 2062 475 2123 in
497 2060 662 2125 ambonem
685 2072 717 2124 et
740 2064 863 2124 rectum
883 2072 967 2125 stare
988 2064 1139 2140 fecissent,
1160 2082 1254 2125 acce·-

155 2143 205 2225 pit
217 2142 337 2204 Nicetas
355 2144 497 2207 chartam
521 2155 554 2207 et
574 2144 657 2209 misit
677 2146 843 2229 episcopis,
866 2157 898 2209 et
918 2148 1025 2208 ablato
1045 2146 1253 2228 superhume-

155 2224 217 2287 raii
240 2226 302 2287 eins
324 2228 662 2293 anathematizaverunt
676 2251 757 2306 eum,
780 2238 812 2291 et
831 2228 1107 2313 huncSc'otiopsin
1128 2248 1252 2313 cogno-

155 2308 307 2372 minantes
336 2310 554 2376 abstrareruot
586 2312 625 2375 ab
656 2310 804 2389 ecclesia,
840 2312 1033 2396 gradientem
1062 2322 1249 2379 retrorsum.

156 2401 285 2476 postera
304 2416 383 2458 vcro
403 2396 453 2459 die
475 2418 547 2459 cum
569 2396 635 2459 ludi
657 2396 813 2458 Circenses
838 2403 1017 2479 agerentur,
1039 2402 1184 2457 raserunt
1204 2396 1249 2456 fa.

154 2478 236 2538 ciem
257 2477 330 2556 cius,
351 2490 384 2542 et
404 2479 535 2543 barbam
555 2472 791 2543 denudaverunt
812 2479 933 2562 capitis,
953 2501 990 2541 ac
1010 2477 1250 2560 superciliorum

153 2559 225 2644 pilis
247 2561 377 2641 ablatis,
409 2571 441 2626 et
463 2563 606 2627 indutum
631 2563 715 2625 bunc
745 2563 836 2624 laneo
864 2562 954 2624 brevi
976 2571 1008 2624 et
1031 2563 1097 2624 sinc
1122 2559 1250 2624 manicis
1325 2615 1329 2621 .

156 2645 352 2725 vestimento,
370 2647 483 2710 sedere
514 2649 656 2711 feceruut
676 2644 803 2731 oblique
823 2664 918 2728 super
939 2645 1060 2707 asinum
1077 2663 1182 2728 sagma
1202 2645 1249 2707 ie-

154 2736 287 2804 reotem,
306 2739 338 2792 et
354 2730 447 2813 ipsius
468 2740 574 2795 tenere
597 2729 735 2808 caudam,
752 2741 784 2792 et
803 2729 979 2792 eduxerunt
999 2748 1070 2792 eom
1083 2727 1250 2812 perDiip·

154 2811 245 2892 pium
269 2811 301 2872 in
325 2813 608 2898 Hippodromium,
636 2823 750 2877 cuncto
775 2811 895 2896 populo
916 2821 948 2876 et
969 2814 1062 2896 volgo
1085 2812 1166 2874 mala
1186 2813 1249 2874 ins.

153 2905 304 2976 precante
325 2894 368 2958 iili
389 2908 422 2962 et
444 2910 643 2982 conspuente.
665 2895 811 2961 trabebat
829 2905 932 2959 autem
952 2898 1070 2958 asinum
1092 2897 1248 2959 Constan-

153 2979 236 3041 tinos
259 3001 356 3062 nepos
377 2983 478 3064 ipsius,
499 3005 573 3044 naso
598 2982 705 3044 reciso.
758 2998 893 3065 cumque
918 2981 1050 3044 venisset
1071 2977 1111 3042 ad
1129 2981 1247 3063 vulgus,

156 3059 386 3126 descenderunt
405 3075 437 3128 et
460 3074 673 3148 conspuerunt
694 3070 727 3130 et
746 3065 909 3148 pulverem
929 3065 1136 3147 proiecerunt
1154 3082 1249 3144 super

153 3165 240 3210 earn.
282 3156 315 3208 et
336 3170 408 3211 corn
430 3147 625 3213 adduxissent
651 3145 781 3212 eumad
806 3147 1045 3227 consistorium,
1065 3144 1249 3209 deiecerunt

155 3230 195 3292 de
215 3227 311 3307 asino,
332 3241 365 3294 et
388 3235 546 3296 calcavere
569 3233 685 3295 collum
706 3231 780 3308 eius,
804 3240 836 3293 et
855 3230 1023 3293 collocatus
1044 3238 1157 3293 contra
1174 3228 1247 3289 voi-

153 3333 209 3458 pus
235 3311 380 3378 audiebat
406 3317 445 3379 ab
469 3317 527 3380 iilis
555 3317 675 3380 ludicra
708 3313 808 3380 verba
825 3331 926 3400 usque
956 3314 996 3378 ad
1018 3311 1247 3376 absolmioocm

168 3394 303 3458 odorum
323 3401 526 3484 equestrium.

236 3519 358 3586 Endera
377 3543 506 3608 quoque
526 3545 630 3588 mensa
650 3522 746 3586 missis
780 3521 893 3606 impius
912 3522 1088 3604 imperator
1106 3514 1246 3603 patriciis
1254 3521 1343 3592 pots

152 3603 353 3686 significatei
381 3609 486 3673 dicero
514 3609 612 3694 “quid
640 3607 715 3671 dieis
743 3605 784 3675 de
809 3606 873 3670 tide
898 3617 1005 3668 nostra
1038 3613 1071 3666 et
1099 3600 1247 3680 concilio,

155 3687 245 3768 quod
266 3688 427 3756 recimer
449 3693 504 3776 qui
523 3693 659 3756 sensibus
683 3689 722 3754 ad
746 3690 915 3754 vanitatem
935 3686 1092 3750 conversis
1113 3707 1247 3768 rospon-

153 3769 214 3846 «tis,
234 3771 352 3836 “bene’'
375 3775 517 3861 inquiens
537 3779 594 3840 “et
613 3773 734 3852 credis,
757 3783 790 3835 et
809 3773 889 3834 isene
907 3770 1076 3834 concilium
1098 3779 1246 3851 operatus

151 3857 218 3931 υἷ’
238 3863 352 3937 potans
370 3881 403 3922 se
423 3861 466 3922 ob
486 3861 548 3922 boc
568 3860 655 3922 iilum
677 3879 784 3920 rursus
804 3856 941 3939 placare.
965 3862 998 3917 at
1019 3853 1062 3917 illi
1084 3851 1248 3916 confmtim

154 3938 381 4018 respondentes
400 3943 546 4006 dixerunt
568 3949 645 4004 “nos
663 3941 741 4004 hacc
760 3940 870 4003 audire
884 3938 1027 4002 nolumus
1046 3936 1085 3999 ab
1107 3955 1166 3999 ore
1188 3945 1245 4000 tuo

152 4019 289 4102 polluto.
333 4047 368 4088 cx
388 4024 451 4089 boc
469 4048 545 4110 ergo
568 4027 648 4089 vade
669 4026 700 4088 io
723 4025 868 4088 tenebras
888 4033 921 4086 ot
938 4023 970 4084 in
985 4019 1182 4082 ·anatbema.''
1208 4029 1247 4104 ⁸et

152 4104 365 4256 ἑίοοῃιιὶεοιιρῑιιι
377 4113 528 4256 ιεὲἔοηιίι
544 4108 718 4258 ιάεεςοάιὲιξῑ
742 4107 786 4206 ad
806 4107 941 4169 claustra
946 4106 1124 4272 :epagffi
1134 4114 1186 4252 sttn
1187 4102 1245 4252 p:
1329 4169 1338 4184 ,

219 4211 288 4254 nos
311 4213 341 4256 es
460 4217 541 4280 capu
577 4217 632 4282 qur
723 4213 788 4255 mus
806 4211 867 4277 per
886 4211 945 4252 aur
1009 4211 1018 4250 ι
