3050 4900
357 377 432 452 660
686 383 744 448 AD
775 382 1052 452 remotionen

357 554 490 628 elurius,
521 551 660 636 nihilque
690 553 849 616 redditum
880 553 1049 617 obscurius.
1100 571 1165 638 qua
1192 555 1357 618 iuramenti
1375 559 1423 618 tuis

350 639 447 723 fidem
465 637 585 716 ianm,
603 637 732 721 quesibi
749 657 891 722 parcens,
907 640 1014 722 plnres
1034 637 1109 698 nu'tt
1121 637 1193 700 berre
1205 639 1362 702 oonmltum
1378 659 1423 700 so·

356 723 448 784 lentes
465 721 644 802 contempsi,
665 722 730 779 iam
749 733 812 780 αισι
829 719 887 780 deo
910 741 958 781 res
979 741 1061 781 meas
1078 723 1270 782 committens.
1309 722 1423 805 sequior

357 803 450 886 longe
470 799 646 883 Nicephoro
680 813 792 863 unctor
819 805 900 864 vitae
916 804 947 864 S.
968 801 1143 884 Nicephori,
1173 825 1266 887 quum
1285 827 1349 866 eum
1368 805 1423 866 eliis

357 885 567 970 patriarchum
586 885 654 944 vitis
675 907 787 948 eorum
806 893 985 968 temporum
1005 885 1166 946 historiam
1179 910 1285 970 magns
1297 911 1329 952 ex
1346 897 1424 970 parte

355 969 588 1032 continentibus
613 979 701 1030 tomo
724 969 835 1045 altero,
859 969 1018 1051 alteraque
1039 970 1117 1030 illius
1138 980 1229 1051 parte
1250 995 1296 1034 me
1316 971 1423 1054 produ·

356 1062 481 1114 cturum
500 1071 603 1158 spero.
644 1052 809 1127 προσκυνῶ
830 1073 880 1115 σοι
900 1049 944 1122 ὥς
964 1053 1103 1129 dorstet:
1126 1051 1277 1132 αἰτοῦμαι
1297 1054 1338 1115 δέ.
1358 1055 1420 1137 Reg.

355 1146 415 1198 etc.
438 1136 501 1197 seis
523 1133 727 1214 Ελεαθεριλισ.
751 1133 797 1208 εἰς
820 1135 925 1196 πᾶσαν
945 1132 1048 1196 θείαν.
1067 1133 1129 1195 τῶν
1151 1136 1209 1234 τῇς
1230 1139 1331 1216 βασιλ.

436 1239 509 1322 747,
533 1241 583 1305 18.
625 1235 646 1322 ἦ
673 1235 752 1322 αὐτῆ
775 1233 964 1328 ᾠκοδόμησε.
989 1237 1100 1306 κακίαν
1118 1241 1153 1306 τὲ
1170 1245 1242 1327 καί]
1264 1247 1333 1328 neg.
1353 1251 1403 1306 eto.

267 1423 271 1439 Ι
435 1347 508 1428 743,
529 1347 561 1412 6.
605 1339 759 1426 ἆτιμὰσαι
780 1351 814 1412 τέ
835 1348 897 1416 καί.
927 1349 983 1411 sori
1010 1351 1166 1429 κρατῆσαι
1186 1345 1293 1431 αὐτήν.
1314 1347 1345 1413 is
1362 1351 1419 1414 At.

353 1437 421 1520 σβῳ
443 1436 479 1518 τῇ
501 1433 596 1518 νήσῳ]
618 1433 709 1494 Cedr.
731 1431 776 1504 εἷς
801 1431 1009 1513 Marenem:
1035 1455 1114 1516 qnae
1128 1437 1218 1496 Lesbi
1236 1435 1343 1497 insulae
1357 1435 1417 1495 urbs

353 1529 400 1582 est
421 1520 528 1596 libera,
553 1541 588 1578 cx
611 1539 672 1600 qua
704 1515 786 1577 dicta
809 1516 954 1600 Mitylene
977 1516 1041 1597 ipsa
1069 1517 1182 1598 insola,
1206 1529 1242 1578 ut
1264 1521 1330 1580 Ort.
1348 1515 1416 1579 onds

354 1603 500 1666 utstatim
522 1601 605 1662 idem
624 1599 801 1662 defunctam
822 1601 875 1676 sit,
897 1598 930 1660 ἐν
954 1599 992 1682 τῇ
1014 1595 1094 1684 αὐτῇ
1115 1603 1243 1685 Λέσβῳ.

434 1707 505 1784 744,
531 1708 581 1768 ll.
632 1699 669 1768 ssi
702 1703 864 1766 α’σαλυθέν
893 1703 947 1767 α’σί
966 1698 1076 1788 sorisqr,
1110 1704 1286 1790 ἆαικᾰρθη]
1309 1710 1340 1768 in
1358 1709 1418 1766 hnc

337 1791 442 1878 finem
463 1794 597 1867 mt'ssnm,
621 1804 713 1873 capnt
731 1791 853 1849 abrasit.
895 1789 938 1848 sic
966 1787 1045 1848 hene
1068 1793 1169 1851 snast.
1196 1791 1348 1866 intellexit,
1367 1809 1416 1850 nou

353 1886 389 1938 ut
408 1877 439 1934 in
461 1877 529 1956 ipso
551 1873 672 1954 navigio
703 1871 847 1932 detonsus
868 1873 927 1948 sit,
950 1869 1036 1954 qnod
1057 1881 1088 1933 et
1108 1875 1304 1956 sequentibus
1325 1873 1416 1934 sdver-

349 1969 445 2034 satur,
466 1958 575 2040 quibus
596 1957 731 2038 peractis
753 1954 895 2016 omnihus
918 1975 999 2036 quae
1018 1962 1090 2016 sunt
1100 1959 1287 2019 monasticae
1307 1957 1416 2037 insugu-

351 2041 491 2116 rationis,
518 2040 672 2122 navigium
694 2038 843 2120 ingressus
863 2038 989 2102 dicitur.
1003 2036 1154 2100 εἰσελθών
1174 2038 1210 2102 ἐν
1231 2039 1321 2128 αὐτῷ.
1340 2041 1415 2123 Peyr.

288 2172 293 2189 .
350 2123 444 2191 Bnrb.
468 2132 528 2184 etc.

437 2240 519 2301 Itid.
545 2237 592 2306 19.
636 2231 726 2310 τινας
746 2235 783 2299 δὲ
803 2235 860 2298 sni
880 2235 923 2298 ἐκ.

433 2355 504 2434 745,
529 2355 579 2416 11.
623 2356 662 2440 τῇ
684 2375 719 2415 rs
740 2351 823 2438 ἰδέᾳ]
844 2353 917 2436 neg.
938 2361 1000 2414 etc.

429 2472 500 2551 746,
514 2468 544 2533 4.
565 2478 630 2546 τοῖς
650 2468 768 2535 εἰδόσιν
789 2472 940 2551 α’κριβῶς]
961 2473 1035 2556 Reg.
1049 2464 1155 2533 etesi
1177 2466 1300 2549 μιαρόν.
1321 2462 1414 2547 dupii-

345 2575 400 2619 τον
420 2556 478 2617 τοῦ
504 2557 671 2633 βασιλικοῦ
700 2552 856 2625 κοιτῶνος.
888 2555 997 2627 δολίαις
1020 2552 1344 2632 ’κλαυθμυριζόμεναα
1378 2572 1414 2609 se·
1473 2616 1474 2632 ¹

343 2654 426 2723 ptem
438 2720 444 2737 .
448 2640 572 2781 giorum
602 2640 700 2722 spatio
729 2659 790 2700 non
815 2636 971 2723 prodierit
999 2660 1041 2700 ex
1079 2640 1162 2719 regio
1193 2640 1332 2699 thalamo.
1366 2654 1413 2713 γι·
1471 2664 1473 2742 q

347 2744 445 2784 ιιιιιιω
468 2746 498 2803 q.

428 2828 510 2890 Ibid.
529 2826 560 2889 8.
610 2827 673 2891 seir
703 2820 836 2911 positor
867 2827 922 2889 ιιαί
957 2826 1213 2911 ψευδαχρῖσιοις]
1249 2826 1358 2891 emend.
1384 2844 1412 2883 ex
1469 2820 1470 2850 ¹

347 2912 451 2973 donst.
464 2911 768 2991 ψευδαχριστιαναῑι.
789 2910 872 2992 quod
888 2924 930 2972 est
949 2926 1118 2973 consuetum
1134 2916 1247 2998 pravo
1258 2910 1411 2983 hominibus,
1467 2924 1468 2958 t

346 3016 384 3055 ae
397 2992 479 3081 salsi
496 2996 624 3057 nominis
649 2995 837 3055 Christianis.
869 2989 1047 3073 αἀαβαλαὶν.
1466 2978 1467 3012 ¹

428 3110 510 3173 Ibid.
529 3108 579 3172 90.
621 3102 846 3189 ἀποβαλόντες]
866 3110 941 3193 Reg.
966 3117 1028 3173 etc·

430 3220 503 3306 747,
525 3227 573 3289 10.
616 3219 758 3289 Πλάτων
778 3224 823 3305 δέ,
845 3222 899 3286 sni
921 3222 1086 3305 Θεόδωρος
1113 3220 1283 3305 ἡγούμενος
1300 3222 1351 3303 τῆς
1367 3236 1410 3297 μυ·

346 3310 403 3389 γῆς
423 3310 487 3370 ruis
508 3310 677 3389 Σπουδίου]
700 3312 744 3373 ito
765 3308 844 3371 bene
866 3309 957 3371 Cedr.
980 3330 1042 3371 non
1066 3312 1217 3371 utmodo
1239 3308 1324 3371 codd.
1345 3308 1409 3386 ipse-

371 3415 410 3454 ne
431 3399 536 3454 Anast-
555 3390 746 3472 ἡγούμεναι,
769 3392 855 3475 qunsi
879 3400 1011 3474 uterque
1040 3392 1118 3453 illius
1140 3392 1313 3455 monasterii
1333 3408 1409 3469 prae-

346 3416 464 3539 iectum
485 3484 608 3557 egeret,
630 3496 692 3536 non
720 3477 802 3536 solus
821 3475 1015 3551 Theodorus,
1036 3474 1074 3537 tle
1095 3497 1158 3557 quo
1181 3478 1271 3537 etiam
1291 3484 1409 3557 postmo-

346 3558 421 3621 dnm
441 3560 586 3621 subditur
605 3558 691 3641 qnod
717 3560 910 3641 praesideret
942 3560 1100 3619 monachis
1129 3558 1190 3621 700
1212 3560 1242 3619 in
1264 3580 1298 3619 eo
1318 3574 1409 3617 mour·

346 3645 462 3715 steri03
484 3643 615 3704 Platone
647 3652 715 3703 tum
736 3642 832 3703 vitam
862 3642 991 3723 degente
1011 3642 1179 3703 solitariam
1199 3642 1229 3703 in
1254 3636 1406 3707 inclusorio,

346 3724 510 3809 eidemque
534 3724 642 3807 nepoti
674 3747 729 3787 suo
764 3724 936 3787 Theodoro
970 3724 1108 3805 subdito,
1139 3726 1184 3787 uti
1208 3728 1270 3807 ipse
1290 3720 1407 3805 pluribus

346 3810 379 3871 in
400 3810 463 3870 vita
483 3807 581 3881 illius;
604 3809 635 3868 in
657 3830 719 3892 quo
740 3818 772 3870 et
795 3808 854 3869 loci
877 3807 966 3869 huius
985 3810 1178 3891 tragoediam
1201 3817 1296 3867 totam
1316 3820 1405 3887 prose·

347 3896 478 3975 quitur3
501 3893 654 3974 aliamque
675 3913 711 3953 uc
732 3894 930 3973 praecipuam
944 3892 1059 3953 dissidii
1075 3914 1198 3952 causam
1219 3892 1311 3969 alleri,
1332 3902 1405 3967 qoam

347 3984 454 4037 narret
473 3974 700 4058 Theophanes,
730 3996 767 4035 ao
796 3997 856 4058 pro
888 3998 950 4057 qna
975 3984 1107 4048 excusat,
1130 3969 1404 4057 Niceplioriscilicel

345 4059 579 4140 promotionem
610 4080 645 4120 er
676 4058 781 4131 laicis3
814 4080 907 4141 qnam
939 4060 994 4118 etsi
1026 4059 1153 4120 moleste
1181 4058 1330 4118 habehant
1358 4049 1404 4108 virt

344 4141 524 4202 sanctissimi
554 4142 641 4203 velut
670 4163 733 4203 non
767 4143 893 4202 omnino
926 4163 961 4203 ex
983 4163 1137 4203 cononum
1160 4140 1280 4202 ratione
1301 4138 1402 4203 sacrun

344 4224 430 4287 haud
451 4234 555 4289 tumen
569 4247 635 4289 rem
657 4224 807 4289 eiusmodi
830 4220 1099 4289 existimabantur
1120 4226 1203 4310 pacis
1224 4220 1321 4287 studio
1334 4214 1402 4281 disti·
