3050 4900
183 428 219 491 „a
306 402 380 474 ero
464 400 1236 474 aumras1su1sr0a1aaccaasnsnca

305 597 377 640 rum
397 577 489 639 illiuss
518 585 730 640 verumtamen
762 584 796 638 et
826 575 910 636 eirca
937 572 1017 636 baec
1045 573 1266 658 pigritabatur,
1285 572 1391 635 rivers

303 661 411 726 tideus.
466 681 539 720 eum
560 671 664 722 autem
691 659 799 721 foedus
820 657 974 718 illibatum
997 679 1086 720 more
1106 667 1258 740 paternae
1278 658 1387 718 mentis

301 745 387 806 eirca
417 744 569 804 neminem
606 749 824 824 conservaret,
856 741 1050 824 frequentius
1086 740 1389 804 dehonestationibus

300 827 502 890 submittebat
527 825 743 888 Tbeootistnm
773 823 986 907 magistratum
1024 831 1056 886 et
1091 825 1293 894 domesticum
1321 823 1393 884 Ste-

299 909 438 994 plaanum
459 931 496 970 ac
511 909 693 972 Michaelem
714 909 930 990 curopalaten,
950 918 1092 968 avertens
1115 908 1244 970 omuino
1263 915 1297 968 et
1306 906 1390 967 'Pro-

299 995 763 1139 ‚iiiliiiii‘iiai'mmii
787 989 1059 1158 ltllltttll
1078 990 1265 1156 {ibiibi
1282 993 1391 1134 tlt:

194 1159 201 1170 ⁰
300 1160 420 1223 tionem
442 1160 595 1222 Heirenae
617 1159 761 1223 obtinere
781 1157 925 1240 sperabat
937 1157 1111 1240 imperium,
1132 1178 1203 1218 cum
1223 1157 1288 1218 sine
1311 1155 1392 1217 libe-

300 1242 344 1305 ris
365 1251 450 1304 esset.
491 1253 526 1305 at
542 1246 621 1304 reru
644 1242 823 1306 Stauraeius
843 1261 876 1303 se
888 1240 994 1303 videns
1010 1239 1220 1323 insanabiliter
1241 1239 1392 1316 habitum,

203 1325 467 1407 ptdtimperinm
489 1326 580 1387 orori
605 1327 771 1410 acquirere
802 1325 967 1387 festinabat
996 1334 1052 1386 aut
1078 1324 1205 1406 vulgare
1227 1322 1391 1406 imperium

165 1413 168 1425 '
300 1411 435 1472 excitare
454 1411 485 1470 io
508 1409 700 1471 Christianos
718 1428 812 1491 supra
841 1407 1059 1489 praecedentia
1078 1408 1166 1472 mala.
1210 1426 1304 1490 super
1324 1426 1389 1488 qno

340 1501 444 1555 ventes
466 1491 659 1574 Nicephorus
679 1489 858 1574 patriarcba
879 1489 1120 1552 etheoctistus
1141 1489 1334 1572 magistratus
1358 1495 1391 1548 et

298 1513 472 1658 diepam
492 1576 676 1637 domesticus
696 1596 731 1638 ea
752 1575 848 1634 multa
872 1573 1032 1635 inimicitia
1054 1575 1085 1636 in
1108 1573 1259 1634 alternam
1279 1570 1390 1632 amici·-

297 1659 374 1721 tiam
394 1681 464 1720 eum
476 1657 628 1721 Michaela
646 1657 828 1738 curopalate
850 1658 1066 1720 venere-circa
1088 1657 1180 1718 finem
1201 1657 1309 1718 mensis
1331 1655 1389 1716 Se·

297 1741 449 1824 ptembris
470 1744 598 1823 quintae
617 1741 806 1802 indictionis.
846 1739 983 1802 kalendis
1006 1749 1107 1802 autem
1121 1739 1313 1802 Octobribus
1333 1758 1389 1800 ve·

296 1826 380 1906 speri
403 1824 582 1887 stauracius
604 1821 787 1885 advocatum
809 1825 862 1886 Ste
887 1823 1001 1884 bunum
1028 1823 1232 1884 domesticum
1248 1841 1390 1904 perenn.

297 1907 454 1988 etabatur,
473 1927 610 1989 quonam
631 1919 725 1988 pacto
748 1843 930 1968 Michaelem
950 1907 1068 1970 sororis
1091 1927 1164 1968 suae
1184 1909 1330 1967 maritum
1351 1923 1389 1966 ex

297 1988 431 2132 propria
453 1989 569 2052 dooere
597 1998 702 2072 posset
721 1991 817 2052 dorno
845 1990 883 2050 ad
906 1989 970 2052 eius
990 1990 1099 2052 oculos
1119 1989 1282 2054 eruendos.
1324 2009 1390 2071 quo

295 2093 357 2156 per
379 2074 483 2134 ibente
506 2073 692 2155 impossibile
714 2073 777 2134 boo
797 2075 866 2136 fore
889 2071 948 2134 bae
977 2072 1055 2134 bora
1099 2083 1210 2156 ropter
1228 2071 1390 2152 virtutem,

238 2148 242 2159 ’
297 2176 379 2240 quae
399 2156 485 2216 eirca
499 2156 585 2216 illum
599 2155 726 2233 adesset,
745 2167 778 2218 et
794 2157 834 2218 ob
856 2156 1061 2218 munitionem
1074 2095 1139 2217 lbci
1154 2154 1262 2216 domus
1285 2154 1388 2236 ipsius,

295 2249 389 2320 rogat
409 2240 525 2299 nemini
547 2240 614 2300 lieri
635 2250 711 2300 nota
733 2261 813 2324 quae
836 2239 917 2302 dicta
941 2246 1025 2300 sunt.
1068 2238 1172 2302 atille
1196 2260 1267 2300 oum
1286 2237 1389 2299 verbis

296 2321 554 2405 persuadibilibus
576 2322 739 2385 inflexisset
758 2343 829 2385 eum
860 2345 899 2384 ue
918 2322 1066 2386 sollicitus
1086 2330 1181 2395 esset,
1208 2342 1268 2404 per
1287 2329 1388 2383 totam

296 2413 422 2467 anetam
443 2405 568 2469 militias
589 2406 748 2489 ordinum,
769 2428 850 2491 quae
867 2411 1088 2481 remanserant,
1108 2405 1234 2491 collegit
1256 2405 1287 2466 in
1309 2403 1388 2487 Hip.

294 2488 476 2573 podromio,
497 2510 560 2552 una
583 2510 655 2552 cum
677 2490 873 2573 principibus
900 2489 1039 2575 propriis
1062 2488 1102 2552 ad
1119 2487 1388 2573 pronuntiandum

296 2574 430 2636 eundem
450 2572 633 2635 Michaelem
661 2574 895 2657 imperatorem.
937 2594 1071 2656 numque
1100 2581 1184 2635 totus
1203 2580 1326 2635 senatus
1345 2572 1386 2633 ad

295 2658 448 2739 palatium
469 2656 510 2719 de
543 2660 612 2719 luce
642 2660 783 2733 venisset,
805 2657 890 2718 hune
911 2657 1195 2737 pronuntiaverunt
1213 2657 1387 2738 imperato.

297 2759 365 2801 rem
382 2782 393 2818 ,
412 2738 676 2822 quemadmodum
703 2741 736 2800 iu
770 2740 1023 2823 subsequentibus
1048 2739 1245 2803 indicabitur.
1287 2756 1389 2822 porro

298 2821 492 2903 Nicephorus
519 2822 701 2903 patriarcba
729 2822 881 2905 scriptum
905 2821 1094 2885 aMiohaele
1112 2822 1263 2908 propriae
1280 2842 1389 2885 manus

203 2916 291 2991 pnes
299 2905 404 2987 exegit
424 2902 463 2967 de
481 2916 568 2966 reeta
589 2904 661 2980 lide,
679 2916 712 2966 et
730 2916 768 2967 ut
790 2906 856 2968 sine
880 2906 1028 2990 sanguiue
1047 2926 1156 2969 manus
1176 2904 1388 2969 aCbristianis

298 2995 447 3063 servaret,
468 3008 505 3047 ac
528 2987 566 3050 de
586 2989 680 3049 sacris
699 2988 876 3052 bominibus
896 3010 949 3051 seu
969 2990 1127 3054 monacbis
1147 2999 1179 3054 et
1199 2997 1269 3053 toto
1290 2988 1389 3053 ecele-

298 3070 421 3131 siastico
443 3072 596 3153 catalogo,
616 3092 656 3132 ue
675 3081 919 3153 percuterentur
939 3074 978 3135 ab
1000 3072 1067 3134 illo.

381 3172 473 3232 Anno
490 3172 596 3255 itaque
609 3170 715 3232 mundi
727 3172 916 3235 conditionis
929 3166 1021 3251 6304,
1033 3170 1156 3234 divinae
1169 3169 1389 3233 incarnationis

299 3272 380 3313 anno
400 3248 473 3331 804,
495 3255 648 3317 mensibus
670 3264 755 3332 octo,
778 3257 829 3317 die
850 3258 968 3339 quinta,
989 3255 1069 3318 bora
1089 3256 1201 3337 prima,
1220 3254 1389 3316 indictione

298 3336 419 3419 quinta,
439 3337 572 3400 Michael
591 3338 741 3420 piissimus
765 3338 1140 3423 curopalatesappellatus
1156 3348 1201 3401 est
1219 3338 1392 3421 imperator

298 3420 515 3482 Romanorum
537 3422 569 3481 iu
590 3421 821 3505 Hippodromio
842 3446 859 3483 a
881 3432 950 3485 toto
972 3432 1081 3484 senatu
1100 3433 1196 3506 atque
1218 3421 1388 3497 ordinibus,

300 3504 355 3585 qui
376 3502 542 3585 imperavit
565 3507 651 3566 annis
673 3506 803 3569 dnobus.
845 3506 1023 3567 stauracius
1047 3516 1151 3569 autem
1173 3505 1262 3567 huius
1284 3502 1388 3566 aocla-

299 3586 439 3649 matione
460 3588 566 3651 audita
602 3587 705 3649 statim
732 3610 855 3652 comam
882 3590 1038 3673 totondit,
1062 3598 1095 3653 et
1114 3588 1300 3651 monachicis
1322 3588 1388 3650 oir-

184 3696 186 3700 ’
301 3669 463 3733 eumdatus
488 3681 534 3733 est
563 3674 750 3734 vestimentis
782 3694 842 3756 per
862 3672 1037 3735 Simeonem
1058 3672 1255 3751 monachum,
1274 3692 1389 3755 cogua-

301 3761 368 3813 tum
387 3775 486 3832 suurn,
507 3756 597 3819 valde
616 3756 827 3838 patriarcham
842 3757 1022 3839 implorans.
1068 3758 1122 3843 qni
1139 3756 1262 3820 veniens
1284 3757 1313 3815 in
1331 3776 1389 3837 pa-

233 3895 239 3905 ,
302 3836 413 3897 latium
444 3838 577 3900 multum
605 3840 802 3901 stauracium
834 3862 896 3901 una
925 3862 996 3902 cum
1025 3838 1218 3925 imperatore
1239 3836 1388 3902 Michaele

303 3922 445 4002 rogabat,
466 3942 506 3983 ne
526 3922 705 3984 tristaretur
724 3944 871 4006 supereo
896 3925 982 4007 quod
1002 3926 1118 3987 factum
1141 3934 1203 3989 est:
1222 3944 1285 3985 non
1306 3922 1390 3983 anim

303 4022 362 4083 per
382 4004 526 4083 insidias,
558 4004 611 4067 sed
640 4028 699 4088 per
720 4006 967 4091 desperationem
994 4010 1075 4070 sitae
1104 4009 1197 4092 ipsius
1217 4006 1249 4068 id
1270 4012 1389 4090 gestum

302 4088 503 4149 amesembat.
546 4098 579 4149 at
600 4088 651 4151 ille
669 4091 824 4173 nequitiae
852 4099 1001 4175 paternae
1021 4092 1108 4155 rabie
1125 4094 1229 4153 furens
1249 4110 1311 4151 nou
1334 4108 1391 4149 ae-

303 4168 433 4251 quierit,
456 4171 558 4235 dicens
576 4172 615 4233 ad
636 4194 707 4233 enm
727 4176 880 4235 “amicum
892 4176 1053 4238 meliorem
1075 4196 1123 4237 me
1146 4196 1209 4239 uon
1231 4172 1386 4235 babebis.'’

253 4261 257 4269 '
301 4249 382 4313 bora
404 4274 479 4316 vero
512 4254 575 4320 diei
609 4265 721 4340 quarta
750 4269 919 4323 coronatus
942 4268 989 4325 est
1011 4258 1182 4323 Miebaela
1212 4254 1389 4341 Nioepboro
