3050 4900
263 242 334 321 184
422 252 633 319 suasrssn
664 253 860 319 msroma
883 250 1191 317 summatenus

257 430 371 489 serlum
393 424 555 509 synodum,
574 432 607 487 et
626 425 715 507 pulso
738 425 928 507 Cyrosexto
949 443 1031 481 auno
1051 419 1280 501 patriarchatus
1300 421 1349 481 sni

257 508 347 569 fleret
370 510 498 570 loannes
528 506 709 589 patriarcba
731 506 1047 587 Constantinopoleos
1078 512 1110 565 et
1128 502 1263 565 Andreas
1284 522 1351 565 me-

257 590 410 673 tropolita
418 591 571 655 Cretensis
581 594 795 657 etGerrnanus
804 586 1003 670 metropolita
1016 586 1129 671 Cyzici,
1145 586 1199 669 qui
1212 587 1349 648 subscri-

256 686 387 757 pserunt
415 674 575 737 evidenter
597 682 630 737 et
650 673 1002 749 anathematizaverunt,
1027 693 1100 731 cum
1129 670 1274 731 omnibus
1293 670 1350 753 qni

257 780 315 840 per
335 758 443 821 eadem
471 768 616 841 tempora
648 759 753 837 fuere,
773 755 968 839 praedictam
996 766 1108 815 contra
1131 747 1373 815 monothelitas‘

161 874 168 883 ·
257 842 446 903 celebratam
465 850 602 905 sanctam
618 840 823 901 universalem
842 848 958 901 sextam
971 837 1142 921 synodum3
1163 845 1235 919 post
1253 858 1351 897 aranos

161 1363 248 1433 pass

256 946 333 985 vero
354 933 419 987 tres
443 924 590 987 defuncto
613 926 726 985 Ioanne
748 924 913 985 translatus
931 920 1028 983 fuerit
1049 925 1224 984 Germanus
1247 944 1266 981 a
1285 922 1349 1003 Cy-

257 1009 324 1069 sico
344 1016 376 1069 et
395 1009 575 1090 patriarcba
595 1008 686 1069 fieret
708 1006 1031 1089 Constantinopoleos,
1057 1014 1088 1065 et
1111 1004 1232 1065 decimo
1252 1005 1348 1067 tertio

257 1112 339 1153 anno
359 1090 483 1175 imperii
505 1092 617 1155 Leonis
638 1091 855 1173 expelleretur,
877 1098 909 1151 et
929 1090 1018 1151 fieret
1032 1088 1214 1163 Anastasius,
1237 1096 1270 1148 et
1289 1109 1349 1170 pa.

257 1175 431 1237 triarcbatu
454 1176 507 1237 sun
531 1184 639 1237 eretur
660 1174 746 1235 anuis
758 1173 808 1251 94,
831 1182 950 1256 etpost
970 1194 1040 1235 eum
1051 1172 1270 1235 Constantinus
1290 1194 1372 1250 an-¹

258 1258 303 1319 nis
327 1258 375 1335 19,
396 1268 428 1320 et
448 1199 560 1321 Paulus
582 1258 612 1335 b,
635 1268 665 1319 et
683 1258 827 1321 Tarasius
848 1257 900 1319 91.

338 1358 448 1419 Mundi
469 1381 552 1421 anno
573 1354 668 1431 6178,
691 1357 813 1420 divinae
835 1356 1054 1418 incarnationis
1075 1351 1147 1433 678,
1168 1376 1251 1415 anno
1272 1374 1349 1415 aero

256 1438 379 1522 imperii
401 1442 558 1503 iustiniani
582 1441 686 1523 primo
701 1438 879 1503 Abimelecb
900 1440 1097 1521 principatur
1111 1438 1271 1515 Arabibus,
1292 1436 1351 1519 qui

256 1524 392 1607 praefuit
413 1524 459 1586 his
482 1526 569 1587 annis
590 1524 639 1590 99.
693 1522 880 1587 Theodorus
903 1533 1007 1585 autem
1027 1519 1350 1602 Constantinopolita-

256 1630 312 1669 nus
332 1608 418 1668 annis
447 1610 547 1671 tribus
568 1618 599 1669 et
620 1608 792 1669 Alexander
811 1606 1019 1668 antiochenus
1051 1606 1206 1667 habentur
1227 1604 1350 1665 antisti-

255 1702 310 1753 tes.
355 1690 416 1753 boc
438 1700 541 1753 autern
563 1712 644 1752 anno
668 1692 766 1753 mittit
786 1688 968 1753 Abimelech
989 1688 1029 1750 ad
1052 1689 1251 1751 lastinianum
1273 1706 1351 1749 con·

255 1776 382 1835 firmare
402 1796 529 1858 pacem,
561 1782 592 1836 et
620 1775 769 1836 convenit
791 1774 875 1837 inter
904 1794 957 1835 eos
988 1772 1201 1834 huiuscemodi
1222 1792 1292 1853 pax,
1314 1779 1351 1829 ut

255 1856 372 1918 scilicet
395 1858 568 1939 imperator
589 1854 762 1940 deponeret
774 1856 999 1921 Mardaitarum
1021 1878 1129 1937 agmen
1144 1878 1162 1916 a
1175 1854 1295 1916 Libano
1317 1863 1351 1914 et

256 1940 442 2021 prohiberet
457 1942 651 2013 ,incursiones
675 1962 798 2020 eorum,
817 1950 850 2003 et
868 1940 1045 2003 abimelech
1065 1938 1210 2001 Romanis
1229 1938 1351 2001 tribue·

257 2026 307 2084 'ret
329 2044 387 2105 per
417 2022 552 2107 singulos
574 2024 636 2086 dies
658 2025 841 2086 numismata
866 2024 951 2085 mille
973 2034 1005 2085 et
1026 2045 1141 2105 equum
1162 2032 1194 2083 et
1215 2042 1350 2097 servum,

256 2114 289 2167 et
311 2114 346 2167 ut
365 2104 518 2169 baberent
546 2107 577 2167 in
599 2129 763 2171 commune
783 2130 842 2191 per
870 2107 1086 2193 aequalitatem
1108 2106 1228 2168 tributa
1252 2104 1351 2188 Cypri

150 2247 154 2255 .
222 2198 289 2251 'et
310 2192 473 2253 Armeniae
495 2212 531 2252 ac
551 2190 708 2253 Hiberiae.
759 2202 791 2255 et
812 2190 925 2255 direxit
946 2191 1119 2271 imperator
1135 2191 1266 2251 Paulum
1286 2210 1352 2249 ma-

162 2622 249 2690 psas

256 2272 439 2353 gistrianum
467 2274 507 2335 ad
525 2274 702 2338 Abimelecls
730 2274 770 2337 ad
798 2277 1049 2337 confirmandum
1079 2296 1115 2335 ea
1136 2294 1216 2356 quae
1236 2270 1353 2355 placita

255 2354 390 2435 fueraut,
411 2368 442 2421 et
465 2358 546 2419 facta
568 2368 613 2420 est
634 2360 666 2420 iu
684 2360 809 2441 scriptis
827 2360 975 2421 securitas
995 2358 1052 2419 sub
1076 2357 1200 2420 testium
1221 2354 1352 2438 stipula.

257 2438 356 2502 tione.
410 2440 464 2526 qui
495 2442 666 2506 liberaliter
697 2442 870 2506 honoratus
899 2465 1040 2506 reversus
1065 2449 1121 2507 est.
1173 2448 1206 2502 et
1226 2440 1352 2501 mittens

257 2521 444 2606 imperatum
464 2527 624 2610 assumpsit
655 2527 880 2590 Mardaitarum
916 2524 1033 2602 19000,
1060 2525 1207 2588 Romaica
1236 2525 1354 2586 virtute

257 2609 369 2668 recisa:
399 2627 504 2672 ornnes
539 2611 621 2672 enim
650 2633 729 2692 quae
749 2632 834 2671 nunc
863 2610 1045 2672 habitantur
1075 2609 1115 2670 ab
1142 2607 1297 2670 Arabibus
1319 2605 1351 2666 iu

257 2691 430 2753 confinibus
457 2691 577 2774 positae
605 2691 743 2756 civitates
772 2716 790 2753 a
810 2695 998 2772 Mopsuestia
1020 2703 1053 2756 et
1076 2691 1231 2776 usquead
1253 2711 1352 2774 quur-

256 2782 321 2833 tam
347 2775 535 2847 Armeniam,
560 2775 712 2853 infirmae,
735 2785 767 2838 et
787 2775 1001 2840 inhabitabiles
1023 2787 1115 2839 erant
1134 2784 1271 2858 propter
1290 2773 1354 2835 im·

139 2886 141 2892 v
257 2863 364 2938 petum
386 2856 630 2936 Mardaiturum‚
660 2861 773 2942 quibus
801 2860 947 2942 repressis
975 2861 1080 2922 omnia
1106 2859 1174 2922 dira
1199 2857 1353 2922 Romania

257 2959 344 3020 passa
378 2946 422 3000 est
454 2961 551 3024 usque
581 2943 610 3002 iu
634 2953 829 3024 praesentem
864 2943 956 3006 diem.
1010 2945 1122 3006 eodem
1153 2964 1233 3004 anno
1255 2941 1353 3002 mittit

258 3021 436 3084 abimelech
459 3023 589 3086 Ziaduur
611 3025 741 3088 fratrem
754 3026 899 3090 Muuhiae
921 3027 952 3088 in
974 3027 1131 3090 Persidem
1155 3036 1267 3088 contra
1277 3027 1352 3085 Mu-

258 3113 391 3166 ctartcm
404 3105 584 3170 mendacem
605 3120 699 3192 atque
721 3119 899 3194 tyrannum,
920 3119 952 3172 et
963 3114 1165 3192 interemptus
1186 3120 1231 3171 est
1242 3106 1353 3170 Ziadus

259 3210 276 3248 a
300 3191 467 3253 Muctarte.
510 3213 574 3276 quo
596 3193 704 3255 audito
726 3194 903 3256 abimelech
926 3196 1011 3257 seuit
1033 3197 1063 3257 in
1084 3193 1353 3276 Mesopotamiam,

258 3279 290 3334 et
310 3273 513 3356 tyrannidem,
528 3277 649 3356 patitur
670 3299 687 3336 a
708 3277 813 3355 Saido,
835 3301 928 3360 quem
947 3299 1162 3362 supergressus
1183 3276 1353 3338 rerboDa-

256 3377 393 3418 mascam
414 3357 539 3440 aperire
559 3360 635 3422 fecit
655 3383 673 3422 a
693 3383 724 3424 se
745 3371 967 3445 praeventam,
989 3371 1108 3446 etpost
1127 3361 1203 3424 haec
1223 3357 1355 3429 fraudu.

260 3437 363 3502 lenter
385 3440 503 3503 occidit
527 3463 607 3504 eum.

342 3523 528 3586 lastinianus
552 3535 657 3586 autem
672 3547 743 3590 cum
765 3537 841 3590 esset
865 3528 978 3606 iunior,
1003 3527 1089 3611 quasi
1112 3548 1268 3588 annorum
1294 3521 1352 3601 16,

258 3615 290 3666 et
311 3627 364 3668 sua
387 3629 531 3704 quaeque
552 3609 725 3672 inconsulte
755 3609 945 3693 disponeret,
967 3611 1050 3672 misit
1071 3613 1236 3674 Leontium
1255 3629 1355 3692 prae-

258 3695 358 3751 torem
396 3714 426 3751 rn
460 3691 637 3753 Arraeniam
667 3715 737 3754 cum
760 3695 910 3755 Romaico
941 3703 1117 3775 potentatu,
1137 3707 1169 3756 et
1192 3692 1355 3755 Saracenis
1396 3721 1399 3732 ·

258 3771 321 3832 illie
342 3774 540 3836 existentibus
573 3775 768 3859 interemptis
792 3779 912 3861 subegit
932 3777 1015 3839 hanc
1035 3779 1191 3854 Romanis,
1212 3773 1355 3839 similiter

258 3864 289 3916 et
313 3857 471 3918 Hiberiam
488 3867 519 3918 et
539 3859 710 3936 Albaniam,
729 3862 907 3922 Buoandam
940 3884 1066 3946 quoque
1093 3871 1188 3948 atque
1210 3859 1356 3935 Mediam,

258 3947 289 3999 et
308 3941 363 3999 sub
384 3943 505 4002 tributo
527 3943 706 4024 regionibus
727 3945 803 4006 actis
823 3945 974 4026 plurimas
1004 3947 1150 4026 pecunias
1169 3943 1355 4026 imperatori

257 4025 434 4084 transmisit.
480 4035 512 4086 at
539 4049 616 4088 vero
647 4027 825 4092 Abimelech
850 4029 895 4090 bis
922 4029 1053 4114 cognitis
1077 4030 1144 4094 adit
1167 4027 1355 4103 cercesium,

258 4105 484 4190 etTlreopolim
507 4110 691 4193 subiugavit.
