3050 4900
309 345 357 420 69
466 353 677 420 tumtun
712 349 907 416 strumum
937 346 1246 416 ecetessssucs

165 549 190 604 p.
206 526 302 584 ruste
392 518 726 600 Mattiacorum,
748 519 1113 584 dirlnaeincarnationis
1144 540 1228 582 enno
1248 513 1321 597 ⁴th
1341 519 1393 581 Si·

307 607 411 670 rinnio
432 607 581 670 &uncto
603 607 759 669 Nestorius
780 605 1141 686 Constantinopolitanae
1161 605 1196 665 fit
1217 605 1392 686 episcopus.

307 709 381 754 asoa
399 711 477 754 vero
497 690 646 752 thronum
662 689 844 752 conscendit
863 709 997 772 nequem
1016 687 1090 764 tides
1111 687 1186 765 eins,
1209 695 1242 748 et
1262 707 1394 770 perser-

309 795 359 837 sus
394 773 426 838 iu
454 772 649 856 dogmatibus
678 793 781 834 sensus
808 771 1043 834 ostendebatur.
1091 770 1257 832 homeliam
1276 770 1394 852 quippe

307 859 348 921 de
369 857 430 920 lide
451 858 607 940 protulit,
631 857 767 940 syncello
795 876 853 918 sno
886 854 1080 937 praecipiens
1113 864 1150 915 ut
1176 854 1256 915 hanc
1284 873 1393 914 corum

305 941 436 1004 ecclesia
456 940 673 1023 praedicaret,
706 939 869 1001 hebentem
898 939 942 1000 ita
961 937 1034 1000 “dei
1052 937 1235 1022 genitricem
1261 937 1393 998 Mariam

307 1035 400 1086 vocet
422 1045 532 1086 nemos
558 1025 657 1084 Maria
688 1024 769 1084 enim
789 1021 884 1083 homo
916 1029 1001 1096 erat,
1022 1030 1054 1083 et
1083 1020 1122 1083 sb
1151 1021 1277 1082 homine
1299 1020 1392 1082 deum

305 1102 1393 1276 ttt'ttttt'ttthslttlttttttttttt‘lttthtt}

305 1275 389 1340 unde
410 1276 500 1337 multi
514 1275 734 1358 Byzantiorum
754 1273 874 1333 turbati
889 1280 970 1334 suot.
1012 1271 1173 1334 Nestorius
1195 1282 1300 1332 autem
1320 1291 1394 1331 ver·

304 1358 380 1420 bum
402 1357 529 1422 firmare
555 1358 717 1434 festinans,
741 1377 853 1418 vocem
874 1377 936 1440 qua
957 1354 1006 1418 dei
1029 1354 1163 1438 genitrix
1187 1353 1303 1416 dicitur
1326 1353 1390 1414 cie-

304 1443 358 1518 cit,
380 1463 497 1524 purum
519 1442 676 1520 homiuem
697 1439 800 1502 diceus
822 1440 991 1505 domiuum.
1035 1437 1168 1521 quadam
1188 1458 1264 1500 vero
1286 1437 1390 1499 domi.

305 1526 374 1586 nica
396 1524 456 1602 dic,
480 1525 677 1606 praesidente
692 1521 847 1601 Nestorio‚
868 1523 964 1584 iussus
975 1521 1105 1584 Proclus
1125 1522 1261 1584 recitare
1280 1519 1392 1582 home.

303 1608 375 1671 liaru
396 1607 472 1670 dixit
494 1606 595 1671 iudei
617 1608 809 1690 genitricem,
831 1606 917 1668 cuius
933 1604 1055 1666 initium
1076 1614 1120 1669 est
1139 1603 1318 1687 “virginalis
1338 1625 1391 1664 so·

302 1689 442 1754 tumuitus
463 1689 568 1768 hodie,
589 1691 728 1754 fratres?
749 1698 825 1749 tunc
845 1688 968 1752 odibilis
989 1688 1088 1751 fuctus
1108 1699 1154 1752 est
1175 1688 1260 1771 spud
1284 1707 1390 1750 omnes

303 1774 414 1858 impius
443 1776 601 1841 Nestorius
627 1771 921 1856 propter'typhum
940 1781 973 1834 et
994 1772 1106 1835 malum
1134 1771 1237 1843 tidem.
1279 1770 1391 1834 eodem

214 1857 218 1864 ’
303 1879 378 1920 vero
398 1879 483 1923 auno
510 1855 651 1921 terribile
671 1856 856 1919 miraculum
881 1865 1062 1920 sauctorum
1077 1864 1197 1938 septem
1215 1875 1391 1939 puerorum

202 1972 229 2026 p.
243 1954 293 2010 137
303 1939 416 2023 Ephesi
437 1941 553 2004 factum
570 1951 629 2018 est,
649 1940 880 2022 resurgentibus
901 1941 943 2002 eis
964 1948 1036 2021 post
1058 1938 1115 2012 181
1139 1959 1245 2002 annos.
1286 1959 1388 2021 porro

302 2024 433 2108 Cyrillus
457 2023 678 2088 Alexandrinus
711 2023 872 2106 episcopus
900 2023 1069 2104 compertis
1088 2021 1224 2094 Nestnrii
1242 2020 1391 2103 blasphe-
1520 2040 1521 2051 ¹

298 2109 368 2175 sniis
388 2107 498 2168 scribit
530 2105 577 2182 ei,
611 2127 722 2188 rugans
743 2118 776 2170 ct
793 2127 920 2168 monens
946 2114 983 2170 ut
1003 2104 1176 2171 discederet
1195 2127 1214 2166 a
1234 2105 1389 2188 perversis

299 2189 496 2274 dogmatibus
518 2191 579 2257 suis
599 2187 756 2286 fidensque
775 2200 894 2252 rectam
923 2189 1102 2270 susciperet.
1124 2198 1253 2251 atvero
1277 2191 1390 2251 ueros

300 2273 365 2339 rius
385 2274 414 2336 ei
435 2295 452 2335 e
474 2282 585 2338 contra
606 2272 689 2336 misit
704 2274 831 2336 iniurias
852 2283 884 2336 et
904 2271 1114 2354 blasphemias.
1156 2281 1232 2334 tunc
1255 2273 1387 2355 Cyrillus

297 2357 408 2424 scribit
428 2357 722 2440 Caelestinc'papae
743 2357 884 2418 Romano
907 2354 1152 2440 quaeNestorius
1172 2352 1388 2438 praedicurct3

298 2449 331 2507 et
353 2439 578 2524 blasphemias.
603 2460 684 2524 quae
717 2438 777 2503 sibi
805 2440 940 2523 scriptae
967 2440 1093 2503 fuerent
1125 2462 1142 2501 a
1169 2440 1335 2517 Nestoi-ic,
1357 2439 1388 2501 ei

297 2526 472 2589 manifestes
492 2524 641 2587 exhibuit.
698 2531 775 2585 tunc
802 2523 990 2589 Caelestinus
1020 2523 1131 2586 scribit
1152 2522 1307 2601 Nestoris,
1330 2522 1388 2585 de-

297 2610 404 2671 liniens
426 2608 454 2671 ei
474 2608 599 2677 diermu
628 2608 735 2671 decem
766 2604 899 2671 indutias
930 2607 1069 2669 cusandi
1094 2628 1112 2667 a
1139 2605 1327 2689 blasphemia
1354 2613 1389 2667 et

295 2690 499 2775 pueniteudis
525 2690 636 2775 quodsi
655 2689 857 2789 perdurasset
871 2693 903 2751 in
921 2710 1020 2771 praua
1039 2688 1197 2769 opinione,
1219 2689 1387 2753 sacerdotii

298 2776 550 2846 communicetur
570 2776 701 2839 ulterius
722 2794 785 2837 esse
798 2773 972 2836 desisteret.
1013 2772 1155 2845 scribunt
1173 2782 1278 2834 antem
1298 2772 1388 2835 simi-

298 2857 371 2921 liter
391 2858 578 2921 Caelestinus
605 2865 698 2940 atque
721 2856 855 2940 Cyrillus
877 2854 1073 2919 Antiocheno
1103 2866 1137 2919 et
1157 2856 1388 2940 Hierosolymi-

298 2950 373 3009 ,tuuo
394 2940 631 3023 archiepiscopis
648 2940 687 3003 de
700 2939 845 3006 Nestoris
865 2949 898 3001 et
916 2938 1035 3003 haeresi
1055 2940 1132 3004 eius.
1176 2942 1304 3001 loannes
1327 2962 1388 3002 uu-

296 3034 359 3094 tem
390 3024 500 3087 scribit
533 3025 676 3093 Nestoris
707 3022 781 3085 dans
811 3024 977 3085 concilium
1004 3020 1170 3086 recedendi
1192 3024 1232 3085 ab
1254 3023 1386 3101 haeresi,

296 3106 373 3250 puin
398 3117 429 3168 et
460 3106 703 3171 admemoriam
733 3106 848 3168 ducens
870 3106 947 3169 illud
966 3105 1101 3189 apostoli
1130 3104 1260 3169 dicentis
1283 3106 1389 3171 “misit

319 3212 370 3251 eus
391 3191 488 3255 filium
510 3213 599 3253 suem
620 3191 737 3253 factum
758 3210 794 3261 ex
816 3191 975 3252 muliere.”
1017 3209 1202 3273 cognoscens
1224 3210 1301 3250 sero
1322 3192 1386 3253 Ne-
1520 3205 1521 3208 ’

294 3275 411 3337 storius
432 3276 518 3358 quod
548 3272 747 3358 patriarchae
773 3272 880 3343 taliter
910 3274 1041 3338 ecclesiis
1076 3272 1271 3339 conturbetis
1292 3274 1386 3339 silere

295 3357 423 3421 minime
444 3367 640 3441 paterentur,
662 3356 756 3419 suasit
777 3356 963 3439 imperatori
983 3358 1109 3420 mittere
1123 3356 1242 3439 Cprillo
1263 3376 1387 3419 sacram

295 3440 485 3523 stigmatibus
516 3442 659 3524 plenam;
692 3460 786 3522 quesn
804 3449 918 3521 putans
939 3461 980 3505 ex
999 3441 1047 3503 bis
1069 3460 1269 3523 compescere
1289 3444 1385 3522 magis

231 3542 235 3557 ’
295 3523 404 3601 erexit,
452 3546 580 3606 surgens
613 3524 693 3585 enim
723 3523 835 3590 scribit
860 3524 1045 3606 imperaturi
1075 3534 1108 3587 et
1134 3525 1298 3587 sororibus
1321 3525 1384 3585 suis

296 3616 360 3669 tam
381 3607 421 3670 de
440 3616 526 3671 recta
547 3604 608 3671 lide
639 3627 734 3690 quam
757 3606 796 3668 de
815 3608 936 3670 sinistra
953 3608 1105 3691 opinione
1126 3607 1272 3685 Nestorii,
1292 3607 1385 3668 simul

296 3700 328 3753 et
347 3692 506 3773 postulans
526 3689 728 3753 universalem
750 3690 819 3753 lieri
838 3691 991 3776 synodum
1011 3688 1051 3753 ud
1070 3690 1304 3755 examinandum
1328 3712 1385 3751 ca·

295 3776 408 3838 conice
430 3772 631 3843 deNestcrio.
654 3784 730 3835 tunc
751 3774 924 3856 imperator
936 3772 1131 3845 Theodosius
1147 3774 1259 3837 scribit
1278 3772 1385 3837 omni-

293 3858 351 3927 bus
373 3854 526 3938 episcopis
548 3868 584 3919 ut
605 3857 720 3940 absque
739 3858 805 3927 sua
828 3858 976 3922 dilatione
995 3866 1068 3942 post
1090 3857 1203 3941 pascha
1224 3856 1385 3939 Ephesum

295 3939 517 4017 convenirent,
536 3938 686 4004 diffiniens
717 3942 791 4023 quin
812 3944 928 4005 nnllam
949 3940 1033 4024 opud
1052 3941 1145 4005 deum
1169 3952 1200 4003 et
1219 3941 1304 4024 apud
1327 3962 1384 4003 uus

295 4016 496 4085 excusationis
518 4024 672 4086 rationem
692 4022 830 4103 habehit,
852 4027 906 4109 qui
924 4025 974 4088 die
993 4035 1116 4087 sanctae
1136 4032 1329 4107 pentecostes
1351 4022 1384 4084 in

295 4105 428 4173 concilio
451 4106 592 4173 iuventus
607 4130 676 4173 nun
698 4107 795 4189 fuerit
816 4108 900 4191 apud
912 4108 1078 4190 Ephesum.
1110 4108 1306 4171 Caelestinus
1327 4129 1384 4169 an-

295 4196 360 4250 tem
389 4190 546 4254 Romanus
571 4191 681 4255 scribit
707 4190 826 4277 Cyrillo
857 4190 1066 4256 Alexandrino
1094 4190 1200 4255 lecum
1228 4212 1317 4256 suum
1350 4189 1383 4250 in
