3050 4900
284 313 333 383 88
436 311 646 380 huhsThsu
679 309 875 375 lllS'l'Olllh
902 306 1209 373 ECCblSthTlCh

288 491 446 550 Romanus
466 484 664 567 pontificium
685 482 777 564 gerit.
828 479 1002 542 Vitalianus
1024 486 1137 556 autern,
1159 496 1252 559 quern
1272 493 1377 558 popu-

289 574 333 633 lns
355 572 579 652 imperatorem
607 568 818 648 expetiverat,
850 571 977 645 accepta
997 571 1067 623 tota
1093 562 1227 621 Thracia
1250 561 1378 642 Scythia

237 683 244 708 ι
288 666 320 718 st
342 655 449 736 Mysia,
472 651 623 734 Volgares
637 650 751 708 hahens
769 669 873 708 secam
884 655 917 708 et
936 644 1165 706 multitudinem
1179 645 1377 720 Hunnorum,

289 739 373 819 cepit
394 735 582 796 'Anchialum
613 744 646 795 et
669 729 897 814 Odyssopolim.
947 727 1186 809 comprehendit
1212 736 1315 788 antem
1345 735 1380 787 et

289 816 440 904 Cyrillum
471 816 654 901 magistrum
681 814 817 876 militum
844 812 1007 888 Thraciae,
1027 820 1061 872 et
1083 811 1227 891 pervenit
1246 809 1379 891 praedas

288 902 428 985 gerendo
459 923 557 984 usque
588 897 791 984 Byzantium,
819 917 951 979 parcens
972 912 1049 955 vero
1071 893 1189 954 civitati
1210 891 1294 973 apud
1315 894 1378 953 So.

288 985 444 1047 stheuiam
463 994 564 1046 castra
592 991 724 1046 metatus
747 990 802 1042 est
845 978 1017 1039 Anastasius
1037 987 1141 1037 autem
1161 975 1379 1058 desperatione

291 1075 506 1130 consternatus
539 1066 637 1128 mittit
657 1085 692 1128 ex
711 1071 822 1126 senatu
843 1060 1016 1146 quosdam,
1040 1079 1153 1140 rogans
1174 1081 1245 1122 eum
1264 1059 1380 1142 pacisci

291 1159 323 1212 et
346 1152 458 1212 iurare
473 1171 534 1211 uua
556 1171 628 1210 cam
650 1155 768 1222 senato,
790 1144 876 1229 quod
896 1145 936 1208 ab
959 1143 1049 1206 exilio
1064 1143 1227 1225 episcopos
1247 1162 1379 1204 revoca.

293 1242 343 1296 ret
371 1234 454 1316 opud
485 1231 659 1296 Heracliam
689 1230 843 1292 Thracan-
880 1247 983 1371 porro
1009 1227 1182 1289 Vitalianus
1203 1225 1323 1288 addidit
1345 1234 1382 1286 ut

292 1327 325 1378 et
343 1318 502 1398 principes
529 1315 769 1398 uniuscuiusque
805 1311 928 1374 sobnae
959 1312 1102 1372 iurarent
1132 1309 1234 1385 istud;
1263 1308 1317 1371 sed
1349 1318 1381 1370 et

292 1401 489 1462 Macedoniae
511 1407 542 1460 et
555 1399 727 1472 Flavianas,
749 1396 803 1478 qui
820 1397 965 1478 aequiter
981 1394 1062 1475 pulsi
1083 1393 1216 1471 fueraut,
1236 1411 1307 1454 suos
1330 1413 1382 1454 re-

292 1483 436 1564 ciperent
455 1482 598 1558 thronos,
618 1481 761 1542 similiter
793 1489 825 1540 et
847 1477 960 1560 reliqui
985 1496 1091 1538 ornnes
1113 1475 1263 1558 episcopi,
1284 1486 1315 1539 et
1337 1476 1382 1536 ita

292 1566 506 1629 celebraretur
526 1563 670 1650 synodus,
690 1565 833 1624 Romano
853 1568 886 1622 et
916 1561 1034 1621 cunctis
1055 1559 1207 1641 episcopis
1230 1560 1382 1621 conveni.

292 1649 424 1726 entibus,
446 1658 477 1710 et
497 1647 655 1709 communi
679 1646 796 1708 iudicio
819 1645 1034 1727 probarentur
1056 1663 1137 1725 quae
1158 1641 1303 1704 adversus
1326 1665 1383 1704 or.

291 1731 445 1793 thodorus
465 1739 539 1792 sant
558 1742 771 1814 praesumpta.
813 1726 921 1824 itaque
949 1747 1021 1786 cum
1044 1725 1122 1786 baec
1142 1726 1316 1808 imperator
1334 1745 1384 1789 se·

181 1885 186 1896 Ι
293 1823 383 1876 natus
404 1824 436 1876 et
458 1813 572 1896 reliqui
596 1812 753 1894 principes
772 1811 947 1894 populique
975 1808 1126 1870 iurassent
1146 1819 1179 1871 et
1199 1809 1383 1870 confirmas-

153 1921 180 1974 Ρ.
194 1903 248 1961 248
266 1905 360 1960 asena
382 1897 425 1958 ita
447 1897 583 1958 tiendum
591 1899 632 1975 Ἴ,
651 1896 733 1956 lanta
757 1903 802 1956 est
820 1915 891 1976 par,
911 1901 943 1954 et
963 1889 1001 1953 ad
1018 1891 1152 1974 propria
1173 1891 1277 1954 rediit
1300 1893 1384 1954 llor.

293 1980 390 2041 misda
414 2001 491 2041 vero
524 1980 678 2042 Romanus
698 1978 884 2062 episcopus,
906 1975 1052 2036 molestiis
1075 1977 1219 2058 fatigatus
1237 1998 1254 2036 a
1274 1975 1384 2037 Theo..

293 2061 405 2124 alurico
429 2061 586 2124 Vitaliano
608 2063 739 2138 lavante,
763 2059 942 2122 Ennodiom
965 2058 1148 2142 episcopum
1168 2059 1251 2120 misit
1270 2067 1305 2119 et
1324 2059 1384 2121 Vi.

294 2145 443 2206 talianum
467 2145 722 2206 archidiaconum
740 2144 780 2206 ad
800 2141 954 2226 synodum
974 2141 1195 2204 celebrandum
1217 2141 1301 2224 apud
1319 2142 1385 2203 He.

297 2228 433 2289 racliam.
474 2249 588 2291 venere
610 2240 714 2290 autem
733 2235 765 2289 et
777 2225 915 2309 episcopi
938 2246 973 2288 er
996 2224 1123 2286 diversis
1145 2225 1218 2288 locis
1238 2226 1304 2286 fere
1324 2225 1386 2286 du.

296 2311 389 2388 cena,
413 2311 466 2394 qui
488 2310 567 2372 illusi
589 2313 628 2372 ab
651 2311 760 2395 iniquo
783 2310 975 2392 imperatore
996 2328 1032 2368 ac
1044 2309 1212 2372 Timotheo
1236 2311 1385 2390 episcopo

296 2393 643 2477 Constantinopolitano
665 2415 818 2458 recessere
833 2393 1015 2455 inefficaces.
1055 2391 1168 2475 impius
1180 2392 1307 2477 quidem
1327 2393 1386 2455 im·

295 2488 426 2560 perator
458 2490 550 2560 pacta
577 2478 806 2563 transgrediens
835 2476 915 2539 clam
943 2476 1099 2538 intimavit
1126 2479 1267 2538 llomano
1286 2498 1388 2558 papae

296 2582 336 2623 ne
358 2562 497 2623 venirets
518 2560 647 2624 miserat
667 2562 748 2624 enim
757 2562 1053 2635 Vitalianosacram,
1075 2580 1140 2642 quo
1162 2560 1388 2621 transmitteret

295 2667 365 2705 eam
385 2646 534 2723 Romam,
566 2654 602 2706 ut
623 2665 706 2727 papa
728 2644 984 2726 proficisceretur
1004 2641 1043 2701 ad
1062 2642 1282 2705 celebrandam
1302 2644 1387 2725 apud

296 2726 471 2789 Heracliam
495 2728 661 2809 synodum.
705 2726 804 2787 omnis
819 2737 924 2787 autem
942 2725 1078 2806 populus
1097 2736 1193 2809 atque
1212 2735 1333 2788 senatus
1355 2728 1386 2787 ia

297 2810 473 2891 praesentia
500 2810 705 2871 maledicebat
734 2810 894 2870 Anastasio
922 2816 1070 2890 tauquam
1103 2810 1243 2890 periuro.
1284 2830 1387 2893 porro

297 2892 469 2955 Vitalianus
483 2891 656 2975 indignatus
672 2890 816 2953 adversus
829 2890 1021 2952 Anastasiom
1033 2891 1075 2952 ob
1090 2894 1265 2974 periurium
1289 2894 1387 2954 multa

298 2975 378 3035 mala
407 2975 591 3037 exercitibus
619 2974 768 3037 Anastasii
789 2983 822 3037 et
851 2974 993 3058 reliquae
1019 2974 1066 3037 rei
1088 2975 1233 3057 publicae
1254 2975 1386 3037 demon.

297 3058 428 3136 stravit,
460 3058 621 3136 occidens,
644 3058 784 3141 rapiens,
817 3058 909 3119 armis
937 3078 1071 3137 eruens,
1102 3066 1136 3121 et
1154 3071 1316 3141 postremo
1348 3058 1388 3119 ad

299 3141 447 3286 iniqpiam
476 3142 540 3203 eim
575 3162 831 3226 unumquemque
873 3140 1005 3203 militem
1042 3160 1107 3203 uuo
1137 3162 1230 3207 aereo
1259 3165 1388 3204 nummo

297 3245 356 3286 ven
381 3245 444 3287 eus.
537 3253 541 3261 ·
1406 3246 1409 3249 >

162 3352 188 3407 p-
203 3334 256 3397 249
272 3339 290 3394 3
383 3329 492 3393 Mundi
505 3351 587 3392 anno
598 3328 691 3409 6008,
713 3330 837 3395 divinae
851 3331 1072 3394 incarnationis
1087 3352 1169 3393 anuo
1184 3328 1256 3408 508,
1272 3332 1389 3409 Hunni,

300 3409 356 3497 qui
378 3414 526 3475 dicuntur
546 3415 669 3493 Saber,
701 3423 896 3478 transeuntes
922 3416 1046 3500 Caspias
1068 3424 1187 3498 portas,
1209 3418 1390 3477 Armeniam

299 3505 332 3557 et
354 3497 599 3579 Cappadociam,
623 3498 775 3559 Galatiam
796 3510 829 3561 et
849 3500 987 3561 Pontum
1014 3498 1198 3583 depopulati
1224 3507 1316 3576 sunt,
1344 3500 1389 3561 ita

299 3586 337 3640 ut
359 3578 546 3642 Euchaitam
566 3602 694 3665 qaoque
715 3582 934 3663 pervaderent.
984 3581 1067 3645 unde
1093 3590 1126 3644 et
1144 3583 1262 3665 fugiens
1281 3584 1389 3645 Maee-

300 3662 420 3741 donius,
441 3664 672 3747 propemodum
694 3665 948 3749 periclitaturas,
973 3668 1105 3726 salvatus
1133 3676 1178 3727 est
1196 3665 1280 3749 apud
1303 3666 1388 3726 Gan·

299 3766 379 3828 gras.
422 3768 486 3831 quo
515 3758 679 3829 comperto
710 3749 882 3810 Anastasius
915 3771 1020 3811 amare
1047 3749 1110 3811 illio
1137 3771 1209 3811 cum
1237 3748 1388 3809 custodiri

299 3832 477 3913 praecepit,
500 3832 643 3910 mittens,
677 3840 713 3895 ut
732 3833 830 3909 aiunt,
850 3832 904 3917 qni
924 3854 995 3894 enm
1017 3832 1184 3895 occideret.
1226 3833 1389 3895 defunctus

335 4022 360 4093 ⁴⁷)
380 4022 506 4099 tiendum}
524 4025 690 4079 Flodoardas
710 4024 774 4080 bist.
787 4029 859 4079 hem.
877 4032 890 4081 l
912 4032 960 4083 1³:
980 4028 1153 4099 fiendumque
1167 4026 1389 4080 saChristiauum

370 4097 494 4215 quassat.
542 4098 604 4151 vids
634 4098 758 4153 tlensium
785 4098 821 4150 da
847 4095 919 4155 vitiis
947 4100 1078 4155 sermonis
1102 4102 1175 4169 430
1198 4097 1270 4152 sires
1296 4098 1386 4153 finem.

394 4182 450 4217 aas.
