3050 4900
403 371 406 378 '
514 367 565 428 EX
601 363 859 430 ultusultus.
1160 357 1230 428 125

148 533 279 598 llnmaai.
323 555 387 617 qno
410 531 518 595 audito
539 533 693 617 chaganus
723 534 937 618 potentatibus
958 534 1088 616 sumptis
1110 554 1231 616 prope-

147 621 231 681 rabat
249 617 288 678 ad
309 617 437 678 bellum.
481 629 514 679 at
536 639 610 680 veru
623 620 781 681 Salvianus
804 619 873 680 visis
893 618 1144 680 multitudinibus
1164 628 1231 680 stu-

145 705 277 786 petactus
299 701 337 762 ad
357 701 497 762 Priscum
518 725 550 763 se
572 705 717 764 contulit.
768 702 963 783 comperiens
996 713 1099 763 autem
1120 702 1232 782 chagn-

144 809 195 846 uus
216 789 430 847 Romanorum
459 807 611 847 recessum
646 786 685 846 usl
716 787 873 858 maritima
894 787 1065 868 egreditur,
1086 785 1230 866 deinceps

145 867 180 928 ad
201 871 232 930 S.
256 868 478 945 Alexandrum,
511 877 542 930 et
571 868 656 929 hune
691 870 795 932 amnia
817 869 981 932 devoranti
1003 867 1134 930 tradidit
1153 867 1229 950 igni.

142 953 287 1014 transiens
310 961 413 1012 autem
446 955 476 1012 in
497 953 662 1036 Driaipera
691 963 826 1014 conatur
853 952 1061 1015 exterminare
1081 972 1149 1013 rem
1167 973 1231 1032 pn-

143 1037 260 1111 hlicam,
286 1033 495 1114 devastatoria
513 1045 661 1118 operatus
678 1035 893 1098 instrumenta.
937 1035 1062 1098 bivero
1082 1035 1136 1120 qni
1155 1033 1231 1097 Dri-

142 1119 243 1201 alpem
267 1119 420 1195 habitant,
443 1119 557 1182 diutius
581 1119 744 1183 ediverso
768 1121 867 1182 aciem
885 1119 1085 1182 direxerunt:
1108 1122 1232 1181 namet

142 1213 244 1285 portas
276 1203 450 1284 aperientes
475 1202 678 1265 minabantur
707 1203 860 1266 barbaros
877 1203 1053 1277 debellare,
1084 1223 1156 1263 cum
1184 1223 1232 1263 es·

141 1287 257 1348 sentin
291 1283 461 1349 formidine
482 1287 609 1369 ingenti.
665 1295 741 1348 tnnc
778 1307 854 1370 ergo
887 1287 992 1348 divina
1014 1288 1166 1370 quaedam
1188 1285 1230 1347 eis

141 1369 294 1431 consuluit
315 1371 433 1431 virtus:
466 1370 569 1431 medin
589 1391 723 1454 namque
747 1369 798 1432 die
817 1369 925 1432 videre
940 1379 1131 1452 putaverunt
1153 1370 1265 1452 bar-p.
1275 1377 1330 1435 416

140 1453 214 1532 bari,
235 1454 386 1515 Romanis
409 1453 577 1516 virtutibus
603 1454 830 1538 egredientibus
845 1455 884 1514 ab
898 1454 994 1537 urbe!
1010 1455 1152 1514 futurum
1171 1453 1230 1513 sibi

142 1539 206 1598 inre
228 1547 268 1599 ut*
289 1557 360 1598 curm
375 1537 417 1598 eis
438 1537 621 1600 conflictum
642 1545 851 1600 consererent
895 1541 927 1598 ct
943 1537 1136 1598 consternati
1157 1535 1230 1617 fuga

141 1620 322 1704 infatigabili
344 1621 476 1702 fugiunt,
501 1631 533 1683 et
557 1621 640 1704 apud
661 1618 847 1684 Perinthum
876 1619 1066 1682 efficiuntur.
1108 1619 1232 1682 Priscus

141 1715 247 1778 antam,
277 1723 335 1765 nec
355 1705 421 1765 visu
445 1704 572 1788 quidem
599 1707 685 1766 ferre
704 1703 919 1767 multitudines
949 1705 1160 1766 barbarorum
1176 1723 1232 1763 va-

142 1787 209 1870 lens,
227 1787 405 1848 Tz'urulum
427 1789 580 1870 ingressus
601 1797 737 1852 castrum
758 1789 971 1850 muniebatur.
1015 1797 1061 1848 ast
1080 1787 1233 1848 barbarus
1317 1787 1322 1796 '

140 1871 277 1933 Priscum
299 1870 443 1934 obsidere
464 1871 649 1934 conabatur.
705 1871 751 1933 his
777 1871 889 1934 auditis
909 1869 1078 1934 Mauricius
1096 1868 1233 1933 haesita.

142 1953 192 2015 bat
212 1953 396 2038 quidforet
419 1955 584 2037 agendum.
628 1963 704 2019 tunc
728 1958 850 2038 optimo
879 1956 960 2018 inito
982 1955 1112 2017 consilio
1132 1975 1234 2014 asrna·

139 2045 188 2098 tur
207 2048 324 2100 contra
345 2039 499 2099 infinitam
519 2039 730 2102 barbarorum
749 2041 915 2116 virtutem,
939 2047 971 2101 et
989 2039 1045 2099 nni
1067 2037 1230 2101 excubitu.

141 2141 203 2181 rum
225 2121 345 2204 magnis
368 2122 458 2183 donis
482 2131 577 2206 atque
598 2123 854 2206 promissionibus
880 2123 989 2184 suadet
1007 2117 1044 2185 ist
1064 2130 1177 2204 sponte
1198 2121 1229 2183 in
1306 2175 1314 2184 ,

140 2204 291 2268 barbaros
316 2206 442 2284 irruat,
472 2207 563 2288 eique
588 2209 641 2268 dat
662 2207 702 2268 ad
722 2207 864 2270 Priscum
897 2205 1015 2269 litteras
1036 2207 1230 2268 continentes

141 2286 210 2351 haee
240 2289 483 2372 “gloriosissimo
513 2291 655 2372 praetori
684 2291 807 2352 Prisco.
864 2291 991 2352 noxium
1022 2290 1230 2352 harbarorum

141 2381 287 2434 conatum
309 2393 347 2433 ue
366 2373 541 2435 formides:
577 2372 615 2435 ad
636 2372 847 2457 perditionem
876 2374 960 2435 enim
979 2393 1092 2436 eorum
1113 2373 1230 2435 factum

140 2464 180 2517 ast
200 2458 288 2519 hoca
318 2454 396 2519 scito
429 2459 512 2519 anim
533 2458 606 2541 qnia
629 2476 701 2519 cum
721 2458 820 2521 multa
846 2458 1029 2520 confiniens
1052 2466 1230 2519 revertetur

139 2538 292 2623 chaganus
308 2541 339 2601 in
361 2540 521 2623 regionem
535 2562 616 2637 qnae
631 2541 690 2601 sibi
704 2564 720 2601 a
734 2542 882 2604 Romanis
904 2550 950 2603 ast
969 2540 1127 2623 deputata.
1148 2560 1230 2622 pro-

138 2633 241 2703 pterea
263 2632 445 2707 perseveret
470 2624 569 2708 gloria
592 2634 646 2685 tua
668 2645 761 2708 penes
790 2624 981 2702 Taurulum,
1002 2624 1229 2706 circumvagari

138 2707 247 2771 saniem
271 2708 362 2771 illos:
383 2708 534 2772 mittimus
571 2709 653 2770 enim
685 2730 745 2791 per
766 2729 854 2771 mare
876 2728 978 2786 naves,
1000 2717 1033 2769 et
1054 2706 1229 2789 captivabi-

137 2810 199 2853 mus
219 2792 354 2853 familias
373 2812 495 2869 eornm,
516 2802 549 2855 et
570 2803 703 2877 cogetur
724 2791 761 2853 ad
775 2792 910 2876 propria
922 2792 1106 2853 confusione
1126 2792 1228 2854 reser-

138 2884 183 2934 tus
204 2886 303 2959 atque
324 2875 445 2936 iactura
469 2876 614 2938 reverti.''
663 2883 695 2936 at
725 2896 803 2939 vero
832 2875 987 2959 chaganus
1007 2875 1117 2938 litteris
1137 2896 1229 2937 com·

136 2958 294 3038 prehensis
315 2966 346 3020 et
367 2958 455 3021 lectis
487 2980 600 3041 pavens
621 2960 772 3038 efficitur,
804 2967 836 3021 et
853 2960 1071 3041 sponsionibus
1092 2954 1227 3041 pacificis
1238 2978 1263 3030 p·
1275 2957 1328 3014 417

136 3040 172 3101 ad
192 3042 336 3103 Priscum
360 3040 512 3125 dispositis
536 3044 567 3105 in
588 3043 770 3106 muneribus
791 3042 895 3125 paucis
915 3052 1011 3128 atqua
1030 3042 1173 3126 indignis,
1193 3044 1226 3105 in

136 3144 216 3187 suam
238 3134 289 3189 est
308 3136 426 3189 terram
447 3148 518 3189 cum
539 3128 610 3211 lisga
628 3126 750 3210 potenti
772 3148 936 3211 regressus.

211 3231 390 3296 Undecimo
411 3234 537 3317 imperii
558 3252 641 3297 anno
661 3234 806 3297 Mauricii
824 3232 1123 3317 Hierosolymitanus
1133 3233 1226 3294 Amos

135 3312 269 3377 hahetur
293 3318 464 3399 episcopus.
506 3318 681 3401 imperator
703 3328 807 3381 autem
828 3318 970 3379 Priscum
993 3335 1065 3377 cum
1085 3316 1227 3378 omnibus

137 3399 282 3460 Romanis
305 3402 517 3481 potentatibus
538 3402 576 3463 ad
601 3404 713 3464 latrum
734 3400 863 3464 fluvium
885 3397 991 3481 misit,
1011 3408 1048 3459 ut
1067 3400 1228 3462 Sclavino.

136 3497 203 3544 rum
229 3484 372 3546 ustiones
407 3486 541 3549 transire
573 3484 767 3568 prohiberet.
826 3502 891 3566 qno
925 3480 1009 3565 apud
1029 3484 1227 3545 Dorostolon

134 3560 239 3629 habito
262 3566 415 3652 chaganus
446 3568 510 3630 lroc
532 3570 703 3653 comperit;
736 3568 792 3652 qui
813 3566 919 3650 legatis
950 3567 989 3628 ad
1011 3588 1082 3630 eum
1100 3563 1227 3629 directis

134 3650 319 3711 calumniam
340 3652 493 3715 inferebat
511 3652 656 3715 Romanis
677 3651 838 3714 esordinm
862 3647 1004 3712 dantibus
1027 3649 1109 3713 belli.
1152 3648 1226 3710 Pri·

133 3751 196 3795 scus
218 3742 324 3796 autem
345 3738 509 3799 excusabat
529 3756 581 3812 se,
601 3732 687 3821 quod
712 3758 775 3797 non
799 3734 922 3796 venerit
943 3732 1089 3796 adversus
1106 3732 1226 3796 harba-

135 3828 184 3875 tos
202 3816 433 3902 belligeratum,
451 3820 504 3883 sed
527 3820 614 3904 quod
636 3818 676 3883 ad
689 3818 907 3881 sclavinorum
929 3818 1070 3881 nationes
1093 3841 1110 3878 a
1133 3816 1227 3900 prin-

134 3898 201 3980 cipe
221 3901 321 3963 buerit
342 3901 521 3967 destinatus.
572 3902 698 3977 audiens
728 3912 835 3963 autem
865 3900 988 3963 Priscus
1018 3898 1105 3985 quod
1125 3897 1226 3963 Arda.

136 3987 233 4061 gastus
254 3986 467 4050 multitudines
487 3984 702 4048 Sclavinorum
735 3986 775 4047 ad
796 3983 1012 4069 praedandum
1033 3979 1224 4066 disperserit,

135 4066 283 4130 transiens
301 4070 415 4131 Istrum
437 4070 536 4134 media
561 4080 653 4133 nocte
676 4070 835 4153 inopinate
854 4066 1025 4150 Andagasto
1041 4068 1225 4130 coniunctus

137 4158 191 4209 est.
234 4158 267 4211 at
288 4172 364 4215 vero
386 4154 568 4238 hrdagastns
590 4153 767 4215 discrimine
791 4172 879 4214 senso
913 4148 1032 4212 undum
1060 4148 1225 4214 ascendens

137 4248 260 4313 equum,
280 4235 330 4297 vir
351 4236 449 4301 salves
468 4237 580 4315 evasit,
610 4238 808 4321 Romanique
834 4232 1086 4302 multitudinibus
1106 4233 1225 4297 Sclsvi·
