3050 4900
469 305 609 370 NOTAE
641 305 928 370 rostaatoatts.
1172 297 1244 368 635

152 475 184 535 S.
207 469 333 554 Nicoph.
362 463 431 550 ἅμα
459 476 577 550 μικρου*
606 471 784 550 πνεύματος
817 467 1097 550 ἀντιπνεύσαντος,
1115 473 1171 532 aul
1189 473 1246 532 τοῦ

151 553 286 638 ῥείθρου
307 553 502 626 εἰςτουτιίσω
524 549 662 636 ἄγεσθαι
682 555 883 634 βιαζομένου.
925 558 1053 620 fuerunt
1073 553 1150 616 haec
1170 575 1245 616 oau-

150 661 201 701 sue
225 648 260 700 ut
280 660 335 700 eae
357 661 446 702 naues
463 642 506 702 itu
528 643 617 704 facilc
640 641 760 703 incendi
783 639 957 723 potuerint,
980 651 1106 722 excepta
1122 637 1245 700 illarum

151 745 187 784 ex
208 721 300 802 mete,
321 731 352 782 et
372 743 467 786 onere
485 724 652 804 tarditate3
676 724 818 787 modicus
837 733 956 801 ventus,
981 743 1017 783 nc
1041 731 1145 783 auster
1165 742 1246 804 coq-

151 807 277 877 trarius,
298 807 424 888 ipseque
443 809 482 869 nd
496 807 698 892 Propontidis
719 811 821 869 fauces
834 807 978 869 adversus
1004 805 1113 867 fluxus.
1133 813 1246 866 auctor

152 899 233 950 orat.
259 888 392 948 indiam
422 891 532 954 festum
552 894 607 974 τῆς
633 887 826 954 unarchus
860 898 941 952 auct.
964 897 1041 950 tom.
1063 887 1082 948 2
1103 887 1245 970 pluribus

150 973 208 1034 ista
229 972 453 1056 prosequitur:
487 998 557 1036 narn
594 984 625 1036 et
645 975 726 1036 hauc
756 973 884 1036 tertiam
916 973 1002 1035 urhis
1028 972 1245 1034 liberationem

152 1056 256 1118 divina
281 1074 353 1136 ope,
373 1077 409 1117 ac
428 1059 635 1122 sanctissimae
656 1059 705 1121 dei
725 1056 883 1142 genitricis
897 1055 1042 1140 precihus
1063 1079 1098 1118 ea
1120 1055 1171 1120 dio
1191 1077 1246 1118 re·

152 1141 261 1202 colunt
285 1139 409 1201 Graeci.

234 1243 307 1321 611,
329 1245 362 1308 8.
404 1245 460 1308 aui
491 1243 676 1324 ζομοῦιτες]
706 1247 811 1314 Anast.
842 1267 1050 1332 conspersum
1075 1245 1247 1310 humanum

149 1331 269 1393 scilicet
290 1337 419 1391 stercus.
431 1328 525 1392 Cedr.
547 1325 607 1392 συίι
621 1327 725 1408 ῥιζοιις
744 1332 878 1409 βοταυῆς
892 1327 1125 1410 τεθρυμμένως
1146 1324 1246 1406 ἕψου-

150 1435 222 1486 τεςτ
243 1435 313 1474 eum
332 1413 490 1476 radicibus
509 1414 672 1474 herbarum
692 1416 772 1474 tritis
792 1415 889 1492 elixa,
913 1414 956 1474 ait
977 1413 1048 1495 Xyl.
1070 1411 1245 1476 Buceurdua

152 1519 264 1579 panem
288 1518 321 1558 se
352 1497 580 1560 stercoraciurn
608 1497 735 1558 Parisiis
761 1498 871 1560 vidisse
902 1496 1054 1558 minuente
1085 1506 1244 1560 servatum

152 1589 293 1643 testatur.

235 1687 319 1752 thid.
337 1685 389 1749 20.
433 1687 563 1764 Σέργιος
586 1679 603 1744 ti
625 1679 937 1768 Πρωτοσιτοιθᾶριος]
960 1684 1052 1752 Barb.
1076 1695 1138 1748 etc.
1162 1677 1246 1746 ἴδιοι

149 1773 299 1852 βασιλέας
322 1769 443 1832 addunt
461 1767 575 1852 reliqui
620 1779 725 1831 raeter
738 1771 817 1852 Reg.
851 1767 886 1831 ἔτι
906 1769 968 1830 τῶι
980 1761 1159 1849 ἀνθρώπων
1181 1764 1246 1832 nt-

150 1855 217 1916 τοῦ.
266 1855 297 1914 S.
326 1853 454 1936 Niceph.
481 1852 545 1913 τῶν
580 1789 748 1932 *iimperat
774 1872 846 1912 τινα
877 1851 1019 1932 Secreto,
1058 1851 1111 1913 uhi
1139 1851 1245 1916 Petet.

149 1936 300 2023 qroeudctm
319 1960 362 1999 ex
382 1937 574 2023 appar-stione
595 1935 695 2016 Sergii
718 1932 931 2020 impetratorem
960 1940 1146 1998 constituatur.

237 2039 311 2121 ott,
334 2042 385 2106 17.
429 2033 478 2106 ὅτι
497 2040 553 2103 κατ’
578 2038 615 2103 sti
639 2028 810 2122 βασιλειαν.

237 2145 309 2230 ott,
333 2150 381 2212 18.
431 2149 477 2236 τῷ
498 2147 651 2226 δυσσεβεῖ
678 2151 828 2228 βασιλεῖ]
850 2150 936 2234 atqui
951 2149 1061 2228 semei,
1079 2159 1110 2212 et
1131 2149 1245 2212 iterum

155 2229 272 2316 εὐσεβῆ
290 2233 425 2313 βασιλέα
461 2236 689 2314 appeitnverat3
718 2233 890 2316 piissimtmt
921 2237 1156 2318 imperatorem
1178 2243 1245 2296 tum

156 2318 302 2379 nimirum
323 2339 393 2378 cum
423 2317 556 2378 necdum
587 2316 732 2378 ecclesiae
765 2317 873 2377 turbas
891 2317 999 2394 cieret,
1022 2338 1123 2399 eoque
1143 2319 1246 2402 impe-

158 2411 247 2465 rante
267 2404 312 2461 sic
333 2400 437 2462 divina
458 2421 566 2462 manus
585 2405 754 2485 Augustam
776 2399 887 2462 urbem
911 2409 1104 2483 protegeret.

238 2508 311 2584 615,
334 2509 362 2569 5.
415 2504 673 2588 προεισελθόιιτες
703 2504 762 2567 τσῦ
793 2501 909 2585 α’νδρὸς
937 2506 1046 2587 ου’τῆς]
1075 2509 1150 2589 Reg.
1185 2516 1245 2570 etc.

153 2615 221 2653 σιιοι
240 2596 304 2654 eius
323 2596 450 2653 maritus
471 2592 531 2651 Leo
551 2604 626 2652 autc
654 2591 799 2673 ingressus
829 2602 922 2651 esset.-
943 2590 1051 2673 sicque
1070 2590 1166 2651 moris
1189 2598 1245 2668 est,

157 2686 192 2738 ut
214 2677 267 2759 qui
289 2676 391 2737 maior
418 2686 463 2737 est
484 2674 588 2735 locum
608 2675 700 2757 prior
721 2672 832 2747 adeat,
865 2672 1091 2759 adeuntemque
1113 2676 1245 2737 aiterum

155 2761 300 2843 excipiat.
323 2754 538 2842 αρσισὴμαιτυ
559 2756 735 2840 τεκμήριον.
756 2755 849 2819 Cedr.
871 2766 932 2819 etc.

236 2872 309 2952 616,
336 2872 384 2937 19.
426 2869 484 2947 τοὶς
503 2870 581 2957 πρὸς
600 2867 774 2957 συνήθειαι
794 2869 903 2957 segur}
921 2872 1121 2961 Bnrh.Peyr.
1141 2880 1201 2936 etc.

239 2989 311 3069 617,
322 2988 351 3053 9.
394 2992 451 3055 aui
474 2986 548 3064 τούς
560 2988 762 3065 Mercatore]
782 2990 890 3053 haeret
914 2992 1024 3054 Baron.
1045 3001 1068 3054 t.
1082 2990 1144 3073 tp.
1168 2988 1246 3053 mihi

156 3074 206 3151 28,
225 3074 391 3159 multisque
420 3075 532 3137 nititur
556 3074 720 3137 ostendero
752 3094 816 3135 non
845 3096 934 3157 posse
969 3074 1044 3137 haec
1072 3072 1139 3135 acci
1164 3073 1173 3133 i
1205 3073 1246 3137 da

155 3160 296 3220 Montani
320 3159 442 3243 antiqui
462 3157 694 3220 haeresiarchae
713 3159 929 3235 sectatoribus,
952 3156 1039 3239 quod
1060 3157 1082 3218 ii
1103 3180 1120 3218 a
1141 3095 1246 3238 hapsi.

155 3263 221 3302 amo
248 3265 309 3303 non
329 3243 373 3303 sic
393 3242 623 3307 abborrerentt
644 3264 702 3323 ego
725 3240 773 3305 vei
801 3242 930 3303 maxime
950 3240 988 3301 de
1010 3240 1068 3301 ittis
1089 3240 1245 3322 accipian·

157 3323 230 3387 dun
251 3326 410 3389 existimet
444 3347 502 3388 nec
524 3326 605 3387 enim
633 3324 759 3386 iliorum
785 3325 938 3407 baptisma
965 3331 1067 3385 ratum
1089 3332 1167 3401 erat,
1190 3323 1246 3405 qui

154 3408 250 3470 sicin
273 3412 424 3489 trinitate,
445 3419 476 3471 et
495 3410 610 3491 spiritu
632 3416 738 3470 sancto
760 3418 913 3471 errarent.
955 3406 1062 3491 potuit
1082 3427 1158 3489 ergo
1179 3407 1244 3468 Leo

146 3492 199 3553 ‚ad
220 3492 366 3556 ecclesiae
391 3515 500 3555 verum
528 3494 679 3573 baptisma
707 3514 846 3573 cogere,
869 3489 956 3575 quod
990 3492 1034 3551 sic
1055 3491 1100 3552 itti
1115 3486 1246 3573 indigue

156 3576 297 3655 tuterint,
317 3585 353 3638 ut
375 3575 416 3639 oh
437 3598 505 3637 eam
527 3596 648 3637 causam
666 3596 698 3635 se
717 3574 847 3637 {lammis
863 3574 1058 3637 devoverint.
1078 3575 1142 3673 ipsa
1161 3592 1245 3655 pro·

156 3658 261 3742 phetia
274 3705 283 3736 ,
303 3683 365 3745 qua
387 3658 530 3720 inductos
560 3659 606 3719 ait
624 3657 831 3739 Theophanes
856 3659 893 3719 ad
916 3678 1021 3719 necem
1043 3659 1100 3719 sihi
1122 3660 1245 3719 consci-

154 3742 317 3821 scendam,
350 3744 517 3805 character
545 3741 670 3826 quidam
700 3740 842 3802 videatur
861 3742 1003 3804 Montani
1035 3742 1114 3803 iltius
1134 3746 1246 3819 sectae,

157 3827 211 3908 qni
234 3847 315 3889 novo
334 3827 377 3888 itti
399 3826 524 3909 spiritui
555 3836 658 3888 totum
688 3826 869 3887 credebant.
917 3823 1100 3887 Timotheus
1116 3824 1209 3907 presb
1231 3862 1247 3879 ·

155 3914 213 3969 ter.
224 3911 284 3972 CP.
300 3912 381 3972 inter
402 3910 584 3993 praecipuos
596 3930 719 3970 errores
734 3908 1001 3983 Toscodurorurn‚
1013 3909 1067 3991 qui
1085 3930 1119 3969 ex
1131 3846 1245 3991 Enipi.

155 3990 240 4059 haer.
272 3991 315 4055 48
341 3995 437 4057 iidem
470 4004 543 4055 sunt
581 4014 618 4053 nc
647 3992 878 4075 cataphryges,
907 3990 1158 4069 Paulicianistae,
1188 3990 1246 4074 ipsi

155 4076 373 4154 Montaniatae‚
396 4079 476 4140 hunc
492 4076 592 4160 ponit,
615 4075 701 4159 quod
713 4070 880 4155 βάπτισμα
902 4072 1102 4155 διασύρουσι,
1124 4074 1246 4158 aliaque

157 4160 260 4223 omnia
282 4170 407 4223 externa
431 4159 571 4244 symbola
593 4168 758 4241 respuunt,
781 4180 883 4241 eoque
902 4158 1021 4241 primos
1044 4158 1144 4241 ponit,
1167 4178 1246 4241 quos
