3050 4900
507 316 560 381 aa
591 310 848 410 satornana.
1160 308 1231 379 sss

221 486 313 547 Anno
334 483 457 567 imperii
480 484 673 549 Constantini
687 482 726 547 16
746 484 828 547 lacta
848 495 893 547 est
916 486 1008 546 sames
1028 492 1122 567 atqua
1144 504 1233 544 mor.

143 566 242 632 totitas
261 590 373 651 magua
392 568 424 628 iu
445 568 547 653 Syria,
568 580 753 653 gentemque
776 569 951 630 Alsimelech
974 568 1121 630 obtinuit.
1144 588 1234 629 cum-

144 674 203 737 que
222 651 396 714 Mardaitao
412 654 553 734 partibus
575 654 791 714 incumberent
801 652 920 729 Libani,
942 660 974 715 et
991 652 1163 735 pestilentia
1185 659 1236 711 te-

144 744 233 798 neret
253 742 285 797 et
306 736 419 809 fames,
443 734 525 798 idem
541 735 715 797 abimelech
739 755 858 818 pacem,
880 755 961 820 qaae
982 757 1000 796 a
1019 734 1143 796 Maahia
1167 736 1237 795 lue-

144 826 193 883 rat
238 819 373 894 uaesita,
399 820 530 901 petivit,
550 820 646 881 missis
668 818 706 880 ad
733 820 955 902 imperatorem
976 818 1091 901 legatis,
1112 820 1239 880 eadem-

167 924 206 965 ue
267 902 392 963 basilia
416 904 632 965 nomismatum
657 904 725 964 auri
754 904 907 985 praebere
927 902 1094 985 pollicitus,
1119 913 1151 965 et
1172 902 1239 962 illos

143 924 205 1050 765
224 1006 342 1063 servos,
363 986 495 1070 parique
516 986 611 1049 modo
636 986 754 1048 nobiles
775 988 909 1049 totidem
929 1007 1038 1071 equos.

229 1094 319 1157 Anno
341 1092 464 1175 imperii
487 1095 532 1157 sui
558 1093 594 1158 l7
618 1094 772 1179 requievit
800 1094 870 1176 pias
891 1095 1064 1175 imperator
1088 1088 1241 1153 Constan.
1271 1158 1281 1179 ὓ

27 1174 33 1187 ’
145 1178 238 1255 tinas,
260 1199 332 1238 cam
349 1176 527 1260 imperasset
547 1172 633 1239 arinis
651 1176 699 1256 17,
723 1187 755 1240 et
777 1176 944 1261 imperavit
959 1178 1142 1238 lastinianus
1162 1174 1243 1235 lilius
1321 1216 1324 1221 -

145 1262 224 1339 eius.
277 1268 309 1323 et
338 1261 495 1323 sciendum
528 1263 602 1345 quia
630 1262 747 1325 frustra
781 1259 879 1323 delire
899 1267 925 1340 *l
948 1261 1094 1344 garriunt
1115 1257 1243 1355 quidam

146 1344 293 1423 dicentes,
312 1353 384 1426 post
417 1354 571 1429 quattuor
590 1366 688 1422 annos
714 1346 810 1405 factas
837 1345 929 1406 faisse
950 1366 1000 1407 sex
1021 1342 1131 1427 synodi
1153 1339 1242 1423 capi-

147 1430 274 1503 tulares,
292 1448 371 1511 quae
393 1427 567 1491 diffamatae
589 1438 670 1505 sant,
691 1426 830 1489 lormas:
853 1427 933 1489 sicut
952 1425 1078 1488 enimin
1101 1427 1243 1486 omnihus

146 1532 219 1575 cum
243 1512 316 1572 lalsa
346 1512 528 1594 praedicent
558 1520 755 1595 arguantur,
778 1510 874 1573 itaet
903 1532 939 1573 ex
958 1511 1004 1571 his
1036 1509 1245 1571 ostenduntur

147 1594 225 1657 nihil
246 1594 352 1656 dicere
372 1596 504 1659 veritate
522 1596 692 1658 suffultum.
734 1615 810 1657 vera
829 1594 948 1679 quippe
970 1593 1119 1655 chronica
1142 1613 1245 1651 anno-

148 1678 228 1741 tatio
250 1688 387 1739 sanctam
405 1680 608 1742 universalem
622 1686 735 1741 sextam
753 1680 916 1765 synodum,
939 1700 1020 1761 quae
1040 1688 1153 1739 contra
1172 1694 1245 1734 mo-

148 1762 314 1825 nothelitas
334 1763 489 1826 celebrata
523 1772 569 1825 est
592 1762 629 1825 li
651 1785 732 1826 anuo
760 1764 882 1843 imperii
905 1760 1098 1823 Constantini
1123 1781 1160 1820 ne
1186 1758 1348 1832 osupum

148 1844 298 1920 Heraclii,
323 1846 501 1910 convemsse
516 1846 613 1909 relert
633 1867 744 1907 annua
762 1846 944 1907 conditione
956 1850 998 1922 *Ἴ
1021 1840 1130 1906 mundi
1173 1838 1244 1920 1703

149 1938 183 1993 et
203 1929 278 2013 quia
306 1937 379 2013 post
409 1929 472 1992 hoc
501 1930 642 2015 regnavit
672 1930 754 1993 idem
784 1928 1001 1991 Constantinus
1025 1928 1111 1989 annis
1131 1926 1161 2003 ὃ,
1180 1946 1246 2009 quo

148 2020 279 2075 mortno
310 2014 524 2077 monarchiam
555 2012 658 2077 tenuit
678 2012 862 2075 lastinianus
888 2012 967 2076 filias
1000 2013 1064 2073 eius
1087 2010 1172 2073 anais
1198 2006 1245 2069 10.

149 2096 275 2159 abiecto
295 2106 458 2179 praeterea
479 2098 649 2160 lastiniano
683 2096 848 2181 immravit
870 2096 1018 2158 Leontius
1050 2094 1137 2155 anais
1156 2090 1195 2170 3,
1215 2100 1248 2153 ct
1284 2110 1287 2117 ·

151 2186 228 2263 post
243 2180 410 2242 Leontium
430 2180 589 2258 Tiberius,
612 2178 667 2267 qui
687 2188 720 2243 et
738 2180 935 2263 Apsimarus,
956 2178 1042 2241 sanis
1063 2176 1093 2255 7,
1116 2186 1148 2238 et
1172 2196 1248 2236 rur-

150 2280 200 2327 sus
224 2263 423 2341 lastinianus,
457 2266 511 2351 qai
533 2266 638 2347 palsas
661 2263 776 2343 fuerat,
796 2264 881 2324 annis
905 2284 966 2339 ser,
987 2269 1023 2323 at
1044 2258 1177 2321 inveniri
1200 2259 1248 2317 fa.

151 2346 212 2411 elle
232 2356 278 2409 est
299 2366 334 2408 ex
356 2347 427 2431 ipsis
450 2348 538 2410 editis
550 2348 668 2423 formis,
684 2364 765 2431 quae
785 2345 922 2408 secundo
942 2363 1025 2405 anno
1038 2342 1165 2405 extremi
1188 2342 1249 2400 im.

151 2428 235 2516 perii
255 2430 390 2494 eiusdem
410 2430 657 2514 Rinocopemeni
688 2429 846 2493 lastiniani
876 2430 1032 2511 expositae
1052 2425 1144 2488 fuisse
1167 2422 1248 2485 refe-
1355 2475 1359 2489 ,

151 2525 287 2587 tuntum
313 2537 393 2600 quae
407 2515 524 2578 scilieet
537 2515 569 2576 in
587 2513 681 2577 tertia
702 2533 829 2574 suarum
847 2513 950 2573 forma
967 2511 1014 2572 his
1029 2521 1061 2572 et
1072 2505 1250 2570 huiusmodi

152 2597 343 2661 dictionibus
375 2597 492 2662 habeat
526 2597 751 2678 “conspicimus
781 2595 911 2680 eosqui
941 2617 973 2656 se
993 2593 1112 2655 duahas
1135 2591 1250 2673 nuptiis

152 2681 362 2759 inseruerant,
385 2690 416 2743 et
437 2703 534 2766 usqae
554 2680 593 2742 ad
618 2680 772 2743 decimum
791 2689 937 2740 octavam
952 2677 1097 2739 kalendas
1111 2676 1252 2738 Februa·

151 2765 216 2828 rias
238 2765 427 2848 praeteritae
461 2773 592 2851 quartae
625 2763 813 2841 indictionis,
836 2784 917 2847 qaae
936 2754 996 2823 luit
1016 2783 1097 2822 anno
1123 2785 1139 2820 a
1161 2779 1251 2822 crea-

154 2850 243 2911 tione
262 2847 370 2910 maadi
385 2845 477 2927 6199,
499 2849 675 2912 servierunt
693 2856 825 2932 peccato
847 2854 879 2907 et
901 2865 957 2908 nec
979 2846 1159 2927 resipiscere
1173 2861 1250 2924 pro·

152 2943 340 3076 posuerunt,
354 2931 540 3015 depositioni
554 2933 721 2994 canonicae
731 2927 986 2994 submittendos.”
1008 2930 1113 3012 itaque
1132 2949 1171 3018 ex
1186 2927 1249 3006 ipsa
1259 2925 1347 2998 ptht

180 3015 331 3090 hrouicae
352 3015 556 3079 annotatione
572 3024 715 3098 patenter
731 3022 863 3098 apparet
900 3013 963 3074 aad
979 3012 1101 3074 collecti
1115 3034 1133 3071 a
1147 3017 1252 3070 sancta

155 3097 324 3161 universali
345 3108 427 3162 serta
447 3100 567 3185 synodo
590 3098 742 3182 usquead
765 3097 862 3160 editas
877 3036 994 3158 iormas
1015 3096 1087 3156 anai
1110 3091 1150 3156 27
1171 3099 1251 3166 suat,
1300 3127 1305 3138 ι

154 3183 337 3264 patriarcha
366 3181 678 3266 Constantinopoleos
715 3181 747 3242 in
785 3191 893 3245 sancta
930 3177 1095 3239 universali
1131 3173 1250 3260 synodo

153 3275 239 3330 sexta
254 3267 390 3348 Georgia
406 3275 533 3350 reperto
549 3287 665 3327 annum
683 3272 792 3348 agente
810 3263 1039 3346 patriarchatus
1053 3261 1099 3322 sai
1116 3259 1251 3334 tertiam,

155 3358 189 3410 et
213 3358 286 3431 post
305 3351 457 3432 synodum
479 3349 657 3434 patriarcha
681 3359 826 3411 manente
849 3347 935 3406 anais
958 3346 1023 3406 aliis
1045 3343 1157 3405 tribus.
1181 3349 1254 3426 post

152 3431 241 3494 hune
262 3453 338 3494 vero
362 3435 434 3496 anni
455 3436 543 3496 luere
557 3431 716 3495 Theodori
727 3431 756 3509 3,
778 3439 811 3494 et
829 3429 920 3492 Pauli
939 3425 969 3507 7,
991 3437 1022 3490 et
1045 3427 1184 3489 Callinici
1201 3427 1253 3504 12,

154 3525 188 3578 et
209 3516 285 3602 Cyri
307 3517 379 3577 anni
401 3517 442 3590 Q
473 3518 515 3578 ita
539 3527 575 3578 ut
595 3518 783 3600 colligantur
804 3514 900 3576 etiam
920 3535 957 3576 ex
978 3512 1050 3596 ipsis
1070 3507 1253 3595 patriarchis

155 3599 231 3660 anai
255 3597 305 3676 27,
327 3602 366 3663 ab
398 3599 487 3662 editis
517 3607 620 3661 autern
642 3599 751 3661 formis
781 3619 880 3683 usque
904 3596 944 3658 ad
968 3605 1114 3679 quartum
1139 3612 1255 3653 annum

154 3683 327 3765 Philippici
345 3685 418 3744 anni
445 3683 486 3764 ὃς
516 3683 690 3766 eodemque
710 3681 816 3764 primo
838 3703 921 3742 anno
944 3679 1067 3762 imperii
1087 3672 1254 3756 Philippici

155 3767 277 3830 factum
293 3767 333 3828 sit
356 3769 495 3829 insanum
517 3766 683 3828 concilium
704 3776 817 3829 contra
838 3775 975 3826 sanctam
998 3772 1030 3827 et
1052 3759 1255 3823 universalem

194 4001 338 4074 ‘ldelireJ
357 4003 488 4058 rabiosus
506 4021 555 4074 pro
568 4019 602 4058 eo
622 4002 696 4076 quad
716 4011 776 4055 orat
791 3999 911 4055 taedere·

176 4107 216 4178 '')
231 4105 402 4231 {aditione}
429 4110 538 4182 Gregor.
569 4107 636 4163 Tur.
665 4107 818 4161 latratas
840 4103 919 4177 primi
944 4097 1060 4154 hominis
1082 4077 1254 4152 'conditione

254 4196 313 4233 na.
