3050 4900
618 358 767 424 NOTAB.
1157 356 1226 425 501

142 524 243 608 Hepta
268 523 344 587 olim
360 518 545 589 Ἐνποῖηολιν
573 525 707 590 dietam:
735 526 900 590 secundam
921 526 1139 610 Pentapolim
1164 534 1231 589 ter.

141 612 216 670 tiam
261 609 412 691 exapolim
429 601 607 681 Ἑξάπολονι
621 622 766 694 quartam
779 610 985 693 'l'eoplrarero‚
998 620 1031 673 et
1041 610 1230 672 Balbitenam

140 702 293 753 vocatam.
319 690 513 773 Sphadalam‚
534 693 583 755 vel
605 704 640 755 nt
656 694 705 755 alii
720 694 841 757 codices
854 692 1033 771 Phedalem,
1060 693 1232 755 velPhala.

141 776 211 837 dam
225 777 384 857 regionem
396 776 425 836 ei
436 778 662 840 conterminam
683 779 888 840 existimarem
905 798 977 838 enm
987 780 1154 854 Anastasio,
1175 776 1231 838 nisi

139 858 330 920 succedentis
346 859 419 919 anni
437 868 520 940 gesta
538 862 657 921 Mariae
674 862 785 923 ducem
798 862 962 922 Armeniae
984 862 1056 922 fines
1076 859 1158 921 bello
1180 862 1231 920 in.

139 950 324 1019 cursantem,
339 950 371 1003 et
392 942 501 1005 rebelli
513 944 653 1005 Saborio'
665 946 819 1027 suppetias
836 946 987 1005 ferentem
1007 942 1231 1006 describerent.

223 1046 296 1124 533,
320 1049 369 1109 11.
411 1051 471 1109 τοῦ·
497 1046 645 1133 Knivnra]
680 1046 887 1122 Knienrenoc
916 1060 948 1113 et
977 1045 1162 1112 Κώνοτοντι
1185 1052 1233 1112 ἰο.

141 1132 279 1279 {incessionis
314 1133 448 1215 vulgaris
478 1154 565 1213 usus,
596 1156 688 1219 quem
724 1132 929 1218 Theophanes
958 1134 1116 1241 sequitur,
1147 1134 1233 1215 igne.

224 1322 296 1401 535,
319 1320 348 1387 9.
393 1322 562 1405 κατέλαβον
590 1318 648 1405 τὴν
672 1318 876 1405 Ἆροβνοοόν]
899 1325 1075 1387 Arabissnm
1098 1326 1233 1386 castrum

144 1416 271 1493 angusta
295 1407 459 1485 montium,
482 1409 593 1491 quibus
608 1410 669 1470 iter
689 1410 724 1473 srt
745 1412 776 1470 in
792 1410 969 1471 Armeniam
988 1428 1154 1491 occupare,
1173 1428 1233 1489 pa.

141 1502 212 1554 tet:
237 1491 409 1553 limitaneus
432 1512 573 1573 praeses,
598 1492 662 1553 eius
690 1491 948 1573 νλειρονοοέρχης.
985 1482 1160 1572 ’Apennino
1182 1510 1241 1551 νο·ι

142 1576 267 1657 glanem
290 1575 419 1637 Amniac
456 1572 552 1635 fluvio
576 1576 716 1637 Galatiae
744 1576 878 1637 vicinam
915 1597 1008 1651 reor,
1035 1586 1066 1637 et
1084 1576 1234 1637 Anmtasii

140 1658 354 1741 miscellaequc
380 1657 499 1735 verba,
526 1660 590 1743 ipse
618 1680 691 1721 vem
719 1660 868 1743 pergebat
891 1680 952 1720 non
979 1660 1150 1737 immemor,
1176 1657 1234 1734 τῆς

137 1738 310 1823 ’Λμνησοάς
330 1740 491 1803 adversum
512 1762 633 1803 sensum
657 1743 824 1803 referentia
844 1742 968 1825 penitus
991 1763 1133 1805 aversor.

223 1847 297 1925 536,
313 1848 344 1908 λ.
386 1842 573 1931 θηλοῖδριον]
598 1848 835 1931 cubicularium,
856 1858 888 1911 et
910 1872 944 1912 ea
957 1848 996 1913 de
1018 1872 1107 1912 causa
1129 1850 1234 1915 evira-

142 1942 218 1995 tum.
240 1932 311 1993 vide
333 1930 490 1993 lectionea.

224 2038 307 2103 Ibid.
332 2037 380 2103 19.
434 2036 566 2122 πλησίον
594 2038 650 2123 τῆς
672 2036 805 2117 πόλεως]
830 2040 897 2103 Pet.
928 2040 1027 2103 codex
1057 2042 1236 2105 emendatus

140 2121 271 2203 πλησίον
290 2122 347 2203 τῆς
367 2114 479 2202 πύλης.
1209 2173 1214 2185 ,

225 2228 296 2305 537,
321 2227 371 2291 13.
414 2224 633 2314 ἐδολοφονήθη
654 2226 671 2291 ὅ
693 2228 843 2309 βασιλεὺς
853 2228 1021 2309 Κοίνοτος]
1041 2230 1235 2314 Nicephorns

141 2310 285 2374 editionis
305 2312 420 2394 Regiae
441 2334 510 2395 pag.
536 2314 586 2375 et.
631 2314 870 2387 Κωνοτοντΐνος
889 2314 924 2376 ἐν
943 2316 1070 2402 Σικελίᾳ
1090 2311 1153 2375 sini
1172 2314 1235 2375 soie

140 2394 230 2458 lisine
248 2386 415 2476 ὑπηρετῶν
437 2392 518 2482 δόλῳ
540 2397 711 2480 φονευθεὶς
731 2396 821 2484 ἐντῷ
842 2397 972 2482 λουτρῷ,
989 2389 1050 2480 ἤδη
1070 2394 1104 2460 ἓν
1122 2396 1232 2480 afilia·

140 2480 243 2563 σολείᾳ
265 2474 402 2542 εἰκοστὸν
425 2476 548 2551 ἀνύσας
570 2473 639 2550 ἔτος
665 2474 821 2542 ἐτελεύτα.
875 2483 1083 2542 Constantinus
1103 2484 1135 2541 in
1155 2480 1233 2540 Sici·

140 2563 185 2622 tia
206 2583 226 2622 α
245 2565 344 2624 servis
362 2561 425 2622 suis
446 2563 516 2624 dolo
540 2564 574 2623 in
595 2563 710 2625 balneis
729 2565 907 2645 intersecans,
928 2583 1009 2624 anno
1030 2564 1152 2648 expleto
1172 2564 1232 2623 im·

136 2647 218 2727 perii
239 2648 285 2707 sui
303 2647 441 2706 vicesimo
452 2647 578 2708 sentimo
597 2648 732 2709 moritur.

224 2765 296 2850 538,
319 2765 349 2830 6.
395 2765 561 2845 Θεόδωρος
589 2763 608 2829 ὅ
637 2770 821 2852 κολωνείας]
842 2770 1033 2850 Anastasius,
1054 2767 1233 2831 veodam

136 2849 282 2913 'coloniae
324 2851 468 2914 miscella.
496 2853 667 2914 Tlseodone
682 2857 832 2938 patr-icius
859 2854 1006 2916 coloniae.
1050 2874 1125 2914 num
1143 2851 1233 2914 colo·

142 2935 212 2998 niae
233 2935 357 3018 praesul
391 2935 579 2998 auctoritate
609 2931 747 3018 ¹plurima
779 2937 862 3000 inter
883 2936 998 2998 aulicos
1014 2935 1139 3000 ralcnsl
1180 2935 1231 2997 in-

143 3027 276 3080 certum.
316 3017 388 3080 vide
411 3019 482 3079 anni
504 3021 657 3102 sequentis
681 3028 811 3082 tertam.

223 3125 312 3192 ltid.
327 3126 375 3190 10.
417 3130 551 3212 ratleico
573 3126 770 3208 ομήχοοθαι]
791 3130 874 3192 lotos
895 3131 926 3190 in
947 3128 1071 3209 balneo,
1092 3149 1231 3211 unguen·

140 3219 176 3273 to
197 3221 304 3292 postea
328 3218 440 3272 unctos
464 3210 557 3273 docet
577 3213 712 3274 Thomas
733 3215 934 3295 D-psterus
949 3213 1045 3295 antiq.
1067 3212 1157 3272 Rom.
1177 3210 1230 3270 lib.

143 3293 171 3354 1.
194 3303 354 3376 unguento
389 3293 509 3374 relicto,
537 3317 647 3380 sapone
669 3295 790 3358 Gallico
810 3295 865 3372 (sic
885 3297 967 3358 enim
988 3295 1161 3357 Anastasius
1182 3293 1230 3354 in·

4 3379 10 3390 '
141 3380 346 3458 terpretatur)
370 3379 571 3440 Constantem
593 3377 754 3442 delinitum
774 3379 899 3441 exhibet
919 3375 1134 3460 Theophanes.
1174 3397 1230 3437 re-

140 3483 214 3604 ¹ram
236 3461 311 3588 7quis
332 3459 466 3522 Gallicus
500 3459 551 3524 ille
575 3482 650 3546 sepo
679 3463 736 3525 nisi
754 3463 922 3540 odoratus,
949 3460 1132 3525 et-moeeho
1154 3479 1230 3542 per-

156 3565 225 3607 usus
238 3591 245 3604 .

224 3651 305 3717 raa
316 3649 363 3713 ιο.
407 3633 780 3730 atrectarl'snastasius,
796 3651 937 3714 Mearm.
953 3638 1230 3730 maceriam.

139 3737 215 3798 tium
236 3731 382 3798 reddunt.

225 3837 298 3916 540,
325 3843 351 3904 ¹.
414 3839 584 3920 ἀντίπορον
611 3841 645 3905 ἕν
666 3841 795 3926 Sancte]
818 3843 906 3922 loeo,
929 3843 982 3929 qui
1005 3865 1087 3908 nnnc
1103 3841 1231 3924 Galate,

143 3937 227 3991 trans
249 3937 380 4009 portum
402 3926 440 3988 ad
462 3926 546 3988 urbis
569 3925 731 3988 Borcalem
755 3936 888 4008 partem.

225 4035 306 4098 thid.
331 4033 379 4096 19.
421 4026 735 4116 νανοζοπορφύρονς]
757 4035 814 4096 alia
835 4037 943 4098 lectior
964 4030 1230 4114 κοκκοροποοφοὶ-

143 4137 229 4196 ρους.
271 4139 346 4180 vera
371 4116 502 4180 Palatini
525 4125 557 4180 et
577 4117 706 4179 Barher.
739 4117 882 4180 codicum
902 4112 1228 4200 κοκκοβοονρφόροος.

143 4201 221 4264 adeo
245 4209 278 4261 ut
297 4201 461 4264 onerariae
492 4223 583 4264 naves
604 4201 705 4284 ignem
733 4203 887 4264 Graecum
912 4201 1082 4263 maioribus
1110 4200 1228 4262 instru-
