3050 4900
300 367 375 446 354
667 383 712 448 nt
737 379 1018 448 mantuan

300 550 424 649 exbibet
443 545 660 646 euchologium
680 543 766 651 inter
781 552 1065 698 '‘lbeoplpacipmm
1088 551 1210 652 olt'rcia,¹⁸
1222 571 1286 656 rpus
1307 551 1390 614 labri

297 654 363 696 sive
386 643 516 695 crateras
538 655 619 716 aqua
648 635 846 700 benedicatur
888 658 921 700 ια
949 655 1049 715 neoto,
1070 635 1168 718 νάειν,
1188 657 1208 718 η
1231 651 1393 718 punicas·

298 717 502 780 masculinum
525 716 569 778 ibi
591 719 690 780 refert
711 740 816 802 genus.

341 819 345 828 '
384 823 437 902 93,
469 830 516 891 lt.
555 821 794 904 Ἀλεξανδρείας
822 825 960 910 Πέτρος]
983 821 1120 902 carnosi,
1143 823 1207 888 dies
1222 823 1284 888 288
1305 825 1394 888 obti-

298 916 352 970 net
373 908 456 991 apud
473 908 684 972 Abrabamum
696 909 960 1009 Enchellensem.·
981 909 1063 973 idem
1085 908 1220 971 canonio
1242 917 1391 1006 sequ-ente

297 1012 402 1138 ἕξεί
416 990 752 1137 ἷῖοὲιῖηῗιλίἣοοελοεε
778 1001 910 1078 accipit,
932 992 1132 1078 eiusdemque
1152 1011 1248 1055 annus
1270 1013 1393 1078 primus

377 1183 458 1250 ibid.
469 1183 519 1244 15.
562 1177 810 1263 λνοοβοολνὶννοθ
833 1177 939 1244 circii
951 1181 1156 1267 μελετῶντες]
1179 1183 1272 1246 etiam
1293 1183 1394 1247 verba

295 1266 492 1330 Marcellinus
507 1267 671 1350 suggesisse
694 1265 868 1350 opinandus
891 1265 975 1328 libro
998 1265 1037 1328 99
1068 1267 1206 1329 ineunte.
1248 1267 1301 1352 qni
1320 1267 1392 1330 den

294 1353 341 1415 ibi
360 1363 496 1428 moratur
512 1371 628 1412 amarer
647 1351 773 1412 institam
788 1364 992 1426 extremorum,
1014 1349 1204 1412 Antiochiam
1225 1352 1395 1436 imperator·

295 1437 445 1498 Romame
461 1433 615 1515 ingressus,
638 1434 782 1494 intestinis
804 1455 882 1518 pene
898 1436 1034 1520 perierat
1041 1433 1218 1512 succiditur,
1239 1448 1292 1496 etc.
1315 1456 1392 1518 quas

294 1519 440 1582 Socrates
463 1518 516 1579 lib.
533 1509 556 1579 ‘l
575 1537 644 1600 cap.
670 1522 708 1584 15
728 1527 760 1579 et
783 1517 973 1578 sozomenus
995 1516 1050 1584 lib.
1073 1513 1093 1578 tt
1128 1538 1195 1599 cap.
1219 1513 1271 1594 35,
1295 1537 1391 1580 enar.

295 1611 380 1664 rant:
402 1602 545 1662 Socrates
577 1621 645 1684 cap.
661 1601 700 1667 16
721 1599 877 1662 Athanasii
901 1611 1037 1662 mortem
1056 1599 1270 1684 prosequitur,
1295 1622 1391 1683 quam

292 1685 501 1750 Valentiniani
524 1704 605 1744 auno
628 1682 749 1745 decimo
774 1683 902 1746 ascribit
918 1685 1136 1782 Hieronymus,
1160 1692 1273 1745 auctor
1294 1704 1389 1760 non03

293 1778 428 1854 uterque
447 1779 548 1829 tamen
565 1767 748 1849 penultimo,
773 1787 845 1828 cum
866 1767 918 1829 bic
940 1767 1089 1852 principis
1113 1765 1192 1828 illius
1209 1787 1305 1829 annos
1328 1788 1392 1827 un.

292 1852 394 1916 dceian
419 1861 541 1914 tantum
561 1857 722 1913 numeret:
751 1850 920 1913 sedetiam
943 1849 1085 1912 nonnulli
1106 1850 1190 1935 apud
1214 1850 1392 1913 Pontacum

293 1935 416 2000 codices
436 1944 608 2018 utrumqne
627 1933 797 1997 convenire
814 1932 1040 1998 demonstrant.

376 2036 429 2114 94,
439 2038 469 2103 7.
511 2031 719 2124 ὅβοσιλειος]
740 2041 786 2105 bis
808 2039 934 2128 quidem
955 2041 1043 2104 annis
1063 2041 1286 2124 episcopatum,
1296 2062 1391 2124 quem

292 2147 356 2188 non
402 2126 481 2186 rimo
498 2145 550 2187 aas
576 2125 731 2205 icebatur,
752 2127 872 2193 tenuits
893 2126 933 2190 de
953 2147 1018 2211 quo
1031 2125 1183 2188 Baronius
1198 2146 1278 2186 anno
1295 2124 1391 2188 Cbri.

292 2210 333 2272 sti
398 2205 417 2270 9
439 2231 526 2270 num.
548 2145 588 2273 il
610 2219 644 2272 et
663 2231 752 2296 seqq.

373 2315 455 2378 tom.
497 2313 623 2396 Πέτρος
642 2307 833 2400 inperciatur
855 2309 886 2380 ἔτ
931 2314 971 2399 ι’]
995 2337 1045 2380 εει
1068 2315 1217 2386 duntaxat
1240 2335 1390 2378 numera·

290 2399 339 2465 vit
358 2399 527 2463 maenium
551 2400 704 2484 superius.
743 2339 909 2485 septem?
938 2401 1045 2465 lubens
1075 2401 1192 2486 ubique
1214 2398 1389 2483 interpola·

288 2506 375 2549 rem:
396 2507 467 2547 nam
489 2482 727 2549 decurrentibus
748 2484 856 2563 annis,
876 2494 908 2549 et
923 2484 1158 2549 succedentibus
1174 2484 1312 2547 canoniis
1333 2504 1390 2545 an·
1511 2519 1515 2523 ·

289 2590 407 2631 norum
429 2576 547 2649 septem
567 2571 703 2651 spatium
725 2570 828 2632 lector
847 2578 983 2643 attentus
1005 2568 1192 2631 observabit.
1214 2576 1289 2630 nota
1309 2586 1389 2629 vero

289 2652 438 2733 superior
460 2652 555 2713 tertia
576 2674 672 2715 annos
694 2650 716 2713 6
738 2662 771 2717 et
790 2652 854 2715 dies
875 2652 936 2717 288
967 2652 1100 2734 eundem
1129 2650 1233 2715 sedem
1254 2648 1390 2715 affirmat

290 2735 435 2797 tenuisse.
477 2734 683 2797 consulendae
702 2735 755 2797 bic
777 2736 870 2799 etiam
892 2736 996 2798 variae
1017 2736 1178 2799 lectiones.

377 2840 460 2902 tom
485 2846 533 2907 te
576 2832 825 2927 ὅἎμβροόσιος]
849 2842 1004 2905 Ambrosii
1030 2841 1190 2907 electionis
1211 2862 1308 2906 annus
1321 2840 1388 2904 Va·

290 2922 454 2985 lentiniani
483 2924 663 2987 undecimas
684 2926 898 3011 Hieronymo,
921 2928 1044 2989 auctori
1072 2926 1227 3005 decimus,
1260 2925 1390 3011 utrique

291 3014 407 3085 tamen,
429 3007 573 3068 cambio
603 3008 749 3073 undecim
783 3019 904 3073 tantum
924 3010 989 3074 eius
1009 3010 1098 3094 regni
1118 3020 1251 3089 censeat,
1274 3008 1389 3094 penul-

292 3090 396 3158 timus.
438 3088 588 3153 videndus
610 3092 642 3155 in
665 3094 747 3155 notis
767 3094 936 3157 Ponticus.

376 3196 428 3272 95,
447 3203 496 3266 13.
538 3196 687 3283 ἐποίησαν
711 3192 847 3265 σύνοδον
874 3198 909 3264 ἐν
938 3200 982 3287 τῷ
999 3196 1173 3285 Ἰλλυρικῷ]
1210 3198 1250 3263 ad
1272 3220 1390 3262 annum

292 3290 489 3366 praesentem
503 3281 654 3367 illyricam
669 3284 822 3369 synodum
837 3284 907 3347 ideo
922 3295 1052 3347 revocat
1060 3284 1277 3367 Theophanes,
1299 3282 1389 3367 quod

292 3372 366 3450 post
386 3366 543 3427 Ambrosii
564 3367 759 3440 electionem,
785 3369 881 3431 modo
897 3368 1090 3444 recensitam,
1114 3368 1224 3451 legerit
1234 3365 1388 3429 Theodo-

294 3457 397 3512 retum
418 3449 473 3515 tib.
495 3446 518 3510 4
538 3470 607 3534 cap.
628 3448 660 3524 6,
684 3450 723 3514 de
743 3452 852 3513 eadem
881 3452 1000 3537 synodo
1024 3459 1241 3514 conterentem
1262 3451 1390 3512 histori-

294 3555 356 3595 am.
376 3553 457 3593 anno
475 3531 503 3593 d.
525 3531 597 3613 365,
619 3555 685 3597 eam
707 3534 845 3597 habitam
864 3544 956 3619 putat
978 3536 1130 3598 baronius
1151 3556 1182 3595 u.
1209 3539 1387 3615 l'ietseqq.

293 3624 328 3679 at
349 3638 421 3678 cum
451 3616 474 3678 is
502 3638 599 3677 annus
632 3620 672 3679 sit
696 3618 780 3700 apud
810 3640 880 3680 eum
900 3619 1108 3683 Valentiniani
1139 3617 1299 3697 secundus,
1332 3615 1389 3677 illo

293 3720 447 3785 nusquam
469 3700 621 3763 celebrari
643 3702 781 3785 potuisse
800 3722 929 3787 sequens
951 3714 1026 3767 nota
1046 3702 1252 3765 demonstrat.
1287 3718 1291 3725 '

375 3824 458 3885 ibid.
482 3829 530 3891 17.
572 3817 719 3885 κοινωνὸν
739 3824 795 3887 καί
809 3819 969 3891 Ου’ἆλενεο
990 3820 1047 3889 τὸν
1062 3818 1214 3907 οἷδελφόν,
1235 3824 1291 3887 καί
1300 3822 1332 3887 Γ
1329 3844 1389 3902 ρα-

293 3901 413 3990 ειονόν]
443 3906 581 3971 edictum
599 3908 811 3973 Valentiniani
831 3911 982 3976 Gratiano
1011 3912 1071 3971 iam
1094 3908 1218 3991 imperii
1239 3914 1388 3969 consorte

295 3990 455 4055 declarato
477 3990 595 4053 editum
615 4001 747 4055 constat.
788 3992 864 4055 illud
889 3992 970 4055 idern
992 3992 1030 4055 ad
1048 3992 1163 4078 lllyrici
1187 3990 1313 4053 concilii
1332 3988 1390 4050 lit·

295 4082 379 4135 teras
398 4071 558 4158 synodales
588 4078 744 4139 accesisse
770 4076 887 4140 indicat
915 4076 1143 4155 Theodoram,
1172 4083 1205 4137 et
1234 4072 1389 4137 consentit

295 4156 448 4221 Batonius
476 4157 550 4219 locis
579 4179 681 4242 nuper
710 4160 825 4223 allatis:
856 4182 891 4225 ex
921 4182 984 4260 qno
1016 4172 1083 4225 tum
1112 4158 1294 4236 concilium,
1317 4165 1388 4218 tum

297 4238 436 4307 edictum
467 4251 676 4307 memoratum
704 4244 827 4310 nonnisi
853 4246 1003 4308 Gratiano
1025 4244 1087 4307 iam
1107 4244 1139 4305 in
1163 4244 1387 4327 imperatorem
