3050 4900
622 301 772 367 NOTAE.
1154 297 1228 370 393

228 473 337 546 183,1.
357 462 490 551 ἕβδομον
509 465 578 542 ἔτος
604 459 733 550 dyona]
757 478 862 553 potest
881 470 959 533 baec
979 470 1129 536 sententia
1137 445 1231 534 ¹Marii

143 552 407 702 fflffiafflciri,
427 577 509 638 quae
529 553 692 618 adversum
718 555 814 620 habet
838 555 1008 637 Euagrium
1038 557 1109 618 loco
1133 575 1234 637 nuper

228 746 310 810 tttd.
328 745 359 806 5.
414 740 663 815 σσνοσελθὸντος
705 739 807 806 crissi
844 741 1022 824 Ὀλυβρίσο]
1055 745 1234 827 episcopum

143 829 279 892 Salonas
299 829 330 889 iu
351 827 506 890 Dalmatia
525 847 596 889 eum
615 827 704 908 prius
718 836 861 889 evectum
881 829 993 890 scribit
1012 829 1177 891 lornandes
1197 828 1235 891 de

145 935 213 998 reg.
236 933 273 974 ac
296 921 392 995 temp.
422 911 622 987 successione,
642 920 675 972 et
695 908 734 973 de
755 911 847 973 rebus
870 913 985 973 Geticis
1003 911 1056 973 lib.

227 1019 308 1081 thid.
330 1019 361 1086 6.
385 1011 521 1080 1τούτων
542 1016 577 1080 δὲ
595 1012 846 1099 τελευτησάντων
869 1017 1060 1098 Μσιωρίνος
1088 1014 1149 1100 τήν
1177 1021 1230 1099 βο·

143 1099 268 1164 caterba
289 1099 464 1178 διεδέξατο]
488 1109 523 1162 ut
538 1101 672 1184 Otybrio
694 1102 905 1183 posteriorem
914 1103 1103 1164 Maiorinum
1127 1111 1238 1164 auctor

146 1195 297 1264 recenset,
315 1185 492 1266 Procopius
512 1205 635 1248 canuam
656 1183 756 1264 dedit,
779 1193 811 1248 et
831 1185 861 1245 in
878 1207 1022 1248 errorem
1045 1207 1151 1249 errans
1174 1187 1238 1268 ipse

139 1269 279 1332 induxit.
320 1267 472 1332 Artbemii
504 1269 643 1351 quippo,
666 1289 759 1350 quem
783 1276 876 1330 vocat
897 1269 1082 1347 Artemium',
1103 1269 1237 1354 Olybrii,

146 1352 321 1435 Leonisque
346 1351 440 1434 ipsius
463 1350 601 1433 imperiis
629 1361 662 1413 et
683 1361 788 1414 morte
816 1362 980 1415 numerata
1006 1353 1122 1416 subdit.
1165 1353 1239 1416 “sed

145 1435 294 1498 Maiorini
315 1434 359 1496 fas
382 1434 555 1496 meminisse
577 1433 684 1511 fuerit,
705 1434 761 1518 qui
780 1444 870 1499 autea
889 1436 977 1517 prins
998 1437 1116 1499 Romae
1139 1436 1239 1518 impe·

93 1516 97 1524 ’
148 1519 240 1585 ravit.
282 1517 400 1582 cunctis
421 1517 514 1592 enim,
537 1516 591 1602 qui
610 1515 776 1580 Occidenti
796 1518 971 1600 praefuere,
992 1519 1042 1580 vir
1063 1520 1241 1582 anteferen-
1315 1527 1320 1538 '

143 1598 217 1664 dus.
270 1623 341 1662 nam
373 1611 405 1662 et
440 1609 551 1664 contm
582 1599 730 1663 Vandiios
759 1601 924 1664 fortissime
954 1603 1071 1664 bellum
1101 1623 1241 1677 sumens,

149 1683 283 1747 maximo
302 1683 434 1747 collecto
449 1685 587 1746 exercitu
609 1685 641 1745 in
653 1683 818 1768 Liguribus
839 1685 988 1764 constitit,
1013 1688 1077 1770 ipse
1100 1685 1161 1749 dux
1181 1685 1242 1748 im-

150 1769 242 1852 piger
264 1768 384 1830 nullum
414 1788 517 1851 neque
546 1767 688 1829 laborem
715 1767 891 1850 recusavit,
914 1791 1015 1852 neque
1047 1769 1142 1831 ullam
1162 1771 1244 1832 bene

154 1850 309 1935 gerendae
330 1851 378 1913 rei
389 1850 594 1912 'occasionem
609 1851 828 1933 praetermisit,
842 1853 921 1913 etc.’'
944 1860 1064 1935 etpost
1084 1852 1242 1914 nonnulla.

149 1934 343 1997 “Maiorinus
364 1935 462 2016 igitur
485 1933 646 2012 omnibus,
674 1953 755 2018 quae
776 1935 917 2012 volebat,
938 1936 1121 2018 exploratis,
1144 1938 1174 1997 in
1191 1935 1243 1998 Li·

153 2019 277 2102 guriam
306 2016 345 2079 ad
373 2017 543 2080 exercitum
576 2019 726 2080 revestita
751 2023 851 2102 'quem
879 2019 1022 2080 terrestri
1050 2020 1182 2097 itincre,
1204 2019 1243 2080 ad

148 2100 295 2164 Herculis
307 2100 466 2163 columnas
487 2101 610 2179 ducens,
631 2099 705 2176 inde
716 2121 777 2184 per
795 2103 948 2184 angustias
964 2098 1039 2164 freti
1059 2095 1193 2164 transire
1214 2105 1245 2163 in

150 2187 372 2263 Africamcum
383 2185 535 2268 hosteque
546 2183 697 2268 congredi
710 2184 841 2246 omnino
859 2186 1036 2265 cogitabat:
1050 2195 1137 2248 tanta
1151 2185 1244 2268 ipsius

150 2289 239 2350 spem
251 2270 403 2330 exercitus
423 2267 639 2341 admiratione,
660 2289 697 2328 ac
710 2268 873 2330 voluntate
894 2269 935 2330 ob
949 2269 1013 2330 eius
1028 2271 1189 2346 virtutem,
1211 2277 1246 2328 ut

152 2352 187 2414 in
206 2351 478 2414 venerintcertam
500 2372 606 2413 omnes
624 2351 764 2413 breviter
785 2352 888 2412 Africa
904 2373 963 2433 per
984 2373 1054 2414 eum
1071 2355 1242 2434 potituros.

150 2457 263 2499 verum
285 2457 325 2499 eo
353 2457 390 2497 ex
422 2435 537 2499 morbo
565 2435 660 2519 paulo
687 2443 759 2517 post
779 2435 966 2512 decedente,
988 2435 1026 2496 ab
1046 2436 1171 2516 incepto
1194 2431 1247 2495 de-

151 2521 282 2595 stitere,
302 2522 382 2580 etc.''
407 2540 500 2601 quem
529 2528 632 2580 tamen
655 2517 853 2581 aRecimere
878 2518 1014 2579 occisum
1037 2516 1246 2581 concordibus

53 2668 63 2681 „
151 2604 276 2687 scriptis
300 2602 441 2665 historici
462 2601 576 2686 reliqui
597 2602 799 2685 profitentur.

235 2718 320 2779 Ibid.
342 2723 391 2785 12
433 2714 451 2778 d
472 2718 508 2780 db
532 2712 704 2799 στρατηγὸς
726 2712 840 2795 διαβὰς
858 2712 996 2795 Πάτμοτ
1017 2711 1183 2803 ἀπεσώθη]
1203 2716 1247 2778 itn

152 2799 277 2865 codices
297 2802 424 2863 cuncti:
448 2802 560 2885 quibus
580 2803 654 2863 licet
672 2802 808 2863 adversis
830 2801 898 2882 lego
920 2794 1067 2879 πορθμὸν
1089 2801 1155 2863 vice
1173 2798 1248 2863 Ποί-

152 2903 244 2963 τμον,
269 2894 306 2946 ut
322 2886 362 2946 sit
379 2906 494 2961 sensus,
516 2884 626 2947 ducem
643 2884 793 2947 exercitus
814 2886 870 2947 sub
893 2884 1078 2961 Maioriano,
1101 2904 1138 2947 eo
1160 2904 1248 2947 mor.

154 2980 230 3046 tuo,
250 2970 370 3030 fretum
403 2969 592 3030 Gaditanum
621 2968 793 3045 traiecisse,
815 2978 848 3031 et
867 2967 1035 3029 exercitum
1059 2968 1090 3029 in
1113 2968 1248 3030 Africani

155 3052 370 3113 transmissum
390 3051 420 3112 iu
444 3052 624 3134 Hispaniam
643 3072 813 3114 revocasse.
863 3050 931 3133 quis
955 3052 1036 3112 enim
1059 3052 1132 3113 talias
1157 3050 1249 3113 huius

154 3136 219 3198 loci
242 3156 368 3212 sensus,
392 3134 449 3197 nisi
470 3134 551 3196 forte
572 3133 611 3196 de
635 3134 762 3215 Liguria
786 3133 919 3217 loquuto
943 3156 1006 3195 non
1027 3127 1174 3215 Πάτμοσ,
1194 3134 1249 3197 sed

154 3210 288 3292 Ho'dom
310 3218 433 3280 Padum
454 3217 583 3279 fluvium
597 3218 734 3280 scribere
753 3215 952 3302 propositum
975 3218 1073 3279 fuerit
1093 3217 1226 3279 auctori.

237 3332 321 3399 thid.
336 3326 385 3395 14.
427 3332 462 3395 ἐν
474 3326 598 3404 τούτοις
619 3322 676 3395 oda
688 3329 943 3414 ἀσχολουμένων]
962 3332 1122 3394 Eudociae
1143 3331 1248 3394 iunio.

155 3415 366 3565 ppzupspptem
394 3417 493 3501 tangit
513 3426 625 3480 auctor
648 3418 730 3479 vitae
750 3416 910 3501 Euthymii
936 3412 1021 3499 apud
1048 3416 1175 3479 Surium
1208 3416 1247 3477 90

245 3616 314 3697 184,
334 3616 362 3679 5.
403 3615 502 3680 Λέων
532 3610 550 3678 o‘
571 3610 732 3696 βασιλεύς]
753 3618 891 3679 Leonem
912 3614 1069 3677 iuniorem
1090 3638 1107 3677 a
1127 3614 1250 3677 seniore

157 3698 314 3763 decimum
333 3710 452 3765 sertum
473 3701 597 3783 imperii
618 3722 733 3761 aunum
745 3707 938 3777 numerante,
963 3709 1148 3761 coronatum
1169 3698 1249 3759 scri.

156 3782 206 3846 bit
225 3785 393 3849 lornandes
414 3784 453 3847 de
474 3794 570 3870 temp.
590 3804 628 3846 ao
648 3804 733 3867 regu.
755 3782 958 3863 successione,
981 3783 1125 3847 ultimum
1146 3790 1249 3845 tamen

158 3868 223 3931 eius
245 3871 328 3931 vitae
347 3869 508 3932 existimat.

240 3984 331 4049 leid.
344 3983 373 4047 7.
415 3978 496 4061 μετοὶ
518 3982 554 4047 di
577 3977 630 4043 τὸν
647 3979 815 4063 Ὀλοβρίοσ
835 3976 988 4063 θάνατον]
1013 3980 1144 4042 errantis
1165 3981 1250 4042 Pro·
1298 3944 1309 3955 ⁶

159 4065 245 4147 copii
265 4067 392 4149 vestigia
423 4088 523 4149 nuper
547 4063 759 4127 animadversa
780 4076 925 4149 sequutus
940 4076 1070 4141 auctor,
1094 4062 1153 4126 alia
1174 4062 1250 4128 haec

160 4170 197 4214 ex
216 4148 347 4236 Euagrii
367 4150 421 4215 lib.
443 4151 462 4214 2
482 4171 551 4234 cup.
574 4146 613 4211 16
635 4148 823 4231 deprompta
847 4148 981 4215 subiicit.
