<?xml version="1.0" encoding="UTF-8"?>
<!DOCTYPE html PUBLIC "-//W3C//DTD XHTML 1.0 Transitional//EN"
    "http://www.w3.org/TR/xhtml1/DTD/xhtml1-transitional.dtd">
<html xmlns="http://www.w3.org/1999/xhtml" xml:lang="en" lang="en">
 <head>
  <title>
</title>
<meta http-equiv="Content-Type" content="text/html;charset=utf-8" />
  <meta name='ocr-system' content='tesseract 3.04.00' />
  <meta name='ocr-capabilities' content='ocr_page ocr_carea ocr_par ocr_line ocrx_word'/>
</head>
<body>
  <div class='ocr_page' id='page_1' title='image "./corpusscriptoru34theogoog_0060.png"; bbox 0 0 3050 4900; ppageno 0'>
   <div class='ocr_carea' id='block_1_1' title="bbox 479 285 1193 366">
    <p class='ocr_par' dir='ltr' id='par_1_1' title="bbox 479 285 1193 366">
     <span class='ocr_line' id='line_1_1' title="bbox 479 285 1193 366; baseline 0.01 -4"><span class='ocrx_word' id='word_1_1' title='bbox 479 299 530 362; x_wconf 82' lang='lat' dir='ltr'><strong>m</strong></span> <span class='ocrx_word' id='word_1_2' title='bbox 566 299 826 366; x_wconf 76' lang='lat' dir='ltr'><strong>numeneus.</strong></span> <span class='ocrx_word' id='word_1_3' title='bbox 1143 285 1193 361; x_wconf 76' lang='lat' dir='ltr'><strong>ts</strong></span> 
     </span>
    </p>
   </div>
   <div class='ocr_carea' id='block_1_2' title="bbox 131 465 1195 635">
    <p class='ocr_par' dir='ltr' id='par_1_2' title="bbox 131 465 1195 635">
     <span class='ocr_line' id='line_1_2' title="bbox 133 465 1195 612; baseline 0.001 -81"><span class='ocrx_word' id='word_1_4' title='bbox 133 465 457 612; x_wconf 41' lang='lat' dir='ltr'><strong>Danubipsm&#39;ttmneions</strong></span> <span class='ocrx_word' id='word_1_5' title='bbox 481 475 608 552; x_wconf 89' lang='lat' dir='ltr'><strong>pontem</strong></span> <span class='ocrx_word' id='word_1_6' title='bbox 630 469 661 532; x_wconf 89' lang='lat' dir='ltr'><strong>in</strong></span> <span class='ocrx_word' id='word_1_7' title='bbox 682 489 753 533; x_wconf 89' lang='lat' dir='ltr'><strong>eum</strong></span> <span class='ocrx_word' id='word_1_8' title='bbox 774 467 932 552; x_wconf 81' lang='lat' dir='ltr'><strong>lapideum</strong></span> <span class='ocrx_word' id='word_1_9' title='bbox 944 467 1029 550; x_wconf 78' lang='lat' dir='ltr'><strong>tecit,</strong></span> <span class='ocrx_word' id='word_1_10' title='bbox 1049 467 1195 554; x_wconf 78' lang='lat' dir='ltr'><strong>Scythes·</strong></span> 
     </span>
     <span class='ocr_line' id='line_1_3' title="bbox 131 573 294 635; baseline -0.006 -22"><span class='ocrx_word' id='word_1_11' title='bbox 131 575 229 635; x_wconf 86' lang='lat' dir='ltr'><strong>quesn</strong></span> <span class='ocrx_word' id='word_1_12' title='bbox 249 573 294 634; x_wconf 80' lang='lat' dir='ltr'><strong>egr</strong></span> 
     </span>
    </p>
   </div>
   <div class='ocr_carea' id='block_1_3' title="bbox 128 656 1274 1302">
    <p class='ocr_par' dir='ltr' id='par_1_3' title="bbox 128 656 1274 1302">
     <span class='ocr_line' id='line_1_4' title="bbox 196 656 1274 748; baseline 0.003 -28"><span class='ocrx_word' id='word_1_13' title='bbox 196 659 293 720; x_wconf 87' lang='lat' dir='ltr'><strong>Porro</strong></span> <span class='ocrx_word' id='word_1_14' title='bbox 313 656 460 741; x_wconf 80' lang='lat' dir='ltr'><strong>vigesimo</strong></span> <span class='ocrx_word' id='word_1_15' title='bbox 474 659 586 742; x_wconf 86' lang='lat' dir='ltr'><strong>quinto</strong></span> <span class='ocrx_word' id='word_1_16' title='bbox 597 658 719 740; x_wconf 84' lang='lat' dir='ltr'><strong>imperii</strong></span> <span class='ocrx_word' id='word_1_17' title='bbox 739 659 786 720; x_wconf 91' lang='lat' dir='ltr'><strong>sui</strong></span> <span class='ocrx_word' id='word_1_18' title='bbox 799 679 882 722; x_wconf 89' lang='lat' dir='ltr'><strong>anno</strong></span> <span class='ocrx_word' id='word_1_19' title='bbox 893 659 1274 748; x_wconf 45' lang='lat' dir='ltr'><strong>Constantinopolimpts</strong></span> 
     </span>
     <span class='ocr_line' id='line_1_5' title="bbox 129 741 1199 825; baseline 0.006 -25"><span class='ocrx_word' id='word_1_20' title='bbox 129 761 224 802; x_wconf 84' lang='lat' dir='ltr'><strong>norem</strong></span> <span class='ocrx_word' id='word_1_21' title='bbox 235 745 364 805; x_wconf 82' lang='lat' dir='ltr'><strong>Romam</strong></span> <span class='ocrx_word' id='word_1_22' title='bbox 379 743 554 824; x_wconf 85' lang='lat' dir='ltr'><strong>nuncupari</strong></span> <span class='ocrx_word' id='word_1_23' title='bbox 566 741 714 820; x_wconf 82' lang='lat' dir='ltr'><strong>decrerit,</strong></span> <span class='ocrx_word' id='word_1_24' title='bbox 729 745 839 806; x_wconf 81' lang='lat' dir='ltr'><strong>Marco</strong></span> <span class='ocrx_word' id='word_1_25' title='bbox 851 745 970 806; x_wconf 82' lang='lat' dir='ltr'><strong>Romae</strong></span> <span class='ocrx_word' id='word_1_26' title='bbox 988 745 1199 825; x_wconf 82' lang='lat' dir='ltr'><strong>praesulatum</strong></span> 
     </span>
     <span class='ocr_line' id='line_1_6' title="bbox 129 825 1198 910; baseline 0.001 -25"><span class='ocrx_word' id='word_1_27' title='bbox 129 835 245 908; x_wconf 80' lang='lat' dir='ltr'><strong>gerente.</strong></span> <span class='ocrx_word' id='word_1_28' title='bbox 295 826 514 886; x_wconf 76' lang='lat' dir='ltr'><strong>Constantinus</strong></span> <span class='ocrx_word' id='word_1_29' title='bbox 538 833 702 908; x_wconf 88' lang='lat' dir='ltr'><strong>praeterea</strong></span> <span class='ocrx_word' id='word_1_30' title='bbox 724 825 904 908; x_wconf 83' lang='lat' dir='ltr'><strong>vigesimum</strong></span> <span class='ocrx_word' id='word_1_31' title='bbox 933 834 1053 888; x_wconf 83' lang='lat' dir='ltr'><strong>sextum</strong></span> <span class='ocrx_word' id='word_1_32' title='bbox 1073 828 1198 910; x_wconf 90' lang='lat' dir='ltr'><strong>imperii</strong></span> 
     </span>
     <span class='ocr_line' id='line_1_7' title="bbox 128 908 1199 991; baseline 0.001 -21"><span class='ocrx_word' id='word_1_33' title='bbox 128 908 165 970; x_wconf 89' lang='lat' dir='ltr'><strong>eui</strong></span> <span class='ocrx_word' id='word_1_34' title='bbox 177 927 276 990; x_wconf 79' lang='lat' dir='ltr'><strong>gerens</strong></span> <span class='ocrx_word' id='word_1_35' title='bbox 297 929 422 984; x_wconf 89' lang='lat' dir='ltr'><strong>annum,</strong></span> <span class='ocrx_word' id='word_1_36' title='bbox 442 910 579 972; x_wconf 83' lang='lat' dir='ltr'><strong>extendit</strong></span> <span class='ocrx_word' id='word_1_37' title='bbox 592 909 842 991; x_wconf 80' lang='lat' dir='ltr'><strong>persecutionem</strong></span> <span class='ocrx_word' id='word_1_38' title='bbox 853 932 940 972; x_wconf 90' lang='lat' dir='ltr'><strong>suam</strong></span> <span class='ocrx_word' id='word_1_39' title='bbox 961 909 992 970; x_wconf 93' lang='lat' dir='ltr'><strong>in</strong></span> <span class='ocrx_word' id='word_1_40' title='bbox 1008 910 1199 973; x_wconf 82' lang='lat' dir='ltr'><strong>destructio·</strong></span> 
     </span>
     <span class='ocr_line' id='line_1_8' title="bbox 129 991 1199 1074; baseline 0.004 -24"><span class='ocrx_word' id='word_1_41' title='bbox 129 1013 187 1052; x_wconf 91' lang='lat' dir='ltr'><strong>nem</strong></span> <span class='ocrx_word' id='word_1_42' title='bbox 205 991 356 1052; x_wconf 87' lang='lat' dir='ltr'><strong>idolorum</strong></span> <span class='ocrx_word' id='word_1_43' title='bbox 377 1000 471 1074; x_wconf 88' lang='lat' dir='ltr'><strong>atque</strong></span> <span class='ocrx_word' id='word_1_44' title='bbox 488 993 687 1074; x_wconf 86' lang='lat' dir='ltr'><strong>temptorum.</strong></span> <span class='ocrx_word' id='word_1_45' title='bbox 729 1013 789 1074; x_wconf 86' lang='lat' dir='ltr'><strong>per</strong></span> <span class='ocrx_word' id='word_1_46' title='bbox 805 992 888 1054; x_wconf 89' lang='lat' dir='ltr'><strong>idem</strong></span> <span class='ocrx_word' id='word_1_47' title='bbox 907 1001 1028 1074; x_wconf 86' lang='lat' dir='ltr'><strong>tempus</strong></span> <span class='ocrx_word' id='word_1_48' title='bbox 1049 1003 1082 1056; x_wconf 85' lang='lat' dir='ltr'><strong>et</strong></span> <span class='ocrx_word' id='word_1_49' title='bbox 1098 994 1199 1058; x_wconf 88' lang='lat' dir='ltr'><strong>Athe-</strong></span> 
     </span>
     <span class='ocr_line' id='line_1_9' title="bbox 130 1071 1199 1159; baseline 0.006 -27"><span class='ocrx_word' id='word_1_50' title='bbox 130 1075 212 1134; x_wconf 87' lang='lat' dir='ltr'><strong>nasins</strong></span> <span class='ocrx_word' id='word_1_51' title='bbox 233 1071 453 1136; x_wconf 79' lang='lat' dir='ltr'><strong>Alexandrinus</strong></span> <span class='ocrx_word' id='word_1_52' title='bbox 478 1077 602 1138; x_wconf 87' lang='lat' dir='ltr'><strong>antistes</strong></span> <span class='ocrx_word' id='word_1_53' title='bbox 632 1075 777 1138; x_wconf 82' lang='lat' dir='ltr'><strong>habetur.</strong></span> <span class='ocrx_word' id='word_1_54' title='bbox 826 1075 972 1159; x_wconf 78' lang='lat' dir='ltr'><strong>vigesimo</strong></span> <span class='ocrx_word' id='word_1_55' title='bbox 993 1077 1125 1158; x_wconf 89' lang='lat' dir='ltr'><strong>septimo</strong></span> <span class='ocrx_word' id='word_1_56' title='bbox 1147 1079 1199 1138; x_wconf 93' lang='lat' dir='ltr'><strong>ni-</strong></span> 
     </span>
     <span class='ocr_line' id='line_1_10' title="bbox 129 1156 1199 1245; baseline 0.005 -29"><span class='ocrx_word' id='word_1_57' title='bbox 129 1156 275 1220; x_wconf 81' lang='lat' dir='ltr'><strong>bilominus</strong></span> <span class='ocrx_word' id='word_1_58' title='bbox 307 1157 431 1240; x_wconf 90' lang='lat' dir='ltr'><strong>imperii</strong></span> <span class='ocrx_word' id='word_1_59' title='bbox 458 1159 522 1220; x_wconf 90' lang='lat' dir='ltr'><strong>eius</strong></span> <span class='ocrx_word' id='word_1_60' title='bbox 557 1179 639 1222; x_wconf 92' lang='lat' dir='ltr'><strong>anno</strong></span> <span class='ocrx_word' id='word_1_61' title='bbox 673 1159 769 1220; x_wconf 83' lang='lat' dir='ltr'><strong>tutius</strong></span> <span class='ocrx_word' id='word_1_62' title='bbox 796 1178 879 1242; x_wconf 82' lang='lat' dir='ltr'><strong>pepe</strong></span> <span class='ocrx_word' id='word_1_63' title='bbox 906 1163 1063 1224; x_wconf 78' lang='lat' dir='ltr'><strong>Romanus</strong></span> <span class='ocrx_word' id='word_1_64' title='bbox 1098 1181 1199 1245; x_wconf 74' lang='lat' dir='ltr'><strong>agno-</strong></span> 
     </span>
     <span class='ocr_line' id='line_1_11' title="bbox 129 1241 216 1302; baseline 0.023 -2"><span class='ocrx_word' id='word_1_65' title='bbox 129 1241 216 1302; x_wconf 82' lang='lat' dir='ltr'><strong>scitur.</strong></span> 
     </span>
    </p>
   </div>
   <div class='ocr_carea' id='block_1_4' title="bbox 129 1344 1332 1843">
    <p class='ocr_par' dir='ltr' id='par_1_4' title="bbox 129 1344 1332 1843">
     <span class='ocr_line' id='line_1_12' title="bbox 194 1344 1199 1429; baseline 0.004 -21"><span class='ocrx_word' id='word_1_66' title='bbox 194 1347 301 1408; x_wconf 84' lang='lat' dir='ltr'><strong>Mundi</strong></span> <span class='ocrx_word' id='word_1_67' title='bbox 324 1368 406 1409; x_wconf 88' lang='lat' dir='ltr'><strong>enno</strong></span> <span class='ocrx_word' id='word_1_68' title='bbox 436 1344 534 1424; x_wconf 72' lang='lat'><strong>5893,</strong></span> <span class='ocrx_word' id='word_1_69' title='bbox 554 1346 676 1408; x_wconf 85' lang='lat' dir='ltr'><strong>divinae</strong></span> <span class='ocrx_word' id='word_1_70' title='bbox 705 1347 927 1410; x_wconf 75' lang='lat' dir='ltr'><strong>incarnationis</strong></span> <span class='ocrx_word' id='word_1_71' title='bbox 956 1371 1038 1412; x_wconf 89' lang='lat' dir='ltr'><strong>anno</strong></span> <span class='ocrx_word' id='word_1_72' title='bbox 1065 1349 1144 1429; x_wconf 73' lang='lat'><strong>323,</strong></span> <span class='ocrx_word' id='word_1_73' title='bbox 1166 1350 1199 1412; x_wconf 88' lang='lat' dir='ltr'><strong>in</strong></span> 
     </span>
     <span class='ocr_line' id='line_1_13' title="bbox 130 1429 1201 1508; baseline 0.004 -18"><span class='ocrx_word' id='word_1_74' title='bbox 130 1429 240 1494; x_wconf 79' lang='lat' dir='ltr'><strong>Oriente</strong></span> <span class='ocrx_word' id='word_1_75' title='bbox 261 1432 355 1492; x_wconf 82' lang='lat' dir='ltr'><strong>semes</strong></span> <span class='ocrx_word' id='word_1_76' title='bbox 372 1432 452 1492; x_wconf 85' lang='lat' dir='ltr'><strong>facte</strong></span> <span class='ocrx_word' id='word_1_77' title='bbox 473 1439 537 1508; x_wconf 89' lang='lat' dir='ltr'><strong>est,</strong></span> <span class='ocrx_word' id='word_1_78' title='bbox 568 1431 611 1491; x_wconf 90' lang='lat' dir='ltr'><strong>ite</strong></span> <span class='ocrx_word' id='word_1_79' title='bbox 635 1441 671 1492; x_wconf 90' lang='lat' dir='ltr'><strong>ut</strong></span> <span class='ocrx_word' id='word_1_80' title='bbox 690 1431 813 1492; x_wconf 87' lang='lat' dir='ltr'><strong>modius</strong></span> <span class='ocrx_word' id='word_1_81' title='bbox 843 1432 990 1493; x_wconf 85' lang='lat' dir='ltr'><strong>frumenti</strong></span> <span class='ocrx_word' id='word_1_82' title='bbox 1016 1432 1078 1495; x_wconf 76' lang='lat'><strong>400</strong></span> <span class='ocrx_word' id='word_1_83' title='bbox 1110 1433 1201 1496; x_wconf 85' lang='lat' dir='ltr'><strong>tieret</strong></span> 
     </span>
     <span class='ocr_line' id='line_1_14' title="bbox 130 1513 1332 1601; baseline 0.007 -30"><span class='ocrx_word' id='word_1_84' title='bbox 130 1525 354 1594; x_wconf 77' lang='lat' dir='ltr'><strong>argenteorum,</strong></span> <span class='ocrx_word' id='word_1_85' title='bbox 375 1515 547 1596; x_wconf 86' lang='lat' dir='ltr'><strong>imperante</strong></span> <span class='ocrx_word' id='word_1_86' title='bbox 569 1513 775 1575; x_wconf 86' lang='lat' dir='ltr'><strong>Constantino</strong></span> <span class='ocrx_word' id='word_1_87' title='bbox 796 1535 879 1575; x_wconf 88' lang='lat' dir='ltr'><strong>anno</strong></span> <span class='ocrx_word' id='word_1_88' title='bbox 899 1516 1045 1598; x_wconf 78' lang='lat' dir='ltr'><strong>vigesimo</strong></span> <span class='ocrx_word' id='word_1_89' title='bbox 1068 1526 1279 1601; x_wconf 73' lang='lat' dir='ltr'><strong>oetero3p.ts</strong></span> <span class='ocrx_word' id='word_1_90' title='bbox 1298 1531 1332 1586; x_wconf 71' lang='lat'><strong>16</strong></span> 
     </span>
     <span class='ocr_line' id='line_1_15' title="bbox 130 1596 1267 1681; baseline 0.004 -25"><span class='ocrx_word' id='word_1_91' title='bbox 130 1598 199 1656; x_wconf 87' lang='lat' dir='ltr'><strong>cuiue</strong></span> <span class='ocrx_word' id='word_1_92' title='bbox 218 1597 366 1681; x_wconf 80' lang='lat' dir='ltr'><strong>vigesimo</strong></span> <span class='ocrx_word' id='word_1_93' title='bbox 387 1618 472 1659; x_wconf 91' lang='lat' dir='ltr'><strong>nono</strong></span> <span class='ocrx_word' id='word_1_94' title='bbox 496 1596 619 1679; x_wconf 88' lang='lat' dir='ltr'><strong>imperii</strong></span> <span class='ocrx_word' id='word_1_95' title='bbox 641 1617 723 1660; x_wconf 86' lang='lat' dir='ltr'><strong>enno</strong></span> <span class='ocrx_word' id='word_1_96' title='bbox 737 1597 829 1661; x_wconf 87' lang='lat' dir='ltr'><strong>Arius</strong></span> <span class='ocrx_word' id='word_1_97' title='bbox 846 1598 886 1660; x_wconf 83' lang='lat' dir='ltr'><strong>ab</strong></span> <span class='ocrx_word' id='word_1_98' title='bbox 905 1599 996 1660; x_wconf 79' lang='lat' dir='ltr'><strong>exitio</strong></span> <span class='ocrx_word' id='word_1_99' title='bbox 1009 1615 1076 1681; x_wconf 82' lang='lat' dir='ltr'><strong>&#39;per</strong></span> <span class='ocrx_word' id='word_1_100' title='bbox 1097 1601 1202 1662; x_wconf 84' lang='lat' dir='ltr'><strong>fictam</strong></span> <span class='ocrx_word' id='word_1_101' title='bbox 1264 1642 1267 1653; x_wconf 84' lang='lat'>·</span> 
     </span>
     <span class='ocr_line' id='line_1_16' title="bbox 129 1679 1203 1759; baseline 0.005 -19"><span class='ocrx_word' id='word_1_102' title='bbox 129 1681 337 1759; x_wconf 85' lang='lat' dir='ltr'><strong>poenitentiam</strong></span> <span class='ocrx_word' id='word_1_103' title='bbox 365 1687 527 1744; x_wconf 84' lang='lat' dir='ltr'><strong>revocatus</strong></span> <span class='ocrx_word' id='word_1_104' title='bbox 557 1689 589 1742; x_wconf 92' lang='lat' dir='ltr'><strong>et</strong></span> <span class='ocrx_word' id='word_1_105' title='bbox 612 1679 826 1744; x_wconf 80' lang='lat' dir='ltr'><strong>Alexandriam</strong></span> <span class='ocrx_word' id='word_1_106' title='bbox 847 1681 954 1745; x_wconf 84' lang='lat' dir='ltr'><strong>missus</strong></span> <span class='ocrx_word' id='word_1_107' title='bbox 987 1703 1052 1744; x_wconf 90' lang='lat' dir='ltr'><strong>non</strong></span> <span class='ocrx_word' id='word_1_108' title='bbox 1074 1692 1122 1746; x_wconf 90' lang='lat' dir='ltr'><strong>eet</strong></span> <span class='ocrx_word' id='word_1_109' title='bbox 1147 1703 1203 1745; x_wconf 89' lang='lat' dir='ltr'><strong>re·</strong></span> 
     </span>
     <span class='ocr_line' id='line_1_17' title="bbox 129 1763 1060 1843; baseline 0.012 -21"><span class='ocrx_word' id='word_1_110' title='bbox 129 1775 218 1843; x_wconf 89' lang='lat' dir='ltr'><strong>ceptus</strong></span> <span class='ocrx_word' id='word_1_111' title='bbox 239 1765 281 1826; x_wconf 90' lang='lat' dir='ltr'><strong>ab</strong></span> <span class='ocrx_word' id='word_1_112' title='bbox 299 1763 474 1825; x_wconf 78' lang='lat' dir='ltr'><strong>Athanasio.</strong></span> <span class='ocrx_word' id='word_1_113' title='bbox 960 1801 1060 1835; x_wconf 61' lang='lat' dir='ltr'><strong>mmm.</strong></span> 
     </span>
    </p>
   </div>
   <div class='ocr_carea' id='block_1_5' title="bbox 125 1864 1282 2869">
    <p class='ocr_par' dir='ltr' id='par_1_5' title="bbox 125 1864 1282 2869">
     <span class='ocr_line' id='line_1_18' title="bbox 195 1864 1282 1954; baseline -0.001 -21"><span class='ocrx_word' id='word_1_114' title='bbox 195 1870 366 1934; x_wconf 86' lang='lat' dir='ltr'><strong>Tricesimo</strong></span> <span class='ocrx_word' id='word_1_115' title='bbox 389 1891 471 1931; x_wconf 89' lang='lat' dir='ltr'><strong>anno</strong></span> <span class='ocrx_word' id='word_1_116' title='bbox 498 1869 621 1954; x_wconf 89' lang='lat' dir='ltr'><strong>imperii</strong></span> <span class='ocrx_word' id='word_1_117' title='bbox 645 1870 840 1933; x_wconf 79' lang='lat' dir='ltr'><strong>Constantini</strong></span> <span class='ocrx_word' id='word_1_118' title='bbox 862 1871 926 1934; x_wconf 89' lang='lat' dir='ltr'><strong>eius</strong></span> <span class='ocrx_word' id='word_1_119' title='bbox 947 1864 1131 1935; x_wconf 75' lang='lat' dir='ltr'><strong>triidinneiia</strong></span> <span class='ocrx_word' id='word_1_120' title='bbox 1152 1875 1282 1951; x_wconf 64' lang='lat' dir='ltr'><strong>‹se-pm</strong></span> 
     </span>
     <span class='ocr_line' id='line_1_19' title="bbox 129 1951 1204 2038; baseline 0.007 -28"><span class='ocrx_word' id='word_1_121' title='bbox 129 1951 229 2016; x_wconf 88' lang='lat' dir='ltr'><strong>lebrate</strong></span> <span class='ocrx_word' id='word_1_122' title='bbox 248 1964 343 2029; x_wconf 85' lang='lat' dir='ltr'><strong>sunt,</strong></span> <span class='ocrx_word' id='word_1_123' title='bbox 374 1953 499 2038; x_wconf 86' lang='lat' dir='ltr'><strong>quando</strong></span> <span class='ocrx_word' id='word_1_124' title='bbox 521 1954 607 2015; x_wconf 81' lang='lat' dir='ltr'><strong>steila</strong></span> <span class='ocrx_word' id='word_1_125' title='bbox 631 1955 662 2015; x_wconf 91' lang='lat' dir='ltr'><strong>in</strong></span> <span class='ocrx_word' id='word_1_126' title='bbox 687 1955 773 2016; x_wconf 85' lang='lat' dir='ltr'><strong>caelo</strong></span> <span class='ocrx_word' id='word_1_127' title='bbox 794 1956 960 2038; x_wconf 88' lang='lat' dir='ltr'><strong>apperuit,</strong></span> <span class='ocrx_word' id='word_1_128' title='bbox 982 1956 1066 2038; x_wconf 87' lang='lat' dir='ltr'><strong>apud</strong></span> <span class='ocrx_word' id='word_1_129' title='bbox 1090 1958 1204 2018; x_wconf 89' lang='lat' dir='ltr'><strong>Antio·-</strong></span> 
     </span>
     <span class='ocr_line' id='line_1_20' title="bbox 129 2032 1205 2122; baseline 0.007 -27"><span class='ocrx_word' id='word_1_130' title='bbox 129 2033 212 2099; x_wconf 87' lang='lat' dir='ltr'><strong>chiam</strong></span> <span class='ocrx_word' id='word_1_131' title='bbox 245 2036 386 2099; x_wconf 86' lang='lat' dir='ltr'><strong>interdiu</strong></span> <span class='ocrx_word' id='word_1_132' title='bbox 417 2045 528 2098; x_wconf 87' lang='lat' dir='ltr'><strong>contra</strong></span> <span class='ocrx_word' id='word_1_133' title='bbox 562 2032 745 2100; x_wconf 79' lang='lat' dir='ltr'><strong>orientalem</strong></span> <span class='ocrx_word' id='word_1_134' title='bbox 775 2047 899 2120; x_wconf 86' lang='lat' dir='ltr'><strong>partem</strong></span> <span class='ocrx_word' id='word_1_135' title='bbox 928 2039 1079 2122; x_wconf 79' lang='lat' dir='ltr'><strong>fumigans</strong></span> <span class='ocrx_word' id='word_1_136' title='bbox 1106 2041 1205 2102; x_wconf 83' lang='lat' dir='ltr'><strong>vehe-</strong></span> 
     </span>
     <span class='ocr_line' id='line_1_21' title="bbox 129 2119 1204 2206; baseline 0.007 -28"><span class='ocrx_word' id='word_1_137' title='bbox 129 2129 248 2199; x_wconf 85' lang='lat' dir='ltr'><strong>menter,</strong></span> <span class='ocrx_word' id='word_1_138' title='bbox 283 2129 432 2204; x_wconf 85' lang='lat' dir='ltr'><strong>tanquam</strong></span> <span class='ocrx_word' id='word_1_139' title='bbox 453 2141 489 2181; x_wconf 83' lang='lat' dir='ltr'><strong>ex</strong></span> <span class='ocrx_word' id='word_1_140' title='bbox 511 2120 651 2198; x_wconf 90' lang='lat' dir='ltr'><strong>camino,</strong></span> <span class='ocrx_word' id='word_1_141' title='bbox 672 2121 711 2182; x_wconf 89' lang='lat' dir='ltr'><strong>ah</strong></span> <span class='ocrx_word' id='word_1_142' title='bbox 740 2119 819 2182; x_wconf 89' lang='lat' dir='ltr'><strong>hora</strong></span> <span class='ocrx_word' id='word_1_143' title='bbox 846 2121 941 2183; x_wconf 86' lang='lat' dir='ltr'><strong>tertie</strong></span> <span class='ocrx_word' id='word_1_144' title='bbox 964 2143 1061 2206; x_wconf 84' lang='lat' dir='ltr'><strong>usque</strong></span> <span class='ocrx_word' id='word_1_145' title='bbox 1082 2124 1122 2184; x_wconf 90' lang='lat' dir='ltr'><strong>ad</strong></span> <span class='ocrx_word' id='word_1_146' title='bbox 1140 2123 1204 2186; x_wconf 91' lang='lat' dir='ltr'><strong>ho-</strong></span> 
     </span>
     <span class='ocr_line' id='line_1_22' title="bbox 128 2204 1204 2288; baseline 0.009 -28"><span class='ocrx_word' id='word_1_147' title='bbox 128 2223 183 2264; x_wconf 90' lang='lat' dir='ltr'><strong>ram</strong></span> <span class='ocrx_word' id='word_1_148' title='bbox 203 2206 356 2288; x_wconf 81' lang='lat' dir='ltr'><strong>quintam.</strong></span> <span class='ocrx_word' id='word_1_149' title='bbox 403 2204 493 2264; x_wconf 85' lang='lat' dir='ltr'><strong>Arius</strong></span> <span class='ocrx_word' id='word_1_150' title='bbox 523 2211 627 2266; x_wconf 90' lang='lat' dir='ltr'><strong>antem</strong></span> <span class='ocrx_word' id='word_1_151' title='bbox 660 2226 731 2266; x_wconf 89' lang='lat' dir='ltr'><strong>cum</strong></span> <span class='ocrx_word' id='word_1_152' title='bbox 752 2204 978 2268; x_wconf 87' lang='lat' dir='ltr'><strong>Nicomediensi</strong></span> <span class='ocrx_word' id='word_1_153' title='bbox 1007 2206 1143 2270; x_wconf 81' lang='lat' dir='ltr'><strong>Eusebio</strong></span> <span class='ocrx_word' id='word_1_154' title='bbox 1170 2217 1204 2270; x_wconf 91' lang='lat' dir='ltr'><strong>et</strong></span> 
     </span>
     <span class='ocr_line' id='line_1_23' title="bbox 128 2285 1204 2352; baseline 0.006 -6"><span class='ocrx_word' id='word_1_155' title='bbox 128 2288 320 2348; x_wconf 83' lang='lat' dir='ltr'><strong>sectatoribus</strong></span> <span class='ocrx_word' id='word_1_156' title='bbox 346 2285 406 2348; x_wconf 87' lang='lat' dir='ltr'><strong>suis</strong></span> <span class='ocrx_word' id='word_1_157' title='bbox 436 2285 632 2350; x_wconf 83' lang='lat' dir='ltr'><strong>insurrexere</strong></span> <span class='ocrx_word' id='word_1_158' title='bbox 652 2309 724 2348; x_wconf 90' lang='lat' dir='ltr'><strong>cum</strong></span> <span class='ocrx_word' id='word_1_159' title='bbox 744 2286 919 2351; x_wconf 87' lang='lat' dir='ltr'><strong>iuramento</strong></span> <span class='ocrx_word' id='word_1_160' title='bbox 949 2289 1068 2350; x_wconf 89' lang='lat' dir='ltr'><strong>libellos</strong></span> <span class='ocrx_word' id='word_1_161' title='bbox 1089 2289 1204 2352; x_wconf 86' lang='lat' dir='ltr'><strong>ortho-</strong></span> 
     </span>
     <span class='ocr_line' id='line_1_24' title="bbox 130 2367 1205 2456; baseline 0.007 -28"><span class='ocrx_word' id='word_1_162' title='bbox 130 2367 224 2435; x_wconf 78' lang='lat' dir='ltr'><strong>doxiae</strong></span> <span class='ocrx_word' id='word_1_163' title='bbox 243 2370 443 2455; x_wconf 77' lang='lat' dir='ltr'><strong>porrigentes</strong></span> <span class='ocrx_word' id='word_1_164' title='bbox 465 2371 657 2453; x_wconf 86' lang='lat' dir='ltr'><strong>imperatori,</strong></span> <span class='ocrx_word' id='word_1_165' title='bbox 677 2370 795 2432; x_wconf 77' lang='lat' dir='ltr'><strong>sitienti</strong></span> <span class='ocrx_word' id='word_1_166' title='bbox 816 2393 927 2432; x_wconf 89' lang='lat' dir='ltr'><strong>eornm</strong></span> <span class='ocrx_word' id='word_1_167' title='bbox 950 2372 1004 2456; x_wconf 90' lang='lat' dir='ltr'><strong>qui</strong></span> <span class='ocrx_word' id='word_1_168' title='bbox 1025 2372 1115 2435; x_wconf 88' lang='lat' dir='ltr'><strong>dirisi</strong></span> <span class='ocrx_word' id='word_1_169' title='bbox 1134 2375 1205 2436; x_wconf 78' lang='lat' dir='ltr'><strong>fne-</strong></span> 
     </span>
     <span class='ocr_line' id='line_1_25' title="bbox 129 2455 1206 2538; baseline 0.006 -27"><span class='ocrx_word' id='word_1_170' title='bbox 129 2464 188 2516; x_wconf 89' lang='lat' dir='ltr'><strong>raut</strong></span> <span class='ocrx_word' id='word_1_171' title='bbox 208 2456 377 2527; x_wconf 87' lang='lat' dir='ltr'><strong>unitatem;</strong></span> <span class='ocrx_word' id='word_1_172' title='bbox 403 2465 435 2515; x_wconf 91' lang='lat' dir='ltr'><strong>et</strong></span> <span class='ocrx_word' id='word_1_173' title='bbox 457 2476 637 2535; x_wconf 88' lang='lat' dir='ltr'><strong>persuasere</strong></span> <span class='ocrx_word' id='word_1_174' title='bbox 657 2455 686 2515; x_wconf 89' lang='lat' dir='ltr'><strong>ei</strong></span> <span class='ocrx_word' id='word_1_175' title='bbox 716 2456 898 2517; x_wconf 87' lang='lat' dir='ltr'><strong>mentientes</strong></span> <span class='ocrx_word' id='word_1_176' title='bbox 920 2455 1007 2538; x_wconf 87' lang='lat' dir='ltr'><strong>quod</strong></span> <span class='ocrx_word' id='word_1_177' title='bbox 1027 2458 1206 2518; x_wconf 88' lang='lat' dir='ltr'><strong>concorde-</strong></span> 
     </span>
     <span class='ocr_line' id='line_1_26' title="bbox 128 2536 1205 2622; baseline 0.003 -25"><span class='ocrx_word' id='word_1_178' title='bbox 128 2545 187 2597; x_wconf 85' lang='lat' dir='ltr'><strong>rent</strong></span> <span class='ocrx_word' id='word_1_179' title='bbox 207 2559 280 2599; x_wconf 92' lang='lat' dir='ltr'><strong>cum</strong></span> <span class='ocrx_word' id='word_1_180' title='bbox 302 2538 442 2619; x_wconf 88' lang='lat' dir='ltr'><strong>patribus</strong></span> <span class='ocrx_word' id='word_1_181' title='bbox 460 2537 513 2619; x_wconf 92' lang='lat' dir='ltr'><strong>qui</strong></span> <span class='ocrx_word' id='word_1_182' title='bbox 534 2536 616 2619; x_wconf 89' lang='lat' dir='ltr'><strong>apud</strong></span> <span class='ocrx_word' id='word_1_183' title='bbox 628 2536 770 2599; x_wconf 86' lang='lat' dir='ltr'><strong>Nicaeam</strong></span> <span class='ocrx_word' id='word_1_184' title='bbox 783 2547 1012 2605; x_wconf 82' lang='lat' dir='ltr'><strong>convenerant.</strong></span> <span class='ocrx_word' id='word_1_185' title='bbox 1053 2538 1205 2622; x_wconf 89' lang='lat' dir='ltr'><strong>siquidem</strong></span> 
     </span>
     <span class='ocr_line' id='line_1_27' title="bbox 125 2616 1206 2703; baseline 0.007 -26"><span class='ocrx_word' id='word_1_186' title='bbox 125 2616 164 2679; x_wconf 88' lang='lat' dir='ltr'><strong>his</strong></span> <span class='ocrx_word' id='word_1_187' title='bbox 180 2621 323 2685; x_wconf 90' lang='lat' dir='ltr'><strong>credulus</strong></span> <span class='ocrx_word' id='word_1_188' title='bbox 358 2622 531 2703; x_wconf 89' lang='lat' dir='ltr'><strong>imperator</strong></span> <span class='ocrx_word' id='word_1_189' title='bbox 561 2620 736 2702; x_wconf 84' lang='lat' dir='ltr'><strong>indignatus</strong></span> <span class='ocrx_word' id='word_1_190' title='bbox 766 2627 812 2681; x_wconf 91' lang='lat' dir='ltr'><strong>est</strong></span> <span class='ocrx_word' id='word_1_191' title='bbox 837 2618 983 2681; x_wconf 85' lang='lat' dir='ltr'><strong>adversus</strong></span> <span class='ocrx_word' id='word_1_192' title='bbox 1006 2622 1206 2685; x_wconf 76' lang='lat' dir='ltr'><strong>Athanasium</strong></span> 
     </span>
     <span class='ocr_line' id='line_1_28' title="bbox 128 2702 1205 2789; baseline 0.006 -28"><span class='ocrx_word' id='word_1_193' title='bbox 128 2722 177 2781; x_wconf 84' lang='lat' dir='ltr'><strong>pro</strong></span> <span class='ocrx_word' id='word_1_194' title='bbox 204 2724 241 2765; x_wconf 89' lang='lat' dir='ltr'><strong>eo</strong></span> <span class='ocrx_word' id='word_1_195' title='bbox 275 2702 362 2788; x_wconf 86' lang='lat' dir='ltr'><strong>quod</strong></span> <span class='ocrx_word' id='word_1_196' title='bbox 382 2705 512 2781; x_wconf 88' lang='lat' dir='ltr'><strong>Arium,</strong></span> <span class='ocrx_word' id='word_1_197' title='bbox 540 2712 572 2765; x_wconf 88' lang='lat' dir='ltr'><strong>et</strong></span> <span class='ocrx_word' id='word_1_198' title='bbox 604 2703 758 2765; x_wconf 84' lang='lat' dir='ltr'><strong>Eueoium</strong></span> <span class='ocrx_word' id='word_1_199' title='bbox 788 2725 852 2763; x_wconf 91' lang='lat' dir='ltr'><strong>non</strong></span> <span class='ocrx_word' id='word_1_200' title='bbox 876 2704 1065 2785; x_wconf 83' lang='lat' dir='ltr'><strong>susceperit,</strong></span> <span class='ocrx_word' id='word_1_201' title='bbox 1089 2708 1144 2789; x_wconf 88' lang='lat' dir='ltr'><strong>qni</strong></span> <span class='ocrx_word' id='word_1_202' title='bbox 1166 2708 1205 2772; x_wconf 81' lang='lat' dir='ltr'><strong>ab</strong></span> 
     </span>
     <span class='ocr_line' id='line_1_29' title="bbox 127 2786 1130 2869; baseline 0.006 -24"><span class='ocrx_word' id='word_1_203' title='bbox 127 2786 289 2850; x_wconf 84' lang='lat' dir='ltr'><strong>Alexandro</strong></span> <span class='ocrx_word' id='word_1_204' title='bbox 310 2786 443 2869; x_wconf 89' lang='lat' dir='ltr'><strong>depositi</strong></span> <span class='ocrx_word' id='word_1_205' title='bbox 464 2789 598 2864; x_wconf 82' lang='lat' dir='ltr'><strong>fuerant,</strong></span> <span class='ocrx_word' id='word_1_206' title='bbox 623 2808 694 2849; x_wconf 82' lang='lat' dir='ltr'><strong>curn</strong></span> <span class='ocrx_word' id='word_1_207' title='bbox 714 2786 851 2849; x_wconf 84' lang='lat' dir='ltr'><strong>Eusoins</strong></span> <span class='ocrx_word' id='word_1_208' title='bbox 871 2786 1019 2849; x_wconf 89' lang='lat' dir='ltr'><strong>diaconus</strong></span> <span class='ocrx_word' id='word_1_209' title='bbox 1042 2799 1130 2851; x_wconf 83' lang='lat' dir='ltr'><strong>esset.</strong></span> 
     </span>
    </p>
   </div>
   <div class='ocr_carea' id='block_1_6' title="bbox 119 2892 1368 4226">
    <p class='ocr_par' dir='ltr' id='par_1_6' title="bbox 119 2892 1368 4113">
     <span class='ocr_line' id='line_1_30' title="bbox 195 2892 1205 2977; baseline 0.002 -24"><span class='ocrx_word' id='word_1_210' title='bbox 195 2894 300 2957; x_wconf 88' lang='lat' dir='ltr'><strong>Porro</strong></span> <span class='ocrx_word' id='word_1_211' title='bbox 323 2895 460 2976; x_wconf 88' lang='lat' dir='ltr'><strong>primum</strong></span> <span class='ocrx_word' id='word_1_212' title='bbox 489 2902 522 2956; x_wconf 90' lang='lat' dir='ltr'><strong>et</strong></span> <span class='ocrx_word' id='word_1_213' title='bbox 547 2892 738 2957; x_wconf 88' lang='lat' dir='ltr'><strong>tricesimum</strong></span> <span class='ocrx_word' id='word_1_214' title='bbox 767 2894 892 2977; x_wconf 85' lang='lat' dir='ltr'><strong>imperii</strong></span> <span class='ocrx_word' id='word_1_215' title='bbox 912 2894 959 2956; x_wconf 91' lang='lat' dir='ltr'><strong>sui</strong></span> <span class='ocrx_word' id='word_1_216' title='bbox 980 2917 1096 2957; x_wconf 90' lang='lat' dir='ltr'><strong>annum</strong></span> <span class='ocrx_word' id='word_1_217' title='bbox 1118 2896 1205 2957; x_wconf 86' lang='lat' dir='ltr'><strong>Con.</strong></span> 
     </span>
     <span class='ocr_line' id='line_1_31' title="bbox 126 2976 1206 3060; baseline 0.009 -28"><span class='ocrx_word' id='word_1_218' title='bbox 126 2976 248 3039; x_wconf 89' lang='lat' dir='ltr'><strong>stautino</strong></span> <span class='ocrx_word' id='word_1_219' title='bbox 275 2986 396 3059; x_wconf 81' lang='lat' dir='ltr'><strong>agente,</strong></span> <span class='ocrx_word' id='word_1_220' title='bbox 417 2976 566 3039; x_wconf 87' lang='lat' dir='ltr'><strong>Eusebius</strong></span> <span class='ocrx_word' id='word_1_221' title='bbox 590 2985 622 3038; x_wconf 90' lang='lat' dir='ltr'><strong>et</strong></span> <span class='ocrx_word' id='word_1_222' title='bbox 650 2978 683 3039; x_wconf 95' lang='lat' dir='ltr'><strong>hi</strong></span> <span class='ocrx_word' id='word_1_223' title='bbox 705 2976 759 3060; x_wconf 86' lang='lat' dir='ltr'><strong>qni</strong></span> <span class='ocrx_word' id='word_1_224' title='bbox 781 2998 853 3038; x_wconf 92' lang='lat' dir='ltr'><strong>cum</strong></span> <span class='ocrx_word' id='word_1_225' title='bbox 872 2980 939 3060; x_wconf 89' lang='lat' dir='ltr'><strong>ipso</strong></span> <span class='ocrx_word' id='word_1_226' title='bbox 959 2987 1058 3054; x_wconf 89' lang='lat' dir='ltr'><strong>erent,</strong></span> <span class='ocrx_word' id='word_1_227' title='bbox 1079 2978 1206 3042; x_wconf 84' lang='lat' dir='ltr'><strong>invente</strong></span> 
     </span>
     <span class='ocr_line' id='line_1_32' title="bbox 127 3060 1206 3144; baseline 0.008 -29"><span class='ocrx_word' id='word_1_228' title='bbox 127 3060 280 3121; x_wconf 83' lang='lat' dir='ltr'><strong>occasione</strong></span> <span class='ocrx_word' id='word_1_229' title='bbox 309 3060 454 3123; x_wconf 88' lang='lat' dir='ltr'><strong>adversus</strong></span> <span class='ocrx_word' id='word_1_230' title='bbox 480 3060 680 3122; x_wconf 84' lang='lat' dir='ltr'><strong>Athanasium</strong></span> <span class='ocrx_word' id='word_1_231' title='bbox 714 3061 917 3123; x_wconf 86' lang='lat' dir='ltr'><strong>decertabant</strong></span> <span class='ocrx_word' id='word_1_232' title='bbox 951 3070 1064 3144; x_wconf 85' lang='lat' dir='ltr'><strong>utpote</strong></span> <span class='ocrx_word' id='word_1_233' title='bbox 1092 3072 1206 3124; x_wconf 87' lang='lat' dir='ltr'><strong>contre</strong></span> 
     </span>
     <span class='ocr_line' id='line_1_33' title="bbox 125 3143 1206 3227; baseline 0.007 -29"><span class='ocrx_word' id='word_1_234' title='bbox 125 3152 323 3223; x_wconf 86' lang='lat' dir='ltr'><strong>pugnatorem</strong></span> <span class='ocrx_word' id='word_1_235' title='bbox 345 3154 448 3205; x_wconf 89' lang='lat' dir='ltr'><strong>rectae</strong></span> <span class='ocrx_word' id='word_1_236' title='bbox 477 3144 567 3218; x_wconf 86' lang='lat' dir='ltr'><strong>fidei;</strong></span> <span class='ocrx_word' id='word_1_237' title='bbox 588 3164 659 3204; x_wconf 89' lang='lat' dir='ltr'><strong>cum</strong></span> <span class='ocrx_word' id='word_1_238' title='bbox 679 3144 791 3227; x_wconf 91' lang='lat' dir='ltr'><strong>quibus</strong></span> <span class='ocrx_word' id='word_1_239' title='bbox 813 3154 846 3206; x_wconf 91' lang='lat' dir='ltr'><strong>et</strong></span> <span class='ocrx_word' id='word_1_240' title='bbox 863 3143 1022 3207; x_wconf 83' lang='lat' dir='ltr'><strong>Meletieni</strong></span> <span class='ocrx_word' id='word_1_241' title='bbox 1040 3146 1206 3206; x_wconf 84' lang='lat' dir='ltr'><strong>convenie-</strong></span> 
     </span>
     <span class='ocr_line' id='line_1_34' title="bbox 125 3222 1206 3310; baseline 0.001 -27"><span class='ocrx_word' id='word_1_242' title='bbox 125 3222 204 3286; x_wconf 85' lang='lat' dir='ltr'><strong>bant.</strong></span> <span class='ocrx_word' id='word_1_243' title='bbox 227 3235 260 3288; x_wconf 87' lang='lat' dir='ltr'><strong>et</strong></span> <span class='ocrx_word' id='word_1_244' title='bbox 283 3227 389 3309; x_wconf 89' lang='lat' dir='ltr'><strong>primo</strong></span> <span class='ocrx_word' id='word_1_245' title='bbox 408 3226 532 3310; x_wconf 91' lang='lat' dir='ltr'><strong>quidem</strong></span> <span class='ocrx_word' id='word_1_246' title='bbox 548 3231 611 3288; x_wconf 89' lang='lat' dir='ltr'><strong>eius</strong></span> <span class='ocrx_word' id='word_1_247' title='bbox 625 3225 851 3289; x_wconf 87' lang='lat' dir='ltr'><strong>detrahebatur</strong></span> <span class='ocrx_word' id='word_1_248' title='bbox 868 3226 1069 3303; x_wconf 86' lang='lat' dir='ltr'><strong>ordinationi,</strong></span> <span class='ocrx_word' id='word_1_249' title='bbox 1092 3248 1206 3310; x_wconf 85' lang='lat' dir='ltr'><strong>quam.</strong></span> 
     </span>
     <span class='ocr_line' id='line_1_35' title="bbox 126 3307 1368 3395; baseline 0.004 -28"><span class='ocrx_word' id='word_1_250' title='bbox 126 3328 211 3389; x_wconf 85' lang='lat' dir='ltr'><strong>qnam</strong></span> <span class='ocrx_word' id='word_1_251' title='bbox 231 3310 441 3393; x_wconf 81' lang='lat' dir='ltr'><strong>Apollinarins</strong></span> <span class='ocrx_word' id='word_1_252' title='bbox 463 3312 570 3395; x_wconf 86' lang='lat' dir='ltr'><strong>Syrius</strong></span> <span class='ocrx_word' id='word_1_253' title='bbox 590 3330 700 3393; x_wconf 78' lang='lat' dir='ltr'><strong>magne</strong></span> <span class='ocrx_word' id='word_1_254' title='bbox 722 3332 818 3393; x_wconf 83' lang='lat' dir='ltr'><strong>super</strong></span> <span class='ocrx_word' id='word_1_255' title='bbox 829 3308 986 3371; x_wconf 84' lang='lat' dir='ltr'><strong>Athanasii</strong></span> <span class='ocrx_word' id='word_1_256' title='bbox 1005 3310 1205 3372; x_wconf 86' lang='lat' dir='ltr'><strong>ordinatione</strong></span> <span class='ocrx_word' id='word_1_257' title='bbox 1213 3319 1286 3393; x_wconf 65' lang='lat' dir='ltr'><strong>pte</strong></span> <span class='ocrx_word' id='word_1_258' title='bbox 1365 3307 1368 3317; x_wconf 85' lang='lat'>&#39;</span> 
     </span>
     <span class='ocr_line' id='line_1_36' title="bbox 127 3392 1205 3477; baseline 0.004 -26"><span class='ocrx_word' id='word_1_259' title='bbox 127 3396 267 3464; x_wconf 64' lang='lat' dir='ltr'><strong>testatum</strong></span> <span class='ocrx_word' id='word_1_260' title='bbox 298 3392 434 3455; x_wconf 87' lang='lat' dir='ltr'><strong>secundo</strong></span> <span class='ocrx_word' id='word_1_261' title='bbox 466 3414 542 3456; x_wconf 86' lang='lat' dir='ltr'><strong>vero</strong></span> <span class='ocrx_word' id='word_1_262' title='bbox 570 3392 609 3456; x_wconf 90' lang='lat' dir='ltr'><strong>de</strong></span> <span class='ocrx_word' id='word_1_263' title='bbox 641 3394 722 3457; x_wconf 88' lang='lat' dir='ltr'><strong>tinea</strong></span> <span class='ocrx_word' id='word_1_264' title='bbox 750 3404 850 3476; x_wconf 86' lang='lat' dir='ltr'><strong>veste,</strong></span> <span class='ocrx_word' id='word_1_265' title='bbox 873 3414 937 3477; x_wconf 85' lang='lat' dir='ltr'><strong>qua</strong></span> <span class='ocrx_word' id='word_1_266' title='bbox 957 3393 1045 3456; x_wconf 89' lang='lat' dir='ltr'><strong>indui</strong></span> <span class='ocrx_word' id='word_1_267' title='bbox 1063 3405 1205 3457; x_wconf 89' lang='lat' dir='ltr'><strong>sanctum</strong></span> 
     </span>
     <span class='ocr_line' id='line_1_37' title="bbox 124 3470 1205 3560; baseline 0.007 -29"><span class='ocrx_word' id='word_1_268' title='bbox 124 3470 232 3536; x_wconf 87' lang='lat' dir='ltr'><strong>inimici</strong></span> <span class='ocrx_word' id='word_1_269' title='bbox 246 3476 532 3551; x_wconf 83' lang='lat' dir='ltr'><strong>calumniabantur;</strong></span> <span class='ocrx_word' id='word_1_270' title='bbox 552 3477 683 3540; x_wconf 89' lang='lat' dir='ltr'><strong>tertium</strong></span> <span class='ocrx_word' id='word_1_271' title='bbox 696 3476 997 3560; x_wconf 86' lang='lat' dir='ltr'><strong>superPhiiumeno,</strong></span> <span class='ocrx_word' id='word_1_272' title='bbox 1020 3479 1069 3539; x_wconf 91' lang='lat' dir='ltr'><strong>cui</strong></span> <span class='ocrx_word' id='word_1_273' title='bbox 1093 3500 1205 3540; x_wconf 86' lang='lat' dir='ltr'><strong>aurum</strong></span> 
     </span>
     <span class='ocr_line' id='line_1_38' title="bbox 123 3556 1205 3623; baseline 0.005 -7"><span class='ocrx_word' id='word_1_274' title='bbox 123 3557 253 3619; x_wconf 71' lang='lat' dir='ltr'><strong>mmmm,</strong></span> <span class='ocrx_word' id='word_1_275' title='bbox 274 3556 358 3621; x_wconf 89' lang='lat' dir='ltr'><strong>huuc</strong></span> <span class='ocrx_word' id='word_1_276' title='bbox 388 3560 501 3621; x_wconf 84' lang='lat' dir='ltr'><strong>misisse</strong></span> <span class='ocrx_word' id='word_1_277' title='bbox 522 3558 712 3623; x_wconf 86' lang='lat' dir='ltr'><strong>mendaciter</strong></span> <span class='ocrx_word' id='word_1_278' title='bbox 740 3560 917 3623; x_wconf 89' lang='lat' dir='ltr'><strong>esserebent</strong></span> <span class='ocrx_word' id='word_1_279' title='bbox 945 3559 977 3622; x_wconf 90' lang='lat' dir='ltr'><strong>iu</strong></span> <span class='ocrx_word' id='word_1_280' title='bbox 999 3558 1123 3623; x_wconf 87' lang='lat' dir='ltr'><strong>insidiae</strong></span> <span class='ocrx_word' id='word_1_281' title='bbox 1143 3561 1205 3621; x_wconf 82' lang='lat' dir='ltr'><strong>im·</strong></span> 
     </span>
     <span class='ocr_line' id='line_1_39' title="bbox 123 3642 1205 3727; baseline 0.006 -28"><span class='ocrx_word' id='word_1_282' title='bbox 123 3642 281 3718; x_wconf 90' lang='lat' dir='ltr'><strong>peratoris.</strong></span> <span class='ocrx_word' id='word_1_283' title='bbox 323 3643 474 3709; x_wconf 84' lang='lat' dir='ltr'><strong>accersito</strong></span> <span class='ocrx_word' id='word_1_284' title='bbox 507 3650 611 3705; x_wconf 90' lang='lat' dir='ltr'><strong>entem</strong></span> <span class='ocrx_word' id='word_1_285' title='bbox 638 3643 804 3705; x_wconf 84' lang='lat' dir='ltr'><strong>Athanasio</strong></span> <span class='ocrx_word' id='word_1_286' title='bbox 825 3644 1017 3727; x_wconf 85' lang='lat' dir='ltr'><strong>imperator,</strong></span> <span class='ocrx_word' id='word_1_287' title='bbox 1034 3650 1068 3705; x_wconf 93' lang='lat' dir='ltr'><strong>et</strong></span> <span class='ocrx_word' id='word_1_288' title='bbox 1091 3650 1205 3705; x_wconf 80' lang='lat' dir='ltr'><strong>cuncte</strong></span> 
     </span>
     <span class='ocr_line' id='line_1_40' title="bbox 122 3722 1205 3809; baseline 0.006 -28"><span class='ocrx_word' id='word_1_289' title='bbox 122 3722 189 3784; x_wconf 82' lang='lat' dir='ltr'><strong>saise</strong></span> <span class='ocrx_word' id='word_1_290' title='bbox 210 3726 392 3809; x_wconf 85' lang='lat' dir='ltr'><strong>reperiens,</strong></span> <span class='ocrx_word' id='word_1_291' title='bbox 421 3746 492 3787; x_wconf 88' lang='lat' dir='ltr'><strong>cum</strong></span> <span class='ocrx_word' id='word_1_292' title='bbox 512 3726 641 3809; x_wconf 88' lang='lat' dir='ltr'><strong>epistola</strong></span> <span class='ocrx_word' id='word_1_293' title='bbox 666 3736 698 3790; x_wconf 90' lang='lat' dir='ltr'><strong>et</strong></span> <span class='ocrx_word' id='word_1_294' title='bbox 728 3726 850 3789; x_wconf 89' lang='lat' dir='ltr'><strong>bonore</strong></span> <span class='ocrx_word' id='word_1_295' title='bbox 879 3726 1095 3787; x_wconf 81' lang='lat' dir='ltr'><strong>Alexandriam</strong></span> <span class='ocrx_word' id='word_1_296' title='bbox 1120 3724 1205 3789; x_wconf 86' lang='lat' dir='ltr'><strong>hunc</strong></span> 
     </span>
     <span class='ocr_line' id='line_1_41' title="bbox 122 3806 1340 3893; baseline 0.006 -26"><span class='ocrx_word' id='word_1_297' title='bbox 122 3808 241 3871; x_wconf 74' lang='lat' dir='ltr'><strong>rennuit.</strong></span> <span class='ocrx_word' id='word_1_298' title='bbox 284 3806 396 3873; x_wconf 89' lang='lat' dir='ltr'><strong>deinde</strong></span> <span class='ocrx_word' id='word_1_299' title='bbox 417 3809 523 3883; x_wconf 83' lang='lat' dir='ltr'><strong>Ariani</strong></span> <span class='ocrx_word' id='word_1_300' title='bbox 543 3808 668 3873; x_wconf 88' lang='lat' dir='ltr'><strong>diversis</strong></span> <span class='ocrx_word' id='word_1_301' title='bbox 689 3810 855 3873; x_wconf 89' lang='lat' dir='ltr'><strong>Athanasio</strong></span> <span class='ocrx_word' id='word_1_302' title='bbox 877 3808 960 3893; x_wconf 91' lang='lat' dir='ltr'><strong>apud</strong></span> <span class='ocrx_word' id='word_1_303' title='bbox 982 3810 1285 3891; x_wconf 71' lang='lat' dir='ltr'><strong>imperatoremptt</strong></span> <span class='ocrx_word' id='word_1_304' title='bbox 1305 3814 1340 3874; x_wconf 68' lang='lat' dir='ltr'><strong>tt</strong></span> 
     </span>
     <span class='ocr_line' id='line_1_42' title="bbox 119 3892 1205 3976; baseline 0.007 -27"><span class='ocrx_word' id='word_1_305' title='bbox 119 3892 362 3971; x_wconf 77' lang='lat' dir='ltr'><strong>accusationibus</strong></span> <span class='ocrx_word' id='word_1_306' title='bbox 383 3892 576 3976; x_wconf 80' lang='lat' dir='ltr'><strong>derogantes,</strong></span> <span class='ocrx_word' id='word_1_307' title='bbox 597 3902 670 3975; x_wconf 90' lang='lat' dir='ltr'><strong>post</strong></span> <span class='ocrx_word' id='word_1_308' title='bbox 690 3896 788 3957; x_wconf 86' lang='lat' dir='ltr'><strong>multa</strong></span> <span class='ocrx_word' id='word_1_309' title='bbox 811 3914 883 3954; x_wconf 89' lang='lat' dir='ltr'><strong>cum</strong></span> <span class='ocrx_word' id='word_1_310' title='bbox 903 3894 1078 3955; x_wconf 86' lang='lat' dir='ltr'><strong>iuramento</strong></span> <span class='ocrx_word' id='word_1_311' title='bbox 1099 3892 1205 3957; x_wconf 85' lang='lat' dir='ltr'><strong>dicere</strong></span> 
     </span>
     <span class='ocr_line' id='line_1_43' title="bbox 121 3972 1205 4113; baseline 0.006 -80"><span class='ocrx_word' id='word_1_312' title='bbox 121 3992 349 4113; x_wconf 84' lang='lat' dir='ltr'><strong>praesumpsero</strong></span> <span class='ocrx_word' id='word_1_313' title='bbox 370 3978 442 4060; x_wconf 89' lang='lat' dir='ltr'><strong>quie</strong></span> <span class='ocrx_word' id='word_1_314' title='bbox 455 3976 649 4039; x_wconf 89' lang='lat' dir='ltr'><strong>minitantem</strong></span> <span class='ocrx_word' id='word_1_315' title='bbox 662 3975 833 4040; x_wconf 86' lang='lat' dir='ltr'><strong>andivimus</strong></span> <span class='ocrx_word' id='word_1_316' title='bbox 844 3972 1053 4053; x_wconf 84' lang='lat' dir='ltr'><strong>Athanasium,</strong></span> <span class='ocrx_word' id='word_1_317' title='bbox 1075 3987 1106 4039; x_wconf 94' lang='lat' dir='ltr'><strong>et</strong></span> <span class='ocrx_word' id='word_1_318' title='bbox 1126 3998 1205 4059; x_wconf 91' lang='lat' dir='ltr'><strong>pro-</strong></span> 
     </span>
    </p>

    <p class='ocr_par' dir='ltr' id='par_1_7' title="bbox 123 4055 1204 4226">
     <span class='ocr_line' id='line_1_44' title="bbox 142 4055 1204 4144; baseline 0.003 -27"><span class='ocrx_word' id='word_1_319' title='bbox 142 4055 275 4122; x_wconf 80' lang='lat' dir='ltr'><strong>ebentem</strong></span> <span class='ocrx_word' id='word_1_320' title='bbox 295 4060 442 4123; x_wconf 81' lang='lat' dir='ltr'><strong>frumenti</strong></span> <span class='ocrx_word' id='word_1_321' title='bbox 456 4059 643 4123; x_wconf 89' lang='lat' dir='ltr'><strong>delationem</strong></span> <span class='ocrx_word' id='word_1_322' title='bbox 663 4082 743 4144; x_wconf 90' lang='lat' dir='ltr'><strong>quae</strong></span> <span class='ocrx_word' id='word_1_323' title='bbox 764 4060 910 4123; x_wconf 88' lang='lat' dir='ltr'><strong>veniebat</strong></span> <span class='ocrx_word' id='word_1_324' title='bbox 930 4058 969 4119; x_wconf 88' lang='lat' dir='ltr'><strong>ab</strong></span> <span class='ocrx_word' id='word_1_325' title='bbox 988 4063 1129 4143; x_wconf 75' lang='lat' dir='ltr'><strong>Aegypto</strong></span> <span class='ocrx_word' id='word_1_326' title='bbox 1143 4062 1204 4143; x_wconf 82' lang='lat' dir='ltr'><strong>By-</strong></span> 
     </span>
     <span class='ocr_line' id='line_1_45' title="bbox 123 4140 1204 4226; baseline 0.008 -31"><span class='ocrx_word' id='word_1_327' title='bbox 123 4140 269 4213; x_wconf 83' lang='lat' dir='ltr'><strong>santium;</strong></span> <span class='ocrx_word' id='word_1_328' title='bbox 293 4141 375 4205; x_wconf 87' lang='lat' dir='ltr'><strong>ande</strong></span> <span class='ocrx_word' id='word_1_329' title='bbox 396 4152 428 4205; x_wconf 91' lang='lat' dir='ltr'><strong>et</strong></span> <span class='ocrx_word' id='word_1_330' title='bbox 446 4156 605 4208; x_wconf 88' lang='lat' dir='ltr'><strong>commoto</strong></span> <span class='ocrx_word' id='word_1_331' title='bbox 627 4144 658 4205; x_wconf 93' lang='lat' dir='ltr'><strong>in</strong></span> <span class='ocrx_word' id='word_1_332' title='bbox 689 4144 768 4205; x_wconf 90' lang='lat' dir='ltr'><strong>iram</strong></span> <span class='ocrx_word' id='word_1_333' title='bbox 795 4143 895 4206; x_wconf 89' lang='lat' dir='ltr'><strong>amico</strong></span> <span class='ocrx_word' id='word_1_334' title='bbox 914 4140 1029 4205; x_wconf 85' lang='lat' dir='ltr'><strong>Christi</strong></span> <span class='ocrx_word' id='word_1_335' title='bbox 1049 4142 1204 4226; x_wconf 87' lang='lat' dir='ltr'><strong>principe,</strong></span> 
     </span>
    </p>
   </div>
   <div class='ocr_carea' id='block_1_7' title="bbox 219 4260 1016 4337">
    <p class='ocr_par' dir='ltr' id='par_1_8' title="bbox 219 4260 1016 4337">
     <span class='ocr_line' id='line_1_46' title="bbox 219 4260 1016 4337; baseline 0.001 -18"><span class='ocrx_word' id='word_1_336' title='bbox 219 4264 397 4337; x_wconf 69' lang='lat' dir='ltr'><strong>Theophanes</strong></span> <span class='ocrx_word' id='word_1_337' title='bbox 417 4268 455 4319; x_wconf 84' lang='lat'><strong>11.</strong></span> <span class='ocrx_word' id='word_1_338' title='bbox 584 4269 588 4277; x_wconf 89' lang='lat'>&#39;</span> <span class='ocrx_word' id='word_1_339' title='bbox 997 4260 1016 4320; x_wconf 68' lang='lat' dir='ltr'><strong>A</strong></span> 
     </span>
    </p>
   </div>
   <div class='ocr_carea' id='block_1_8' title="bbox 0 0 1530 4900">
    <p class='ocr_par' dir='ltr' id='par_1_9' title="bbox 0 0 1530 4900">
     <span class='ocr_line' id='line_1_47' title="bbox 0 0 1530 4900; baseline 0 2"><span class='ocrx_word' id='word_1_340' title='bbox 0 0 1530 4900; x_wconf 95' lang='lat' dir='ltr'><strong> </strong></span> 
     </span>
    </p>
   </div>
  </div>
 </body>
</html>
