<?xml version="1.0" encoding="UTF-8"?>
<!DOCTYPE html PUBLIC "-//W3C//DTD XHTML 1.0 Transitional//EN"
    "http://www.w3.org/TR/xhtml1/DTD/xhtml1-transitional.dtd">
<html xmlns="http://www.w3.org/1999/xhtml" xml:lang="en" lang="en">
 <head>
  <title>
</title>
<meta http-equiv="Content-Type" content="text/html;charset=utf-8" />
  <meta name='ocr-system' content='tesseract 3.04.00' />
  <meta name='ocr-capabilities' content='ocr_page ocr_carea ocr_par ocr_line ocrx_word'/>
</head>
<body>
  <div class='ocr_page' id='page_1' title='image "./corpusscriptoru34theogoog_0637.png"; bbox 0 0 3050 4900; ppageno 0'>
   <div class='ocr_carea' id='block_1_1' title="bbox 341 372 1054 442">
    <p class='ocr_par' dir='ltr' id='par_1_1' title="bbox 341 372 1054 442">
     <span class='ocr_line' id='line_1_1' title="bbox 341 372 1054 442; baseline -0.006 0"><span class='ocrx_word' id='word_1_1' title='bbox 341 372 415 442; x_wconf 69' lang='lat'>698</span> <span class='ocrx_word' id='word_1_2' title='bbox 690 379 747 440; x_wconf 77' lang='lat' dir='ltr'>AD</span> <span class='ocrx_word' id='word_1_3' title='bbox 775 373 1054 440; x_wconf 71' lang='lat' dir='ltr'>Theophanen</span> 
     </span>
    </p>
   </div>
   <div class='ocr_carea' id='block_1_2' title="bbox 336 538 1430 1042">
    <p class='ocr_par' dir='ltr' id='par_1_2' title="bbox 336 538 1430 1042">
     <span class='ocr_line' id='line_1_2' title="bbox 424 538 1429 628; baseline -0.002 -20"><span class='ocrx_word' id='word_1_4' title='bbox 424 546 499 621; x_wconf 69' lang='grc'><strong>551,</strong></span> <span class='ocrx_word' id='word_1_5' title='bbox 519 547 548 608; x_wconf 79' lang='grc'>5.</span> <span class='ocrx_word' id='word_1_6' title='bbox 590 545 712 623; x_wconf 70' lang='grc' dir='ltr'>ἐγένετο</span> <span class='ocrx_word' id='word_1_7' title='bbox 731 538 835 625; x_wconf 73' lang='grc' dir='ltr'>λιμός]</span> <span class='ocrx_word' id='word_1_8' title='bbox 855 544 898 604; x_wconf 87' lang='lat' dir='ltr'>sic</span> <span class='ocrx_word' id='word_1_9' title='bbox 922 545 1023 606; x_wconf 82' lang='lat' dir='ltr'>Anast.</span> <span class='ocrx_word' id='word_1_10' title='bbox 1052 539 1126 624; x_wconf 75' lang='lat' dir='ltr'>ling.</span> <span class='ocrx_word' id='word_1_11' title='bbox 1147 541 1241 628; x_wconf 79' lang='lat' dir='ltr'>Peyr.</span> <span class='ocrx_word' id='word_1_12' title='bbox 1260 552 1323 606; x_wconf 86' lang='lat' dir='ltr'>etc.</span> <span class='ocrx_word' id='word_1_13' title='bbox 1331 545 1429 622; x_wconf 72' lang='grc' dir='ltr'>[οιια</span> 
     </span>
     <span class='ocr_line' id='line_1_3' title="bbox 341 625 1429 710; baseline -0.007 -14"><span class='ocrx_word' id='word_1_14' title='bbox 341 633 505 710; x_wconf 67' lang='lat' dir='ltr'>eufimia.</span> <span class='ocrx_word' id='word_1_15' title='bbox 555 629 657 710; x_wconf 86' lang='lat' dir='ltr'>sitque</span> <span class='ocrx_word' id='word_1_16' title='bbox 691 628 766 688; x_wconf 88' lang='lat' dir='ltr'>haec</span> <span class='ocrx_word' id='word_1_17' title='bbox 787 627 895 690; x_wconf 86' lang='lat' dir='ltr'>verior</span> <span class='ocrx_word' id='word_1_18' title='bbox 921 625 1038 690; x_wconf 79' lang='lat' dir='ltr'>lectio:</span> <span class='ocrx_word' id='word_1_19' title='bbox 1059 626 1149 688; x_wconf 78' lang='lat' dir='ltr'>facile</span> <span class='ocrx_word' id='word_1_20' title='bbox 1168 627 1251 688; x_wconf 89' lang='lat' dir='ltr'>enim</span> <span class='ocrx_word' id='word_1_21' title='bbox 1271 631 1375 709; x_wconf 86' lang='lat' dir='ltr'>pestis,</span> <span class='ocrx_word' id='word_1_22' title='bbox 1398 639 1429 688; x_wconf 89' lang='lat' dir='ltr'>ct</span> 
     </span>
     <span class='ocr_line' id='line_1_4' title="bbox 340 709 1430 792; baseline -0.005 -15"><span class='ocrx_word' id='word_1_23' title='bbox 340 717 435 778; x_wconf 81' lang='lat' dir='ltr'>fames</span> <span class='ocrx_word' id='word_1_24' title='bbox 456 713 551 773; x_wconf 86' lang='lat' dir='ltr'>attera</span> <span class='ocrx_word' id='word_1_25' title='bbox 573 711 664 771; x_wconf 85' lang='lat' dir='ltr'>alteri</span> <span class='ocrx_word' id='word_1_26' title='bbox 693 731 814 772; x_wconf 77' lang='lat' dir='ltr'>comesa</span> <span class='ocrx_word' id='word_1_27' title='bbox 846 732 903 771; x_wconf 76' lang='lat' dir='ltr'>nec</span> <span class='ocrx_word' id='word_1_28' title='bbox 924 719 1036 772; x_wconf 78' lang='lat' dir='ltr'><strong>auctor</strong></span> <span class='ocrx_word' id='word_1_29' title='bbox 1057 721 1184 792; x_wconf 83' lang='lat' dir='ltr'>pestem,</span> <span class='ocrx_word' id='word_1_30' title='bbox 1205 709 1430 792; x_wconf 83' lang='lat' dir='ltr'>hominumque</span> 
     </span>
     <span class='ocr_line' id='line_1_5' title="bbox 339 793 1424 878; baseline -0.009 -19"><span class='ocrx_word' id='word_1_31' title='bbox 339 806 394 860; x_wconf 88' lang='lat' dir='ltr'>aut</span> <span class='ocrx_word' id='word_1_32' title='bbox 413 815 565 878; x_wconf 81' lang='lat' dir='ltr'>pecorum</span> <span class='ocrx_word' id='word_1_33' title='bbox 589 796 670 855; x_wconf 89' lang='lat' dir='ltr'>luem</span> <span class='ocrx_word' id='word_1_34' title='bbox 689 795 781 854; x_wconf 86' lang='lat' dir='ltr'>aliter</span> <span class='ocrx_word' id='word_1_35' title='bbox 799 795 972 876; x_wconf 75' lang='lat' dir='ltr'>significare</span> <span class='ocrx_word' id='word_1_36' title='bbox 993 793 1082 868; x_wconf 85' lang='lat' dir='ltr'>solet,</span> <span class='ocrx_word' id='word_1_37' title='bbox 1104 815 1199 877; x_wconf 89' lang='lat' dir='ltr'>quam</span> <span class='ocrx_word' id='word_1_38' title='bbox 1221 813 1299 854; x_wconf 82' lang='lat' dir='ltr'>voce</span> <span class='ocrx_word' id='word_1_39' title='bbox 1321 794 1424 854; x_wconf 77' lang='grc' dir='ltr'>θονο.</span> 
     </span>
     <span class='ocr_line' id='line_1_6' title="bbox 336 871 1424 962; baseline -0.008 -19"><span class='ocrx_word' id='word_1_40' title='bbox 336 871 432 957; x_wconf 74' lang='grc' dir='ltr'>τικόν,</span> <span class='ocrx_word' id='word_1_41' title='bbox 451 879 516 940; x_wconf 83' lang='lat' dir='ltr'>sive</span> <span class='ocrx_word' id='word_1_42' title='bbox 548 876 681 958; x_wconf 68' lang='grc' dir='ltr'>θνῆοιςς</span> <span class='ocrx_word' id='word_1_43' title='bbox 712 877 879 962; x_wconf 72' lang='lat' dir='ltr'><strong>statimque</strong></span> <span class='ocrx_word' id='word_1_44' title='bbox 905 875 1067 959; x_wconf 83' lang='lat' dir='ltr'>scripsisse,</span> <span class='ocrx_word' id='word_1_45' title='bbox 1088 873 1144 936; x_wconf 77' lang='grc' dir='ltr'><strong><em>καί</em></strong></span> <span class='ocrx_word' id='word_1_46' title='bbox 1163 877 1272 954; x_wconf 83' lang='grc' dir='ltr'>τοιμοῦ</span> <span class='ocrx_word' id='word_1_47' title='bbox 1293 875 1424 956; x_wconf 75' lang='grc' dir='ltr'>ἐπικρο-</span> 
     </span>
     <span class='ocr_line' id='line_1_7' title="bbox 337 957 1425 1042; baseline -0.006 -16"><span class='ocrx_word' id='word_1_48' title='bbox 337 961 462 1036; x_wconf 79' lang='grc' dir='ltr'>τοῦνλις</span> <span class='ocrx_word' id='word_1_49' title='bbox 481 957 538 1021; x_wconf 72' lang='grc' dir='ltr'>καὶ</span> <span class='ocrx_word' id='word_1_50' title='bbox 556 960 672 1042; x_wconf 78' lang='grc' dir='ltr'>λιμοῦ,</span> <span class='ocrx_word' id='word_1_51' title='bbox 694 959 812 1021; x_wconf 79' lang='lat' dir='ltr'>indicat</span> <span class='ocrx_word' id='word_1_52' title='bbox 842 966 946 1022; x_wconf 81' lang='lat' dir='ltr'>Anast.</span> <span class='ocrx_word' id='word_1_53' title='bbox 969 979 1040 1020; x_wconf 89' lang='lat' dir='ltr'>cum</span> <span class='ocrx_word' id='word_1_54' title='bbox 1059 957 1180 1036; x_wconf 78' lang='lat' dir='ltr'><strong>reddit,</strong></span> <span class='ocrx_word' id='word_1_55' title='bbox 1208 973 1236 1020; x_wconf 84' lang='lat' dir='ltr'>et</span> <span class='ocrx_word' id='word_1_56' title='bbox 1251 957 1425 1042; x_wconf 77' lang='lat' dir='ltr'>pestilentia</span> 
     </span>
    </p>
   </div>
   <div class='ocr_carea' id='block_1_3' title="bbox 211 1041 1426 1126">
    <p class='ocr_par' dir='ltr' id='par_1_3' title="bbox 211 1041 1426 1126">
     <span class='ocr_line' id='line_1_8' title="bbox 211 1041 1426 1126; baseline -0.006 -17"><span class='ocrx_word' id='word_1_57' title='bbox 211 1101 218 1113; x_wconf 84' lang='lat'><em>.</em></span> <span class='ocrx_word' id='word_1_58' title='bbox 336 1058 457 1122; x_wconf 80' lang='lat' dir='ltr'>teneret,</span> <span class='ocrx_word' id='word_1_59' title='bbox 476 1044 640 1124; x_wconf 77' lang='lat' dir='ltr'>etfamesr</span> <span class='ocrx_word' id='word_1_60' title='bbox 663 1051 698 1104; x_wconf 89' lang='lat' dir='ltr'>ut</span> <span class='ocrx_word' id='word_1_61' title='bbox 720 1044 839 1104; x_wconf 85' lang='lat' dir='ltr'>nullum</span> <span class='ocrx_word' id='word_1_62' title='bbox 854 1041 982 1104; x_wconf 90' lang='lat' dir='ltr'>duhium</span> <span class='ocrx_word' id='word_1_63' title='bbox 994 1041 1046 1122; x_wconf 88' lang='lat' dir='ltr'>sit,</span> <span class='ocrx_word' id='word_1_64' title='bbox 1070 1043 1145 1126; x_wconf 89' lang='lat' dir='ltr'>quin</span> <span class='ocrx_word' id='word_1_65' title='bbox 1168 1041 1206 1102; x_wconf 89' lang='lat' dir='ltr'>ad</span> <span class='ocrx_word' id='word_1_66' title='bbox 1219 1043 1309 1123; x_wconf 80' lang='lat' dir='ltr'>luem,</span> <span class='ocrx_word' id='word_1_67' title='bbox 1332 1043 1426 1102; x_wconf 88' lang='lat' dir='ltr'>etiam</span> 
     </span>
    </p>
   </div>
   <div class='ocr_carea' id='block_1_4' title="bbox 290 1125 1510 3882">
    <p class='ocr_par' dir='ltr' id='par_1_4' title="bbox 336 1125 1427 1378">
     <span class='ocr_line' id='line_1_9' title="bbox 336 1125 1427 1210; baseline -0.005 -19"><span class='ocrx_word' id='word_1_68' title='bbox 336 1131 431 1190; x_wconf 81' lang='lat' dir='ltr'>tames</span> <span class='ocrx_word' id='word_1_69' title='bbox 453 1127 631 1202; x_wconf 80' lang='lat' dir='ltr'>accesserit,</span> <span class='ocrx_word' id='word_1_70' title='bbox 663 1148 743 1210; x_wconf 83' lang='lat' dir='ltr'>quae</span> <span class='ocrx_word' id='word_1_71' title='bbox 778 1126 843 1208; x_wconf 87' lang='lat' dir='ltr'>ipsa</span> <span class='ocrx_word' id='word_1_72' title='bbox 874 1125 913 1187; x_wconf 89' lang='lat' dir='ltr'>ad</span> <span class='ocrx_word' id='word_1_73' title='bbox 942 1147 1050 1208; x_wconf 87' lang='lat' dir='ltr'>paoem</span> <span class='ocrx_word' id='word_1_74' title='bbox 1074 1125 1310 1188; x_wconf 73' lang='lat' dir='ltr'>consectandum</span> <span class='ocrx_word' id='word_1_75' title='bbox 1334 1127 1427 1186; x_wconf 89' lang='lat' dir='ltr'>ctiam</span> 
     </span>
     <span class='ocr_line' id='line_1_10' title="bbox 336 1206 1425 1293; baseline -0.001 -24"><span class='ocrx_word' id='word_1_76' title='bbox 336 1210 568 1293; x_wconf 86' lang='lat' dir='ltr'>superbissimos</span> <span class='ocrx_word' id='word_1_77' title='bbox 589 1230 703 1290; x_wconf 75' lang='lat' dir='ltr'>cogere</span> <span class='ocrx_word' id='word_1_78' title='bbox 726 1209 861 1270; x_wconf 79' lang='lat' dir='ltr'>noverit.</span> <span class='ocrx_word' id='word_1_79' title='bbox 901 1209 945 1270; x_wconf 85' lang='lat' dir='ltr'>sic</span> <span class='ocrx_word' id='word_1_80' title='bbox 971 1229 1003 1292; x_wconf 87' lang='lat' dir='ltr'>p.</span> <span class='ocrx_word' id='word_1_81' title='bbox 1024 1206 1086 1270; x_wconf 81' lang='lat'>346</span> <span class='ocrx_word' id='word_1_82' title='bbox 1107 1207 1218 1270; x_wconf 83' lang='lat' dir='ltr'>Leonis</span> <span class='ocrx_word' id='word_1_83' title='bbox 1248 1209 1343 1270; x_wconf 84' lang='lat' dir='ltr'>isauri</span> <span class='ocrx_word' id='word_1_84' title='bbox 1366 1209 1425 1268; x_wconf 92' lang='lat' dir='ltr'>im-</span> 
     </span>
     <span class='ocr_line' id='line_1_11' title="bbox 337 1287 1408 1378; baseline -0.004 -22"><span class='ocrx_word' id='word_1_85' title='bbox 337 1298 460 1378; x_wconf 89' lang='lat' dir='ltr'>perium</span> <span class='ocrx_word' id='word_1_86' title='bbox 481 1292 657 1374; x_wconf 73' lang='lat' dir='ltr'><strong>deplorans,</strong></span> <span class='ocrx_word' id='word_1_87' title='bbox 680 1295 773 1354; x_wconf 89' lang='lat' dir='ltr'>ambo</span> <span class='ocrx_word' id='word_1_88' title='bbox 795 1291 872 1355; x_wconf 85' lang='lat' dir='ltr'>haec</span> <span class='ocrx_word' id='word_1_89' title='bbox 893 1293 1007 1374; x_wconf 69' lang='lat' dir='ltr'>iungite</span> <span class='ocrx_word' id='word_1_90' title='bbox 1027 1291 1083 1352; x_wconf 76' lang='lat' dir='ltr'>uni</span> <span class='ocrx_word' id='word_1_91' title='bbox 1100 1287 1196 1370; x_wconf 73' lang='grc' dir='ltr'>λιμοί,</span> <span class='ocrx_word' id='word_1_92' title='bbox 1216 1291 1273 1353; x_wconf 79' lang='grc' dir='ltr'><strong><em>καί</em></strong></span> <span class='ocrx_word' id='word_1_93' title='bbox 1292 1295 1408 1369; x_wconf 70' lang='grc' dir='ltr'>λοιμοί.</span> 
     </span>
    </p>

    <p class='ocr_par' dir='ltr' id='par_1_5' title="bbox 330 1385 1428 2636">
     <span class='ocr_line' id='line_1_12' title="bbox 419 1385 1428 1471; baseline -0.002 -18"><span class='ocrx_word' id='word_1_94' title='bbox 419 1391 501 1455; x_wconf 84' lang='lat' dir='ltr'>lbid.</span> <span class='ocrx_word' id='word_1_95' title='bbox 525 1389 572 1453; x_wconf 91' lang='grc'>10.</span> <span class='ocrx_word' id='word_1_96' title='bbox 614 1386 672 1463; x_wconf 77' lang='grc' dir='ltr'>τοὶς</span> <span class='ocrx_word' id='word_1_97' title='bbox 705 1385 765 1466; x_wconf 81' lang='grc' dir='ltr'>τξι’</span> <span class='ocrx_word' id='word_1_98' title='bbox 792 1391 954 1471; x_wconf 75' lang='grc' dir='ltr'><strong><em>χιλιάδας]</em></strong></span> <span class='ocrx_word' id='word_1_99' title='bbox 986 1403 1118 1451; x_wconf 69' lang='lat' dir='ltr'>mata</span> <span class='ocrx_word' id='word_1_100' title='bbox 1151 1390 1208 1451; x_wconf 78' lang='lat' dir='ltr'>illa</span> <span class='ocrx_word' id='word_1_101' title='bbox 1235 1411 1428 1452; x_wconf 70' lang='lat' dir='ltr'>notariorum</span> 
     </span>
     <span class='ocr_line' id='line_1_13' title="bbox 335 1472 1425 1556; baseline 0 -20"><span class='ocrx_word' id='word_1_102' title='bbox 335 1477 454 1536; x_wconf 75' lang='lat' dir='ltr'>mr&#39;llr‘crs</span> <span class='ocrx_word' id='word_1_103' title='bbox 472 1476 541 1536; x_wconf 81' lang='lat' dir='ltr'>-snh</span> <span class='ocrx_word' id='word_1_104' title='bbox 570 1495 705 1556; x_wconf 89' lang='lat' dir='ltr'>quorum</span> <span class='ocrx_word' id='word_1_105' title='bbox 734 1475 940 1556; x_wconf 76' lang='lat' dir='ltr'>pensitatione</span> <span class='ocrx_word' id='word_1_106' title='bbox 961 1495 1020 1555; x_wconf 84' lang='lat' dir='ltr'>pax</span> <span class='ocrx_word' id='word_1_107' title='bbox 1042 1495 1113 1534; x_wconf 88' lang='lat' dir='ltr'>cum</span> <span class='ocrx_word' id='word_1_108' title='bbox 1133 1472 1235 1535; x_wconf 80' lang='lat' dir='ltr'>Maria</span> <span class='ocrx_word' id='word_1_109' title='bbox 1258 1475 1334 1534; x_wconf 85' lang='lat' dir='ltr'>inita</span> <span class='ocrx_word' id='word_1_110' title='bbox 1355 1477 1425 1536; x_wconf 87' lang='lat' dir='ltr'>lue·</span> 
     </span>
     <span class='ocr_line' id='line_1_14' title="bbox 336 1555 1425 1642; baseline -0.003 -21"><span class='ocrx_word' id='word_1_111' title='bbox 336 1567 395 1632; x_wconf 84' lang='lat' dir='ltr'>rat,</span> <span class='ocrx_word' id='word_1_112' title='bbox 418 1581 509 1641; x_wconf 85' lang='lat' dir='ltr'>quam</span> <span class='ocrx_word' id='word_1_113' title='bbox 541 1559 633 1618; x_wconf 88' lang='lat' dir='ltr'>etiam</span> <span class='ocrx_word' id='word_1_114' title='bbox 654 1579 804 1618; x_wconf 83' lang='lat' dir='ltr'>summanr</span> <span class='ocrx_word' id='word_1_115' title='bbox 823 1556 914 1642; x_wconf 79' lang='lat' dir='ltr'>Peyr.</span> <span class='ocrx_word' id='word_1_116' title='bbox 944 1557 1041 1618; x_wconf 82' lang='lat' dir='ltr'>codex</span> <span class='ocrx_word' id='word_1_117' title='bbox 1070 1555 1107 1616; x_wconf 86' lang='lat' dir='ltr'>ad</span> <span class='ocrx_word' id='word_1_118' title='bbox 1141 1577 1212 1616; x_wconf 83' lang='lat' dir='ltr'>eum</span> <span class='ocrx_word' id='word_1_119' title='bbox 1245 1559 1348 1617; x_wconf 89' lang='lat' dir='ltr'>locum</span> <span class='ocrx_word' id='word_1_120' title='bbox 1373 1577 1425 1618; x_wconf 83' lang='lat' dir='ltr'>re·</span> 
     </span>
     <span class='ocr_line' id='line_1_15' title="bbox 334 1639 1426 1724; baseline -0.003 -22"><span class='ocrx_word' id='word_1_121' title='bbox 334 1641 566 1724; x_wconf 77' lang='lat' dir='ltr'>praesentavits</span> <span class='ocrx_word' id='word_1_122' title='bbox 590 1650 757 1723; x_wconf 48' lang='lat' dir='ltr'>essentque,</span> <span class='ocrx_word' id='word_1_123' title='bbox 784 1643 867 1701; x_wconf 85' lang='lat' dir='ltr'>forte</span> <span class='ocrx_word' id='word_1_124' title='bbox 894 1639 936 1700; x_wconf 88' lang='lat' dir='ltr'>illi</span> <span class='ocrx_word' id='word_1_125' title='bbox 971 1639 1092 1701; x_wconf 85' lang='lat' dir='ltr'>numeri</span> <span class='ocrx_word' id='word_1_126' title='bbox 1120 1643 1274 1702; x_wconf 78' lang='lat' dir='ltr'>variantes</span> <span class='ocrx_word' id='word_1_127' title='bbox 1295 1661 1330 1701; x_wconf 87' lang='lat' dir='ltr'>ex</span> <span class='ocrx_word' id='word_1_128' title='bbox 1353 1641 1426 1716; x_wconf 86' lang='lat' dir='ltr'>istis,</span> 
     </span>
     <span class='ocr_line' id='line_1_16' title="bbox 334 1721 1427 1808; baseline 0.001 -25"><span class='ocrx_word' id='word_1_129' title='bbox 334 1725 388 1808; x_wconf 87' lang='lat' dir='ltr'>qni</span> <span class='ocrx_word' id='word_1_130' title='bbox 410 1725 491 1784; x_wconf 84' lang='lat' dir='ltr'>firmi</span> <span class='ocrx_word' id='word_1_131' title='bbox 521 1733 594 1785; x_wconf 86' lang='lat' dir='ltr'>sont</span> <span class='ocrx_word' id='word_1_132' title='bbox 615 1724 646 1782; x_wconf 87' lang='lat' dir='ltr'>in</span> <span class='ocrx_word' id='word_1_133' title='bbox 668 1723 762 1790; x_wconf 74' lang='lat' dir='ltr'>codd.</span> <span class='ocrx_word' id='word_1_134' title='bbox 785 1723 982 1806; x_wconf 73' lang='lat' dir='ltr'>Theophanis</span> <span class='ocrx_word' id='word_1_135' title='bbox 1010 1721 1215 1801; x_wconf 81' lang='lat' dir='ltr'>emendandi3</span> <span class='ocrx_word' id='word_1_136' title='bbox 1238 1745 1308 1784; x_wconf 90' lang='lat' dir='ltr'>cum</span> <span class='ocrx_word' id='word_1_137' title='bbox 1330 1743 1427 1806; x_wconf 87' lang='lat' dir='ltr'>prae-</span> 
     </span>
     <span class='ocr_line' id='line_1_17' title="bbox 335 1806 1427 1890; baseline -0.001 -24"><span class='ocrx_word' id='word_1_138' title='bbox 335 1807 442 1868; x_wconf 86' lang='lat' dir='ltr'>sertim</span> <span class='ocrx_word' id='word_1_139' title='bbox 461 1807 504 1868; x_wconf 87' lang='lat' dir='ltr'>itti</span> <span class='ocrx_word' id='word_1_140' title='bbox 533 1807 583 1867; x_wconf 87' lang='lat' dir='ltr'>vix</span> <span class='ocrx_word' id='word_1_141' title='bbox 606 1806 740 1869; x_wconf 77' lang='lat' dir='ltr'>habeant</span> <span class='ocrx_word' id='word_1_142' title='bbox 760 1807 927 1881; x_wconf 88' lang='lat' dir='ltr'>rationem,</span> <span class='ocrx_word' id='word_1_143' title='bbox 955 1813 1109 1889; x_wconf 88' lang='lat' dir='ltr'>pactaque</span> <span class='ocrx_word' id='word_1_144' title='bbox 1134 1807 1324 1890; x_wconf 74' lang='lat' dir='ltr'>pranserant,</span> <span class='ocrx_word' id='word_1_145' title='bbox 1345 1828 1427 1890; x_wconf 86' lang='lat' dir='ltr'>qua.</span> 
     </span>
     <span class='ocr_line' id='line_1_18' title="bbox 335 1888 1427 1973; baseline 0.002 -23"><span class='ocrx_word' id='word_1_146' title='bbox 335 1889 374 1952; x_wconf 87' lang='lat' dir='ltr'>lia</span> <span class='ocrx_word' id='word_1_147' title='bbox 406 1889 457 1951; x_wconf 84' lang='lat' dir='ltr'>vix</span> <span class='ocrx_word' id='word_1_148' title='bbox 483 1889 581 1950; x_wconf 85' lang='lat' dir='ltr'>intimi</span> <span class='ocrx_word' id='word_1_149' title='bbox 613 1890 712 1973; x_wconf 83' lang='lat' dir='ltr'>reguli</span> <span class='ocrx_word' id='word_1_150' title='bbox 752 1911 790 1951; x_wconf 96' lang='grc' dir='ltr'>ιο</span> <span class='ocrx_word' id='word_1_151' title='bbox 820 1898 853 1950; x_wconf 88' lang='lat' dir='ltr'>to</span> <span class='ocrx_word' id='word_1_152' title='bbox 878 1888 990 1950; x_wconf 87' lang='lat' dir='ltr'>archae</span> <span class='ocrx_word' id='word_1_153' title='bbox 1020 1889 1104 1950; x_wconf 85' lang='lat' dir='ltr'>intur</span> <span class='ocrx_word' id='word_1_154' title='bbox 1133 1911 1164 1950; x_wconf 88' lang='lat' dir='ltr'>se</span> <span class='ocrx_word' id='word_1_155' title='bbox 1193 1890 1339 1970; x_wconf 80' lang='lat' dir='ltr'>inierint,</span> <span class='ocrx_word' id='word_1_156' title='bbox 1366 1909 1427 1952; x_wconf 80' lang='lat' dir='ltr'>na-</span> 
     </span>
     <span class='ocr_line' id='line_1_19' title="bbox 334 1911 1424 2056; baseline -0.005 -22"><span class='ocrx_word' id='word_1_157' title='bbox 334 1973 408 2034; x_wconf 86' lang='lat' dir='ltr'>dum</span> <span class='ocrx_word' id='word_1_158' title='bbox 431 1973 510 2034; x_wconf 82' lang='lat' dir='ltr'>tanti</span> <span class='ocrx_word' id='word_1_159' title='bbox 530 1973 697 2053; x_wconf 80' lang='lat' dir='ltr'>principes,</span> <span class='ocrx_word' id='word_1_160' title='bbox 719 1993 755 2035; x_wconf 90' lang='grc' dir='ltr'>ιο</span> <span class='ocrx_word' id='word_1_161' title='bbox 777 1973 830 2056; x_wconf 90' lang='lat' dir='ltr'>qui</span> <span class='ocrx_word' id='word_1_162' title='bbox 858 1911 1003 2034; x_wconf 73' lang='lat' dir='ltr'>latissime</span> <span class='ocrx_word' id='word_1_163' title='bbox 1025 1973 1093 2032; x_wconf 81' lang='lat' dir='ltr'>fuso</span> <span class='ocrx_word' id='word_1_164' title='bbox 1115 1973 1249 2055; x_wconf 90' lang='lat' dir='ltr'>imperio</span> <span class='ocrx_word' id='word_1_165' title='bbox 1271 1974 1344 2034; x_wconf 90' lang='lat' dir='ltr'>orhi</span> <span class='ocrx_word' id='word_1_166' title='bbox 1363 1973 1424 2034; x_wconf 90' lang='lat' dir='ltr'>do.</span> 
     </span>
     <span class='ocr_line' id='line_1_20' title="bbox 330 2047 1425 2130; baseline 0.002 -14"><span class='ocrx_word' id='word_1_167' title='bbox 330 2055 539 2116; x_wconf 80' lang='lat' dir='ltr'>minarentur.</span> <span class='ocrx_word' id='word_1_168' title='bbox 581 2050 636 2114; x_wconf 80' lang='grc' dir='ltr'><strong><em>καί</em></strong></span> <span class='ocrx_word' id='word_1_169' title='bbox 663 2049 738 2126; x_wconf 78' lang='grc' dir='ltr'>τούς</span> <span class='ocrx_word' id='word_1_170' title='bbox 764 2053 820 2130; x_wconf 83' lang='grc' dir='ltr'>τξι’</span> <span class='ocrx_word' id='word_1_171' title='bbox 845 2047 987 2128; x_wconf 69' lang='grc' dir='ltr'>δούλοοξ.</span> <span class='ocrx_word' id='word_1_172' title='bbox 1030 2056 1110 2117; x_wconf 85' lang='lat' dir='ltr'>hene</span> <span class='ocrx_word' id='word_1_173' title='bbox 1145 2063 1249 2123; x_wconf 81' lang='lat' dir='ltr'>Anast.</span> <span class='ocrx_word' id='word_1_174' title='bbox 1290 2079 1345 2118; x_wconf 80' lang='lat' dir='ltr'>nec</span> <span class='ocrx_word' id='word_1_175' title='bbox 1364 2079 1425 2118; x_wconf 78' lang='lat' dir='ltr'>raon</span> 
     </span>
     <span class='ocr_line' id='line_1_21' title="bbox 330 2139 1424 2280; baseline 0.003 -81"><span class='ocrx_word' id='word_1_176' title='bbox 330 2151 471 2199; x_wconf 65' lang='lat' dir='ltr'>lucemus</span> <span class='ocrx_word' id='word_1_177' title='bbox 490 2139 561 2197; x_wconf 84' lang='lat' dir='ltr'>illos</span> <span class='ocrx_word' id='word_1_178' title='bbox 578 2139 741 2220; x_wconf 77' lang='lat' dir='ltr'>sexaginta</span> <span class='ocrx_word' id='word_1_179' title='bbox 770 2139 901 2280; x_wconf 65' lang='lat' dir='ltr'>quinpne</span> <span class='ocrx_word' id='word_1_180' title='bbox 933 2159 1057 2216; x_wconf 72' lang='lat' dir='ltr'>servos,</span> <span class='ocrx_word' id='word_1_181' title='bbox 1091 2140 1233 2222; x_wconf 85' lang='lat' dir='ltr'>maleque</span> <span class='ocrx_word' id='word_1_182' title='bbox 1262 2139 1424 2202; x_wconf 82' lang='lat' dir='ltr'>recentior</span> 
     </span>
     <span class='ocr_line' id='line_1_22' title="bbox 330 2221 1427 2306; baseline 0 -24"><span class='ocrx_word' id='word_1_183' title='bbox 330 2223 464 2304; x_wconf 87' lang='lat' dir='ltr'>interpr.</span> <span class='ocrx_word' id='word_1_184' title='bbox 485 2221 607 2281; x_wconf 82' lang='lat' dir='ltr'>totidem</span> <span class='ocrx_word' id='word_1_185' title='bbox 628 2240 750 2298; x_wconf 67' lang='lat' dir='ltr'>seram,</span> <span class='ocrx_word' id='word_1_186' title='bbox 774 2240 837 2303; x_wconf 88' lang='lat' dir='ltr'>qno</span> <span class='ocrx_word' id='word_1_187' title='bbox 880 2229 966 2297; x_wconf 86' lang='lat' dir='ltr'>esset,</span> <span class='ocrx_word' id='word_1_188' title='bbox 989 2229 1129 2282; x_wconf 86' lang='lat' dir='ltr'>trecenta</span> <span class='ocrx_word' id='word_1_189' title='bbox 1154 2223 1307 2306; x_wconf 74' lang='lat' dir='ltr'>sexaginta</span> <span class='ocrx_word' id='word_1_190' title='bbox 1330 2223 1427 2304; x_wconf 88' lang='lat' dir='ltr'>quin-</span> 
     </span>
     <span class='ocr_line' id='line_1_23' title="bbox 330 2303 1424 2388; baseline 0.002 -24"><span class='ocrx_word' id='word_1_191' title='bbox 330 2325 392 2387; x_wconf 90' lang='lat' dir='ltr'>que</span> <span class='ocrx_word' id='word_1_192' title='bbox 413 2303 526 2374; x_wconf 61' lang='lat' dir='ltr'>mittin</span> <span class='ocrx_word' id='word_1_193' title='bbox 563 2323 621 2363; x_wconf 87' lang='lat' dir='ltr'>neo</span> <span class='ocrx_word' id='word_1_194' title='bbox 643 2306 741 2364; x_wconf 89' lang='lat' dir='ltr'>minus</span> <span class='ocrx_word' id='word_1_195' title='bbox 765 2324 782 2364; x_wconf 87' lang='lat' dir='ltr'>a</span> <span class='ocrx_word' id='word_1_196' title='bbox 805 2303 951 2379; x_wconf 83' lang='lat' dir='ltr'>ratione,</span> <span class='ocrx_word' id='word_1_197' title='bbox 974 2325 1067 2388; x_wconf 87' lang='lat' dir='ltr'>quam</span> <span class='ocrx_word' id='word_1_198' title='bbox 1089 2307 1127 2367; x_wconf 85' lang='lat' dir='ltr'>ab</span> <span class='ocrx_word' id='word_1_199' title='bbox 1149 2307 1288 2368; x_wconf 86' lang='lat' dir='ltr'>auctoris</span> <span class='ocrx_word' id='word_1_200' title='bbox 1309 2306 1424 2381; x_wconf 83' lang='lat' dir='ltr'>verbis,</span> 
     </span>
     <span class='ocr_line' id='line_1_24' title="bbox 331 2385 1424 2467; baseline 0.005 -20"><span class='ocrx_word' id='word_1_201' title='bbox 331 2409 368 2449; x_wconf 89' lang='grc' dir='ltr'>ιο</span> <span class='ocrx_word' id='word_1_202' title='bbox 389 2408 477 2451; x_wconf 83' lang='lat' dir='ltr'>sensu</span> <span class='ocrx_word' id='word_1_203' title='bbox 505 2385 676 2465; x_wconf 85' lang='lat' dir='ltr'>ahhorret;</span> <span class='ocrx_word' id='word_1_204' title='bbox 711 2407 774 2448; x_wconf 91' lang='lat' dir='ltr'>uno</span> <span class='ocrx_word' id='word_1_205' title='bbox 804 2387 901 2467; x_wconf 86' lang='lat' dir='ltr'>enim,</span> <span class='ocrx_word' id='word_1_206' title='bbox 931 2396 985 2446; x_wconf 86' lang='lat' dir='ltr'>aut</span> <span class='ocrx_word' id='word_1_207' title='bbox 1007 2387 1106 2451; x_wconf 84' lang='lat' dir='ltr'>altero</span> <span class='ocrx_word' id='word_1_208' title='bbox 1140 2411 1223 2451; x_wconf 90' lang='lat' dir='ltr'>anno</span> <span class='ocrx_word' id='word_1_209' title='bbox 1245 2389 1424 2452; x_wconf 83' lang='lat' dir='ltr'>effudissent</span> 
     </span>
     <span class='ocr_line' id='line_1_25' title="bbox 330 2470 1422 2556; baseline 0.005 -25"><span class='ocrx_word' id='word_1_210' title='bbox 330 2472 446 2533; x_wconf 78' lang='lat' dir='ltr'>Arabes</span> <span class='ocrx_word' id='word_1_211' title='bbox 469 2470 499 2531; x_wconf 90' lang='lat' dir='ltr'>in</span> <span class='ocrx_word' id='word_1_212' title='bbox 521 2472 676 2531; x_wconf 83' lang='lat' dir='ltr'>Romanos</span> <span class='ocrx_word' id='word_1_213' title='bbox 698 2490 751 2531; x_wconf 85' lang='lat' dir='ltr'>sua</span> <span class='ocrx_word' id='word_1_214' title='bbox 767 2472 869 2532; x_wconf 88' lang='lat' dir='ltr'>omnin</span> <span class='ocrx_word' id='word_1_215' title='bbox 891 2472 1053 2553; x_wconf 86' lang='lat' dir='ltr'>mancipia,</span> <span class='ocrx_word' id='word_1_216' title='bbox 1075 2495 1111 2533; x_wconf 88' lang='grc' dir='ltr'>ιο</span> <span class='ocrx_word' id='word_1_217' title='bbox 1135 2492 1241 2556; x_wconf 81' lang='lat' dir='ltr'>equos.</span> <span class='ocrx_word' id='word_1_218' title='bbox 1282 2470 1422 2536; x_wconf 86' lang='lat' dir='ltr'>hahetur</span> 
     </span>
     <span class='ocr_line' id='line_1_26' title="bbox 332 2554 1126 2636; baseline -0.003 -21"><span class='ocrx_word' id='word_1_219' title='bbox 332 2554 391 2617; x_wconf 89' lang='lat' dir='ltr'>ista</span> <span class='ocrx_word' id='word_1_220' title='bbox 412 2554 544 2636; x_wconf 87' lang='lat' dir='ltr'>perinde</span> <span class='ocrx_word' id='word_1_221' title='bbox 565 2554 730 2635; x_wconf 80' lang='lat' dir='ltr'>pensitatio</span> <span class='ocrx_word' id='word_1_222' title='bbox 748 2574 829 2613; x_wconf 88' lang='lat' dir='ltr'>anno</span> <span class='ocrx_word' id='word_1_223' title='bbox 852 2554 1007 2614; x_wconf 84' lang='lat' dir='ltr'>lastiniani</span> <span class='ocrx_word' id='word_1_224' title='bbox 1033 2554 1058 2613; x_wconf 86' lang='lat'>1.</span> <span class='ocrx_word' id='word_1_225' title='bbox 1124 2592 1126 2597; x_wconf 69' lang='lat'>,</span> 
     </span>
    </p>

    <p class='ocr_par' dir='ltr' id='par_1_6' title="bbox 330 2628 1510 2965">
     <span class='ocr_line' id='line_1_27' title="bbox 414 2628 1425 2722; baseline 0.002 -25"><span class='ocrx_word' id='word_1_226' title='bbox 414 2635 485 2713; x_wconf 84' lang='grc'><strong>553,</strong></span> <span class='ocrx_word' id='word_1_227' title='bbox 509 2634 556 2697; x_wconf 91' lang='grc'>16.</span> <span class='ocrx_word' id='word_1_228' title='bbox 598 2634 686 2722; x_wconf 75' lang='grc' dir='ltr'>γάμῳ</span> <span class='ocrx_word' id='word_1_229' title='bbox 708 2628 779 2696; x_wconf 67' lang='grc' dir='ltr'>ἑνοῖ</span> <span class='ocrx_word' id='word_1_230' title='bbox 806 2632 1010 2715; x_wconf 79' lang='grc' dir='ltr'>παρανόμως]</span> <span class='ocrx_word' id='word_1_231' title='bbox 1034 2637 1206 2717; x_wconf 72' lang='lat' dir='ltr'>illegitime:</span> <span class='ocrx_word' id='word_1_232' title='bbox 1233 2635 1277 2696; x_wconf 83' lang='lat' dir='ltr'>sio</span> <span class='ocrx_word' id='word_1_233' title='bbox 1296 2656 1425 2720; x_wconf 85' lang='lat' dir='ltr'>semper</span> 
     </span>
     <span class='ocr_line' id='line_1_28' title="bbox 332 2718 1423 2801; baseline 0.002 -22"><span class='ocrx_word' id='word_1_234' title='bbox 332 2718 439 2781; x_wconf 81' lang='lat' dir='ltr'>hahita</span> <span class='ocrx_word' id='word_1_235' title='bbox 459 2720 676 2795; x_wconf 84' lang='lat' dir='ltr'>sacerdotum,</span> <span class='ocrx_word' id='word_1_236' title='bbox 699 2740 735 2779; x_wconf 91' lang='lat' dir='ltr'>ao</span> <span class='ocrx_word' id='word_1_237' title='bbox 758 2718 973 2780; x_wconf 89' lang='lat' dir='ltr'>ministrorum</span> <span class='ocrx_word' id='word_1_238' title='bbox 997 2720 1139 2801; x_wconf 82' lang='lat' dir='ltr'>coniugia</span> <span class='ocrx_word' id='word_1_239' title='bbox 1163 2718 1246 2800; x_wconf 88' lang='lat' dir='ltr'>apud</span> <span class='ocrx_word' id='word_1_240' title='bbox 1269 2722 1423 2793; x_wconf 85' lang='lat' dir='ltr'>Graecos,</span> 
     </span>
     <span class='ocr_line' id='line_1_29' title="bbox 331 2802 1510 2885; baseline 0.003 -24"><span class='ocrx_word' id='word_1_241' title='bbox 331 2813 404 2883; x_wconf 86' lang='lat' dir='ltr'>post</span> <span class='ocrx_word' id='word_1_242' title='bbox 425 2802 570 2884; x_wconf 83' lang='lat' dir='ltr'>adeptum</span> <span class='ocrx_word' id='word_1_243' title='bbox 593 2804 732 2863; x_wconf 86' lang='lat' dir='ltr'>ordinem</span> <span class='ocrx_word' id='word_1_244' title='bbox 753 2822 875 2861; x_wconf 81' lang='lat' dir='ltr'>sacrum</span> <span class='ocrx_word' id='word_1_245' title='bbox 898 2803 995 2877; x_wconf 85' lang='lat' dir='ltr'>inita;</span> <span class='ocrx_word' id='word_1_246' title='bbox 1021 2810 1092 2863; x_wconf 85' lang='lat' dir='ltr'>ante</span> <span class='ocrx_word' id='word_1_247' title='bbox 1116 2804 1248 2865; x_wconf 87' lang='lat' dir='ltr'>eundem</span> <span class='ocrx_word' id='word_1_248' title='bbox 1271 2802 1328 2865; x_wconf 74' lang='lat' dir='ltr'>iltis</span> <span class='ocrx_word' id='word_1_249' title='bbox 1349 2825 1426 2885; x_wconf 84' lang='lat' dir='ltr'>per·</span> <span class='ocrx_word' id='word_1_250' title='bbox 1506 2804 1510 2810; x_wconf 51' lang='lat'><strong>¹</strong></span> 
     </span>
     <span class='ocr_line' id='line_1_30' title="bbox 330 2884 1326 2965; baseline -0.001 -20"><span class='ocrx_word' id='word_1_251' title='bbox 330 2885 428 2945; x_wconf 85' lang='lat' dir='ltr'>missa.</span> <span class='ocrx_word' id='word_1_252' title='bbox 451 2885 564 2945; x_wconf 79' lang='lat' dir='ltr'>excidit</span> <span class='ocrx_word' id='word_1_253' title='bbox 586 2908 621 2947; x_wconf 92' lang='lat' dir='ltr'>ea</span> <span class='ocrx_word' id='word_1_254' title='bbox 646 2906 702 2945; x_wconf 84' lang='lat' dir='ltr'>vox</span> <span class='ocrx_word' id='word_1_255' title='bbox 723 2884 900 2965; x_wconf 87' lang='lat' dir='ltr'>interpreti.</span> <span class='ocrx_word' id='word_1_256' title='bbox 1323 2958 1326 2963; x_wconf 23' lang='grc'>1</span> 
     </span>
    </p>

    <p class='ocr_par' dir='ltr' id='par_1_7' title="bbox 290 2960 1429 3882">
     <span class='ocr_line' id='line_1_31' title="bbox 413 2960 1427 3049; baseline -0.004 -21"><span class='ocrx_word' id='word_1_257' title='bbox 413 2964 485 3043; x_wconf 76' lang='grc'><strong>551,</strong></span> <span class='ocrx_word' id='word_1_258' title='bbox 508 2973 540 3029; x_wconf 80' lang='lat'>9.</span> <span class='ocrx_word' id='word_1_259' title='bbox 582 2968 642 3038; x_wconf 80' lang='grc' dir='ltr'>ἓως</span> <span class='ocrx_word' id='word_1_260' title='bbox 671 2966 727 3029; x_wconf 77' lang='grc' dir='ltr'>τοῦ</span> <span class='ocrx_word' id='word_1_261' title='bbox 757 2964 907 3045; x_wconf 81' lang='grc' dir='ltr'>τετάρτου</span> <span class='ocrx_word' id='word_1_262' title='bbox 929 2960 1018 3039; x_wconf 80' lang='grc' dir='ltr'>ἔτους</span> <span class='ocrx_word' id='word_1_263' title='bbox 1040 2966 1161 3043; x_wconf 69' lang='lat' dir='ltr'>walin]</span> <span class='ocrx_word' id='word_1_264' title='bbox 1190 2969 1266 3046; x_wconf 70' lang='lat' dir='ltr'>Reg-</span> <span class='ocrx_word' id='word_1_265' title='bbox 1289 2990 1326 3029; x_wconf 88' lang='lat' dir='ltr'>ac</span> <span class='ocrx_word' id='word_1_266' title='bbox 1347 2988 1427 3049; x_wconf 84' lang='lat' dir='ltr'>per.</span> 
     </span>
     <span class='ocr_line' id='line_1_32' title="bbox 331 3048 1429 3133; baseline 0.002 -22"><span class='ocrx_word' id='word_1_267' title='bbox 331 3048 403 3113; x_wconf 86' lang='lat' dir='ltr'>iude</span> <span class='ocrx_word' id='word_1_268' title='bbox 422 3051 484 3126; x_wconf 89' lang='lat' dir='ltr'>alii,</span> <span class='ocrx_word' id='word_1_269' title='bbox 505 3052 632 3133; x_wconf 86' lang='lat' dir='ltr'>ipseque</span> <span class='ocrx_word' id='word_1_270' title='bbox 642 3056 743 3112; x_wconf 78' lang='lat' dir='ltr'>Anast.</span> <span class='ocrx_word' id='word_1_271' title='bbox 765 3052 895 3133; x_wconf 90' lang='lat' dir='ltr'>antiquo</span> <span class='ocrx_word' id='word_1_272' title='bbox 915 3072 988 3111; x_wconf 87' lang='lat' dir='ltr'>sane</span> <span class='ocrx_word' id='word_1_273' title='bbox 1011 3070 1131 3131; x_wconf 80' lang='lat' dir='ltr'>errore,</span> <span class='ocrx_word' id='word_1_274' title='bbox 1153 3074 1223 3111; x_wconf 90' lang='lat' dir='ltr'>cum</span> <span class='ocrx_word' id='word_1_275' title='bbox 1232 3051 1429 3133; x_wconf 77' lang='lat' dir='ltr'>Philippicas</span> 
     </span>
     <span class='ocr_line' id='line_1_33' title="bbox 290 3128 1428 3216; baseline 0 -21"><span class='ocrx_word' id='word_1_276' title='bbox 290 3150 297 3166; x_wconf 91' lang='lat'><strong><em>‘</em></strong></span> <span class='ocrx_word' id='word_1_277' title='bbox 331 3154 395 3195; x_wconf 90' lang='lat' dir='ltr'>uon</span> <span class='ocrx_word' id='word_1_278' title='bbox 414 3134 469 3194; x_wconf 89' lang='lat' dir='ltr'>nisi</span> <span class='ocrx_word' id='word_1_279' title='bbox 492 3134 613 3195; x_wconf 85' lang='lat' dir='ltr'>duobos</span> <span class='ocrx_word' id='word_1_280' title='bbox 630 3135 716 3195; x_wconf 83' lang='lat' dir='ltr'>annis</span> <span class='ocrx_word' id='word_1_281' title='bbox 730 3134 941 3215; x_wconf 88' lang='lat' dir='ltr'>imperaverit.</span> <span class='ocrx_word' id='word_1_282' title='bbox 963 3134 1085 3195; x_wconf 87' lang='lat' dir='ltr'>emend.</span> <span class='ocrx_word' id='word_1_283' title='bbox 1105 3155 1181 3216; x_wconf 83' lang='lat' dir='ltr'>ergo</span> <span class='ocrx_word' id='word_1_284' title='bbox 1194 3128 1253 3205; x_wconf 73' lang='grc' dir='ltr'>ἕως</span> <span class='ocrx_word' id='word_1_285' title='bbox 1265 3135 1323 3195; x_wconf 84' lang='grc' dir='ltr'>τοῦ</span> <span class='ocrx_word' id='word_1_286' title='bbox 1338 3130 1428 3213; x_wconf 71' lang='grc' dir='ltr'><strong><em>προέ-</em></strong></span> 
     </span>
     <span class='ocr_line' id='line_1_34' title="bbox 330 3209 1426 3297; baseline -0.001 -18"><span class='ocrx_word' id='word_1_287' title='bbox 330 3236 386 3279; x_wconf 85' lang='grc' dir='ltr'>τοο</span> <span class='ocrx_word' id='word_1_288' title='bbox 407 3209 513 3290; x_wconf 76' lang='grc' dir='ltr'>ι”τοοςι</span> <span class='ocrx_word' id='word_1_289' title='bbox 537 3216 582 3279; x_wconf 89' lang='lat' dir='ltr'>sio</span> <span class='ocrx_word' id='word_1_290' title='bbox 598 3218 709 3279; x_wconf 85' lang='lat' dir='ltr'>anima</span> <span class='ocrx_word' id='word_1_291' title='bbox 727 3216 862 3278; x_wconf 87' lang='lat' dir='ltr'>secundo</span> <span class='ocrx_word' id='word_1_292' title='bbox 884 3214 1008 3279; x_wconf 88' lang='lat' dir='ltr'>secundi</span> <span class='ocrx_word' id='word_1_293' title='bbox 1024 3216 1144 3297; x_wconf 85' lang='lat' dir='ltr'>imperii</span> <span class='ocrx_word' id='word_1_294' title='bbox 1160 3217 1318 3277; x_wconf 86' lang='lat' dir='ltr'>lastiniani</span> <span class='ocrx_word' id='word_1_295' title='bbox 1341 3239 1426 3278; x_wconf 84' lang='lat' dir='ltr'>anno</span> 
     </span>
     <span class='ocr_line' id='line_1_35' title="bbox 330 3299 1424 3383; baseline 0.002 -23"><span class='ocrx_word' id='word_1_296' title='bbox 330 3300 370 3361; x_wconf 92' lang='lat' dir='ltr'>ad</span> <span class='ocrx_word' id='word_1_297' title='bbox 390 3302 528 3382; x_wconf 91' lang='lat' dir='ltr'>primum</span> <span class='ocrx_word' id='word_1_298' title='bbox 542 3299 628 3361; x_wconf 87' lang='lat' dir='ltr'>illum</span> <span class='ocrx_word' id='word_1_299' title='bbox 640 3299 808 3381; x_wconf 87' lang='lat' dir='ltr'>Philippici</span> <span class='ocrx_word' id='word_1_300' title='bbox 828 3308 971 3361; x_wconf 80' lang='lat' dir='ltr'>constant</span> <span class='ocrx_word' id='word_1_301' title='bbox 987 3300 1059 3360; x_wconf 87' lang='lat' dir='ltr'>anni</span> <span class='ocrx_word' id='word_1_302' title='bbox 1097 3301 1231 3383; x_wconf 78' lang='lat' dir='ltr'>uinque3</span> <span class='ocrx_word' id='word_1_303' title='bbox 1253 3320 1318 3383; x_wconf 89' lang='lat' dir='ltr'>quo</span> <span class='ocrx_word' id='word_1_304' title='bbox 1339 3322 1424 3362; x_wconf 90' lang='lat' dir='ltr'>anno</span> 
     </span>
     <span class='ocr_line' id='line_1_36' title="bbox 331 3320 1426 3467; baseline 0 -24"><span class='ocrx_word' id='word_1_305' title='bbox 331 3383 442 3466; x_wconf 84' lang='lat' dir='ltr'>quinto</span> <span class='ocrx_word' id='word_1_306' title='bbox 477 3384 632 3445; x_wconf 84' lang='lat' dir='ltr'>celebrata</span> <span class='ocrx_word' id='word_1_307' title='bbox 669 3383 790 3445; x_wconf 79' lang='lat' dir='ltr'>dicitur</span> <span class='ocrx_word' id='word_1_308' title='bbox 819 3381 868 3443; x_wconf 88' lang='lat' dir='ltr'>illa</span> <span class='ocrx_word' id='word_1_309' title='bbox 900 3382 1043 3444; x_wconf 83' lang='lat' dir='ltr'>adversus</span> <span class='ocrx_word' id='word_1_310' title='bbox 1073 3320 1264 3467; x_wconf 63' lang='lat' dir='ltr'>dapsiodum</span> <span class='ocrx_word' id='word_1_311' title='bbox 1286 3386 1426 3446; x_wconf 85' lang='lat' dir='ltr'>erratica</span> 
     </span>
     <span class='ocr_line' id='line_1_37' title="bbox 329 3462 1427 3551; baseline 0.003 -26"><span class='ocrx_word' id='word_1_312' title='bbox 329 3464 473 3548; x_wconf 76' lang='lat' dir='ltr'>synodus.</span> <span class='ocrx_word' id='word_1_313' title='bbox 495 3488 531 3527; x_wconf 89' lang='grc' dir='ltr'>ιο</span> <span class='ocrx_word' id='word_1_314' title='bbox 552 3468 710 3548; x_wconf 85' lang='lat' dir='ltr'>sequentia</span> <span class='ocrx_word' id='word_1_315' title='bbox 733 3466 888 3528; x_wconf 80' lang='lat' dir='ltr'>evincunt.</span> <span class='ocrx_word' id='word_1_316' title='bbox 913 3464 967 3525; x_wconf 80' lang='grc' dir='ltr'><em>κοί</em></span> <span class='ocrx_word' id='word_1_317' title='bbox 985 3464 1027 3547; x_wconf 77' lang='grc' dir='ltr'>τῷ</span> <span class='ocrx_word' id='word_1_318' title='bbox 1050 3462 1134 3551; x_wconf 66' lang='grc' dir='ltr'>αὐτῷ</span> <span class='ocrx_word' id='word_1_319' title='bbox 1157 3464 1185 3528; x_wconf 82' lang='grc' dir='ltr'>α’</span> <span class='ocrx_word' id='word_1_320' title='bbox 1205 3462 1278 3528; x_wconf 81' lang='grc' dir='ltr'>ἔτει.</span> <span class='ocrx_word' id='word_1_321' title='bbox 1301 3468 1427 3529; x_wconf 79' lang='lat' dir='ltr'>eodem.</span> 
     </span>
     <span class='ocr_line' id='line_1_38' title="bbox 328 3548 1405 3634; baseline 0 -25"><span class='ocrx_word' id='word_1_322' title='bbox 328 3571 386 3634; x_wconf 82' lang='lat' dir='ltr'>que</span> <span class='ocrx_word' id='word_1_323' title='bbox 396 3552 498 3631; x_wconf 82' lang='lat' dir='ltr'>primo</span> <span class='ocrx_word' id='word_1_324' title='bbox 519 3548 575 3609; x_wconf 83' lang='lat' dir='ltr'>illo</span> <span class='ocrx_word' id='word_1_325' title='bbox 588 3570 677 3625; x_wconf 77' lang='lat' dir='ltr'>arum,</span> <span class='ocrx_word' id='word_1_326' title='bbox 700 3559 759 3611; x_wconf 87' lang='lat' dir='ltr'>ete.</span> <span class='ocrx_word' id='word_1_327' title='bbox 1400 3550 1405 3555; x_wconf 78' lang='grc'><strong>’</strong></span> 
     </span>
     <span class='ocr_line' id='line_1_39' title="bbox 343 3629 1424 3714; baseline -0.002 -19"><span class='ocrx_word' id='word_1_328' title='bbox 343 3658 346 3662; x_wconf 66' lang='grc'>’</span> <span class='ocrx_word' id='word_1_329' title='bbox 411 3631 494 3696; x_wconf 80' lang='lat' dir='ltr'>Idid.</span> <span class='ocrx_word' id='word_1_330' title='bbox 521 3629 569 3692; x_wconf 87' lang='grc'>16.</span> <span class='ocrx_word' id='word_1_331' title='bbox 611 3632 667 3693; x_wconf 78' lang='lat' dir='ltr'>ant</span> <span class='ocrx_word' id='word_1_332' title='bbox 696 3629 1003 3714; x_wconf 74' lang='grc' dir='ltr'>οἷοοθεμοτίσοντας]</span> <span class='ocrx_word' id='word_1_333' title='bbox 1037 3642 1173 3693; x_wconf 83' lang='grc' dir='ltr'>οοιιιίιι·</span> <span class='ocrx_word' id='word_1_334' title='bbox 1201 3634 1331 3694; x_wconf 84' lang='lat' dir='ltr'>loannes</span> <span class='ocrx_word' id='word_1_335' title='bbox 1363 3634 1424 3695; x_wconf 72' lang='grc' dir='ltr'>ΕΡ.</span> 
     </span>
     <span class='ocr_line' id='line_1_40' title="bbox 330 3712 1423 3801; baseline 0.004 -28"><span class='ocrx_word' id='word_1_336' title='bbox 330 3715 474 3796; x_wconf 77' lang='lat' dir='ltr'>apologia</span> <span class='ocrx_word' id='word_1_337' title='bbox 494 3735 549 3775; x_wconf 86' lang='lat' dir='ltr'>sun</span> <span class='ocrx_word' id='word_1_338' title='bbox 570 3712 611 3774; x_wconf 90' lang='lat' dir='ltr'>ad</span> <span class='ocrx_word' id='word_1_339' title='bbox 633 3715 871 3777; x_wconf 84' lang='lat' dir='ltr'>Constantinum</span> <span class='ocrx_word' id='word_1_340' title='bbox 899 3734 1011 3795; x_wconf 86' lang='lat' dir='ltr'>papam</span> <span class='ocrx_word' id='word_1_341' title='bbox 1042 3736 1209 3796; x_wconf 72' lang='lat' dir='ltr'>camene,</span> <span class='ocrx_word' id='word_1_342' title='bbox 1231 3738 1269 3777; x_wconf 86' lang='lat' dir='ltr'>ac</span> <span class='ocrx_word' id='word_1_343' title='bbox 1292 3716 1423 3801; x_wconf 86' lang='lat' dir='ltr'>reliquis</span> 
     </span>
     <span class='ocr_line' id='line_1_41' title="bbox 330 3797 1424 3882; baseline 0.002 -23"><span class='ocrx_word' id='word_1_344' title='bbox 330 3797 481 3879; x_wconf 84' lang='lat' dir='ltr'>episcopis</span> <span class='ocrx_word' id='word_1_345' title='bbox 513 3806 620 3857; x_wconf 89' lang='lat' dir='ltr'>notam</span> <span class='ocrx_word' id='word_1_346' title='bbox 643 3798 767 3870; x_wconf 81' lang='lat' dir='ltr'>eluere;</span> <span class='ocrx_word' id='word_1_347' title='bbox 798 3816 867 3857; x_wconf 82' lang='lat' dir='ltr'>usos</span> <span class='ocrx_word' id='word_1_348' title='bbox 888 3818 920 3857; x_wconf 86' lang='grc' dir='ltr'>ιο</span> <span class='ocrx_word' id='word_1_349' title='bbox 939 3802 1124 3859; x_wconf 81' lang='lat' dir='ltr'>oeconomia</span> <span class='ocrx_word' id='word_1_350' title='bbox 1146 3800 1329 3877; x_wconf 86' lang='lat' dir='ltr'>ostendens,</span> <span class='ocrx_word' id='word_1_351' title='bbox 1349 3822 1424 3882; x_wconf 86' lang='lat' dir='ltr'>sup-</span> 
     </span>
    </p>
   </div>
   <div class='ocr_carea' id='block_1_5' title="bbox 328 3880 1515 4297">
    <p class='ocr_par' dir='ltr' id='par_1_8' title="bbox 328 3880 1515 4297">
     <span class='ocr_line' id='line_1_42' title="bbox 328 3880 1424 3977; baseline -0.001 -35"><span class='ocrx_word' id='word_1_352' title='bbox 328 3902 495 3977; x_wconf 75' lang='lat' dir='ltr'>pressaque</span> <span class='ocrx_word' id='word_1_353' title='bbox 516 3881 623 3957; x_wconf 85' lang='lat' dir='ltr'>nnius,</span> <span class='ocrx_word' id='word_1_354' title='bbox 644 3901 680 3942; x_wconf 87' lang='lat' dir='ltr'>ac</span> <span class='ocrx_word' id='word_1_355' title='bbox 708 3880 840 3942; x_wconf 88' lang='lat' dir='ltr'>duorum</span> <span class='ocrx_word' id='word_1_356' title='bbox 860 3900 938 3940; x_wconf 80' lang='lat' dir='ltr'>voce</span> <span class='ocrx_word' id='word_1_357' title='bbox 951 3891 1126 3963; x_wconf 83' lang='lat' dir='ltr'>tyrannum</span> <span class='ocrx_word' id='word_1_358' title='bbox 1153 3882 1313 3959; x_wconf 79' lang='lat' dir='ltr'>induxisse,</span> <span class='ocrx_word' id='word_1_359' title='bbox 1333 3894 1372 3943; x_wconf 93' lang='lat' dir='ltr'>ut</span> <span class='ocrx_word' id='word_1_360' title='bbox 1392 3890 1424 3943; x_wconf 88' lang='lat' dir='ltr'>ct</span> 
     </span>
     <span class='ocr_line' id='line_1_43' title="bbox 329 3962 1515 4045; baseline 0.004 -23"><span class='ocrx_word' id='word_1_361' title='bbox 329 3984 394 4044; x_wconf 77' lang='lat' dir='ltr'>ipse</span> <span class='ocrx_word' id='word_1_362' title='bbox 419 3984 523 4026; x_wconf 85' lang='lat' dir='ltr'>veram</span> <span class='ocrx_word' id='word_1_363' title='bbox 547 3962 639 4026; x_wconf 85' lang='lat' dir='ltr'>fidem</span> <span class='ocrx_word' id='word_1_364' title='bbox 658 3966 879 4037; x_wconf 79' lang='lat' dir='ltr'>confiteretur3</span> <span class='ocrx_word' id='word_1_365' title='bbox 901 3964 1074 4044; x_wconf 83' lang='lat' dir='ltr'>perfectum</span> <span class='ocrx_word' id='word_1_366' title='bbox 1099 3966 1243 4027; x_wconf 85' lang='lat' dir='ltr'>nimirum</span> <span class='ocrx_word' id='word_1_367' title='bbox 1266 3965 1423 4027; x_wconf 84' lang='lat' dir='ltr'>Christum</span> <span class='ocrx_word' id='word_1_368' title='bbox 1514 4040 1515 4045; x_wconf 8' lang='grc' dir='ltr'>η</span> 
     </span>
     <span class='ocr_line' id='line_1_44' title="bbox 329 4044 1422 4131; baseline 0.004 -26"><span class='ocrx_word' id='word_1_369' title='bbox 329 4044 496 4125; x_wconf 72' lang='lat' dir='ltr'>indicina,</span> <span class='ocrx_word' id='word_1_370' title='bbox 520 4055 552 4109; x_wconf 87' lang='lat' dir='ltr'>et</span> <span class='ocrx_word' id='word_1_371' title='bbox 562 4046 703 4108; x_wconf 78' lang='lat' dir='ltr'>‘humana</span> <span class='ocrx_word' id='word_1_372' title='bbox 725 4058 849 4108; x_wconf 86' lang='lat' dir='ltr'>natura.</span> <span class='ocrx_word' id='word_1_373' title='bbox 891 4044 990 4107; x_wconf 84' lang='lat' dir='ltr'>videri</span> <span class='ocrx_word' id='word_1_374' title='bbox 1012 4058 1116 4129; x_wconf 84' lang='lat' dir='ltr'>potest</span> <span class='ocrx_word' id='word_1_375' title='bbox 1138 4051 1338 4131; x_wconf 85' lang='lat' dir='ltr'>praeclarum</span> <span class='ocrx_word' id='word_1_376' title='bbox 1362 4050 1422 4109; x_wconf 80' lang='lat' dir='ltr'>hoe</span> 
     </span>
     <span class='ocr_line' id='line_1_45' title="bbox 329 4130 1420 4216; baseline 0.005 -28"><span class='ocrx_word' id='word_1_377' title='bbox 329 4140 583 4207; x_wconf 85' lang='lat' dir='ltr'>monumentum,</span> <span class='ocrx_word' id='word_1_378' title='bbox 618 4153 635 4191; x_wconf 91' lang='lat' dir='ltr'>a</span> <span class='ocrx_word' id='word_1_379' title='bbox 668 4130 799 4191; x_wconf 69' lang='lat' dir='ltr'>nohisl</span> <span class='ocrx_word' id='word_1_380' title='bbox 830 4136 992 4190; x_wconf 74' lang='lat' dir='ltr'>auctas-‚t</span> <span class='ocrx_word' id='word_1_381' title='bbox 1017 4153 1034 4191; x_wconf 93' lang='lat' dir='ltr'>e</span> <span class='ocrx_word' id='word_1_382' title='bbox 1058 4132 1181 4195; x_wconf 87' lang='lat' dir='ltr'>Titiano</span> <span class='ocrx_word' id='word_1_383' title='bbox 1203 4131 1271 4195; x_wconf 88' lang='lat' dir='ltr'>cod.</span> <span class='ocrx_word' id='word_1_384' title='bbox 1294 4132 1420 4216; x_wconf 87' lang='lat' dir='ltr'>prodo-</span> 
     </span>
     <span class='ocr_line' id='line_1_46' title="bbox 328 4210 1057 4297; baseline 0.005 -25"><span class='ocrx_word' id='word_1_385' title='bbox 328 4221 425 4290; x_wconf 67' lang='lat' dir='ltr'>mum,</span> <span class='ocrx_word' id='word_1_386' title='bbox 446 4214 521 4275; x_wconf 88' lang='lat' dir='ltr'>nihil</span> <span class='ocrx_word' id='word_1_387' title='bbox 540 4235 613 4277; x_wconf 85' lang='lat' dir='ltr'>sane</span> <span class='ocrx_word' id='word_1_388' title='bbox 635 4210 709 4297; x_wconf 73' lang='grc' dir='ltr'>περὶ</span> <span class='ocrx_word' id='word_1_389' title='bbox 727 4214 854 4287; x_wconf 67' lang='lat' dir='ltr'>sodellis</span> <span class='ocrx_word' id='word_1_390' title='bbox 873 4222 1057 4295; x_wconf 85' lang='lat' dir='ltr'>suspectum.</span> 
     </span>
    </p>
   </div>
   <div class='ocr_carea' id='block_1_6' title="bbox 0 0 1530 4900">
    <p class='ocr_par' dir='ltr' id='par_1_9' title="bbox 0 0 1530 4900">
     <span class='ocr_line' id='line_1_47' title="bbox 0 0 1530 4900; baseline 0 0"><span class='ocrx_word' id='word_1_391' title='bbox 0 0 1530 4900; x_wconf 95' lang='lat' dir='ltr'> </span> 
     </span>
    </p>
   </div>
  </div>
 </body>
</html>
