<?xml version="1.0" encoding="UTF-8"?>
<!DOCTYPE html PUBLIC "-//W3C//DTD XHTML 1.0 Transitional//EN"
    "http://www.w3.org/TR/xhtml1/DTD/xhtml1-transitional.dtd">
<html xmlns="http://www.w3.org/1999/xhtml" xml:lang="en" lang="en">
 <head>
  <title>
</title>
<meta http-equiv="Content-Type" content="text/html;charset=utf-8" />
  <meta name='ocr-system' content='tesseract 3.04.00' />
  <meta name='ocr-capabilities' content='ocr_page ocr_carea ocr_par ocr_line ocrx_word'/>
</head>
<body>
  <div class='ocr_page' id='page_1' title='image "./corpusscriptoru34theogoog_0317.png"; bbox 0 0 3050 4900; ppageno 0'>
   <div class='ocr_carea' id='block_1_1' title="bbox 267 305 1001 388">
    <p class='ocr_par' dir='ltr' id='par_1_1' title="bbox 267 305 1001 388">
     <span class='ocr_line' id='line_1_1' title="bbox 267 305 1001 388; baseline -0.022 0"><span class='ocrx_word' id='word_1_1' title='bbox 267 317 342 388; x_wconf 80' lang='lat'><em>308</em></span> <span class='ocrx_word' id='word_1_2' title='bbox 651 315 691 378; x_wconf 75' lang='lat' dir='ltr'><em>tn</em></span> <span class='ocrx_word' id='word_1_3' title='bbox 723 305 1001 376; x_wconf 70' lang='lat' dir='ltr'><em>meornlnmt</em></span> 
     </span>
    </p>
   </div>
   <div class='ocr_carea' id='block_1_2' title="bbox 216 471 1356 894">
    <p class='ocr_par' dir='ltr' id='par_1_2' title="bbox 216 471 1356 894">
     <span class='ocr_line' id='line_1_2' title="bbox 266 471 1351 563; baseline -0.018 -12"><span class='ocrx_word' id='word_1_4' title='bbox 266 491 347 552; x_wconf 85' lang='lat' dir='ltr'><em>alter</em></span> <span class='ocrx_word' id='word_1_5' title='bbox 363 489 397 550; x_wconf 89' lang='lat' dir='ltr'><em>ln</em></span> <span class='ocrx_word' id='word_1_6' title='bbox 417 483 601 546; x_wconf 75' lang='lat' dir='ltr'><em>Lucaniam.</em></span> <span class='ocrx_word' id='word_1_7' title='bbox 649 481 761 546; x_wconf 81' lang='lat' dir='ltr'><em>eodem</em></span> <span class='ocrx_word' id='word_1_8' title='bbox 791 487 883 563; x_wconf 87' lang='lat' dir='ltr'><em>paeto</em></span> <span class='ocrx_word' id='word_1_9' title='bbox 915 475 1044 538; x_wconf 86' lang='lat' dir='ltr'><em>historia</em></span> <span class='ocrx_word' id='word_1_10' title='bbox 1073 471 1274 534; x_wconf 81' lang='lat' dir='ltr'><em>miscellanea.</em></span> <span class='ocrx_word' id='word_1_11' title='bbox 1298 471 1351 532; x_wconf 79' lang='lat' dir='ltr'><em>Si.</em></span> 
     </span>
     <span class='ocr_line' id='line_1_3' title="bbox 267 557 1356 660; baseline -0.017 -26"><span class='ocrx_word' id='word_1_12' title='bbox 267 571 376 656; x_wconf 76' lang='lat' dir='ltr'><em>ganists</em></span> <span class='ocrx_word' id='word_1_13' title='bbox 396 571 427 632; x_wconf 88' lang='lat' dir='ltr'><em>in</em></span> <span class='ocrx_word' id='word_1_14' title='bbox 450 569 506 629; x_wconf 83' lang='lat' dir='ltr'><em>vit.</em></span> <span class='ocrx_word' id='word_1_15' title='bbox 528 569 622 650; x_wconf 84' lang='lat' dir='ltr'><strong>impp.</strong></span> <span class='ocrx_word' id='word_1_16' title='bbox 643 566 736 629; x_wconf 80' lang='lat' dir='ltr'><em>abbas</em></span> <span class='ocrx_word' id='word_1_17' title='bbox 757 565 907 646; x_wconf 80' lang='lat' dir='ltr'><em>Ursperg.</em></span> <span class='ocrx_word' id='word_1_18' title='bbox 931 560 1044 624; x_wconf 82' lang='lat' dir='ltr'><em>etalii.</em></span> <span class='ocrx_word' id='word_1_19' title='bbox 1066 557 1356 660; x_wconf 58' lang='lat' dir='ltr'><em>Zonnresdltoxisp.</em></span> 
     </span>
     <span class='ocr_line' id='line_1_4' title="bbox 266 637 1351 728; baseline -0.02 -12"><span class='ocrx_word' id='word_1_20' title='bbox 266 652 375 726; x_wconf 76' lang='grc' dir='ltr'><strong><em>τιανός</em></strong></span> <span class='ocrx_word' id='word_1_21' title='bbox 394 654 428 716; x_wconf 74' lang='grc' dir='ltr'><em>ἐν</em></span> <span class='ocrx_word' id='word_1_22' title='bbox 448 646 575 714; x_wconf 71' lang='grc' dir='ltr'><strong><em>Σόλωνι</em></strong></span> <span class='ocrx_word' id='word_1_23' title='bbox 595 645 684 710; x_wconf 78' lang='grc' dir='ltr'><strong><em>πόλει</em></strong></span> <span class='ocrx_word' id='word_1_24' title='bbox 712 649 766 728; x_wconf 71' lang='grc' dir='ltr'><em>τῆς</em></span> <span class='ocrx_word' id='word_1_25' title='bbox 785 645 969 723; x_wconf 68' lang='grc' dir='ltr'><strong><em>Δαλματίας</em></strong></span> <span class='ocrx_word' id='word_1_26' title='bbox 988 642 1116 722; x_wconf 73' lang='grc' dir='ltr'><em>διῆγεν,</em></span> <span class='ocrx_word' id='word_1_27' title='bbox 1137 661 1153 700; x_wconf 95' lang='lat' dir='ltr'><em>o</em></span> <span class='ocrx_word' id='word_1_28' title='bbox 1177 637 1351 717; x_wconf 76' lang='lat' dir='ltr'><em>di‘Epaoo.</em></span> 
     </span>
     <span class='ocr_line' id='line_1_5' title="bbox 267 725 1353 816; baseline -0.017 -19"><span class='ocrx_word' id='word_1_29' title='bbox 267 741 334 808; x_wconf 83' lang='grc' dir='ltr'><strong><em>λιος</em></strong></span> <span class='ocrx_word' id='word_1_30' title='bbox 355 738 389 799; x_wconf 82' lang='lat' dir='ltr'><em>s’r</em></span> <span class='ocrx_word' id='word_1_31' title='bbox 409 734 582 816; x_wconf 73' lang='lat' dir='ltr'><em>onnasu&#39;p.</em></span> <span class='ocrx_word' id='word_1_32' title='bbox 625 733 831 792; x_wconf 73' lang='lat' dir='ltr'><em>Diocletianus</em></span> <span class='ocrx_word' id='word_1_33' title='bbox 853 729 976 791; x_wconf 88' lang='lat' dir='ltr'><em>Salonis</em></span> <span class='ocrx_word' id='word_1_34' title='bbox 996 729 1028 788; x_wconf 87' lang='lat' dir='ltr'><em>in</em></span> <span class='ocrx_word' id='word_1_35' title='bbox 1041 727 1215 802; x_wconf 82' lang='lat' dir='ltr'><em>Dalmatia,</em></span> <span class='ocrx_word' id='word_1_36' title='bbox 1237 725 1353 785; x_wconf 71' lang='lat' dir='ltr'><em>Maxi..</em></span> 
     </span>
     <span class='ocr_line' id='line_1_6' title="bbox 216 817 815 894; baseline -0.018 -11"><span class='ocrx_word' id='word_1_37' title='bbox 216 881 220 889; x_wconf 87' lang='grc'>,</span> <span class='ocrx_word' id='word_1_38' title='bbox 267 824 392 884; x_wconf 82' lang='lat' dir='ltr'><em>mianns</em></span> <span class='ocrx_word' id='word_1_39' title='bbox 413 821 446 878; x_wconf 90' lang='lat' dir='ltr'><em>in</em></span> <span class='ocrx_word' id='word_1_40' title='bbox 467 817 605 877; x_wconf 76' lang='lat' dir='ltr'><em>Lemonia</em></span> <span class='ocrx_word' id='word_1_41' title='bbox 626 819 722 876; x_wconf 81' lang='lat' dir='ltr'><em>vitam</em></span> <span class='ocrx_word' id='word_1_42' title='bbox 744 817 815 894; x_wconf 76' lang='lat' dir='ltr'><em>egit.</em></span> 
     </span>
    </p>
   </div>
   <div class='ocr_carea' id='block_1_3' title="bbox 253 911 1359 1423">
    <p class='ocr_par' dir='ltr' id='par_1_3' title="bbox 253 911 1359 1423">
     <span class='ocr_line' id='line_1_7' title="bbox 353 911 1359 1004; baseline -0.017 -17"><span class='ocrx_word' id='word_1_43' title='bbox 353 923 403 999; x_wconf 82' lang='lat'><em>13,</em></span> <span class='ocrx_word' id='word_1_44' title='bbox 428 919 474 984; x_wconf 78' lang='grc'><em>14.</em></span> <span class='ocrx_word' id='word_1_45' title='bbox 518 917 671 1002; x_wconf 73' lang='grc' dir='ltr'><em>πρότερον</em></span> <span class='ocrx_word' id='word_1_46' title='bbox 690 918 749 1004; x_wconf 69' lang='grc' dir='ltr'><em>τῆν</em></span> <span class='ocrx_word' id='word_1_47' title='bbox 769 921 917 981; x_wconf 70' lang='grc' dir='ltr'><strong><em>ἐπινίκιον</em></strong></span> <span class='ocrx_word' id='word_1_48' title='bbox 932 911 1054 998; x_wconf 73' lang='grc' dir='ltr'><strong><em>Ῥώμης</em></strong></span> <span class='ocrx_word' id='word_1_49' title='bbox 1075 914 1253 985; x_wconf 78' lang='grc' dir='ltr'><strong><em>ἐπιτελέσας</em></strong></span> <span class='ocrx_word' id='word_1_50' title='bbox 1274 932 1359 994; x_wconf 81' lang='grc' dir='ltr'><strong><em>πσμ-.</em></strong></span> 
     </span>
     <span class='ocr_line' id='line_1_8' title="bbox 268 1000 1355 1092; baseline -0.011 -23"><span class='ocrx_word' id='word_1_51' title='bbox 268 1005 343 1092; x_wconf 73' lang='grc' dir='ltr'><em>σήν]</em></span> <span class='ocrx_word' id='word_1_52' title='bbox 364 1007 556 1089; x_wconf 76' lang='lat' dir='ltr'>Pomponius</span> <span class='ocrx_word' id='word_1_53' title='bbox 578 1009 700 1066; x_wconf 83' lang='lat' dir='ltr'><em>Laetus.</em></span> <span class='ocrx_word' id='word_1_54' title='bbox 743 1005 1004 1088; x_wconf 72' lang='lat' dir='ltr'><em>triumphaverunt</em></span> <span class='ocrx_word' id='word_1_55' title='bbox 1030 1013 1133 1060; x_wconf 85' lang='lat' dir='ltr'><em>antem</em></span> <span class='ocrx_word' id='word_1_56' title='bbox 1155 1000 1307 1058; x_wconf 75' lang='lat' dir='ltr'><em>victoriosi</em></span> <span class='ocrx_word' id='word_1_57' title='bbox 1326 1009 1355 1059; x_wconf 90' lang='lat' dir='ltr'><em>et</em></span> 
     </span>
     <span class='ocr_line' id='line_1_9' title="bbox 253 1082 1355 1172; baseline -0.01 -19"><span class='ocrx_word' id='word_1_58' title='bbox 253 1092 371 1170; x_wconf 84' lang='lat' dir='ltr'><em>felices</em></span> <span class='ocrx_word' id='word_1_59' title='bbox 392 1113 471 1152; x_wconf 89' lang='lat' dir='ltr'><em>anno</em></span> <span class='ocrx_word' id='word_1_60' title='bbox 491 1093 612 1172; x_wconf 87' lang='lat' dir='ltr'><em>imperii</em></span> <span class='ocrx_word' id='word_1_61' title='bbox 631 1090 746 1150; x_wconf 82' lang='lat' dir='ltr'><em>decimo</em></span> <span class='ocrx_word' id='word_1_62' title='bbox 769 1102 888 1150; x_wconf 85' lang='lat' dir='ltr'><em>octavo.</em></span> <span class='ocrx_word' id='word_1_63' title='bbox 914 1085 1063 1168; x_wconf 86' lang='lat' dir='ltr'><em>reliquam</em></span> <span class='ocrx_word' id='word_1_64' title='bbox 1087 1082 1239 1163; x_wconf 86' lang='lat' dir='ltr'><em>triumphi</em></span> <span class='ocrx_word' id='word_1_65' title='bbox 1259 1101 1355 1164; x_wconf 85' lang='lat' dir='ltr'><em>pom-</em></span> 
     </span>
     <span class='ocr_line' id='line_1_10' title="bbox 268 1165 1354 1256; baseline -0.007 -22"><span class='ocrx_word' id='word_1_66' title='bbox 268 1196 341 1256; x_wconf 88' lang='lat' dir='ltr'><em>pam</em></span> <span class='ocrx_word' id='word_1_67' title='bbox 363 1174 553 1254; x_wconf 83' lang='lat' dir='ltr'><em>Pomponius</em></span> <span class='ocrx_word' id='word_1_68' title='bbox 587 1173 669 1232; x_wconf 83' lang='lat' dir='ltr'><em>idem</em></span> <span class='ocrx_word' id='word_1_69' title='bbox 700 1170 923 1253; x_wconf 81' lang='lat' dir='ltr'><em>prosequitur:</em></span> <span class='ocrx_word' id='word_1_70' title='bbox 948 1168 1002 1250; x_wconf 84' lang='lat' dir='ltr'><em>qui</em></span> <span class='ocrx_word' id='word_1_71' title='bbox 1024 1165 1241 1228; x_wconf 73' lang='lat' dir='ltr'><em>Maximianum</em></span> <span class='ocrx_word' id='word_1_72' title='bbox 1273 1187 1354 1226; x_wconf 85' lang='lat' dir='ltr'><em>anno</em></span> 
     </span>
     <span class='ocr_line' id='line_1_11' title="bbox 269 1247 1354 1340; baseline -0.007 -22"><span class='ocrx_word' id='word_1_73' title='bbox 269 1259 392 1340; x_wconf 83' lang='lat' dir='ltr'><em>imperii</em></span> <span class='ocrx_word' id='word_1_74' title='bbox 419 1255 457 1318; x_wconf 88' lang='grc'><em>18</em></span> <span class='ocrx_word' id='word_1_75' title='bbox 479 1255 692 1338; x_wconf 78' lang='lat' dir='ltr'><em>triumphasse,</em></span> <span class='ocrx_word' id='word_1_76' title='bbox 714 1254 809 1315; x_wconf 85' lang='lat' dir='ltr'><em>tertio</em></span> <span class='ocrx_word' id='word_1_77' title='bbox 834 1253 961 1313; x_wconf 86' lang='lat' dir='ltr'><em>ineunte</em></span> <span class='ocrx_word' id='word_1_78' title='bbox 982 1272 1053 1313; x_wconf 86' lang='lat' dir='ltr'><em>oum</em></span> <span class='ocrx_word' id='word_1_79' title='bbox 1074 1249 1184 1312; x_wconf 84' lang='lat' dir='ltr'><em>chron.</em></span> <span class='ocrx_word' id='word_1_80' title='bbox 1208 1247 1354 1310; x_wconf 80' lang='lat' dir='ltr'><strong>Alexand.</strong></span> 
     </span>
     <span class='ocr_line' id='line_1_12' title="bbox 269 1341 890 1423; baseline -0.005 -20"><span class='ocrx_word' id='word_1_81' title='bbox 269 1342 309 1404; x_wconf 80' lang='lat' dir='ltr'><em>ad</em></span> <span class='ocrx_word' id='word_1_82' title='bbox 329 1343 495 1423; x_wconf 88' lang='lat' dir='ltr'><em>imperium</em></span> <span class='ocrx_word' id='word_1_83' title='bbox 515 1341 666 1401; x_wconf 84' lang='lat' dir='ltr'><em>existimat</em></span> <span class='ocrx_word' id='word_1_84' title='bbox 692 1345 890 1418; x_wconf 78' lang='lat' dir='ltr'><em>assumptum.</em></span> 
     </span>
    </p>
   </div>
   <div class='ocr_carea' id='block_1_4' title="bbox 266 1449 1366 2459">
    <p class='ocr_par' dir='ltr' id='par_1_4' title="bbox 266 1449 1366 2459">
     <span class='ocr_line' id='line_1_13' title="bbox 350 1449 1356 1542; baseline -0.006 -18"><span class='ocrx_word' id='word_1_85' title='bbox 350 1465 430 1526; x_wconf 87' lang='lat' dir='ltr'><em>lbid.</em></span> <span class='ocrx_word' id='word_1_86' title='bbox 454 1464 501 1526; x_wconf 86' lang='lat'><em>17.</em></span> <span class='ocrx_word' id='word_1_87' title='bbox 541 1459 621 1540; x_wconf 78' lang='grc' dir='ltr'><em>μετὰ</em></span> <span class='ocrx_word' id='word_1_88' title='bbox 642 1461 744 1524; x_wconf 73' lang='grc' dir='ltr'><strong><em>ταῦτα</em></strong></span> <span class='ocrx_word' id='word_1_89' title='bbox 776 1459 811 1522; x_wconf 84' lang='lat' dir='ltr'><em>tii</em></span> <span class='ocrx_word' id='word_1_90' title='bbox 843 1451 1117 1542; x_wconf 74' lang='grc' dir='ltr'><strong><em>ἆναχωρὴσαντες]</em></strong></span> <span class='ocrx_word' id='word_1_91' title='bbox 1145 1479 1179 1520; x_wconf 89' lang='lat' dir='ltr'><em>ex</em></span> <span class='ocrx_word' id='word_1_92' title='bbox 1199 1449 1356 1538; x_wconf 83' lang='lat' dir='ltr'><em>Eutropio</em></span> 
     </span>
     <span class='ocr_line' id='line_1_14' title="bbox 273 1543 1358 1631; baseline -0.007 -21"><span class='ocrx_word' id='word_1_93' title='bbox 273 1550 330 1610; x_wconf 87' lang='lat' dir='ltr'><em>ista</em></span> <span class='ocrx_word' id='word_1_94' title='bbox 350 1545 570 1631; x_wconf 84' lang='lat' dir='ltr'><em>compendiose</em></span> <span class='ocrx_word' id='word_1_95' title='bbox 592 1546 721 1608; x_wconf 84' lang='lat' dir='ltr'><em>collecta</em></span> <span class='ocrx_word' id='word_1_96' title='bbox 746 1565 837 1606; x_wconf 86' lang='lat' dir='ltr'><em>nemo</em></span> <span class='ocrx_word' id='word_1_97' title='bbox 860 1543 976 1604; x_wconf 82' lang='lat' dir='ltr'><em>inficias</em></span> <span class='ocrx_word' id='word_1_98' title='bbox 997 1543 1081 1604; x_wconf 87' lang='lat' dir='ltr'><em>ierit.</em></span> <span class='ocrx_word' id='word_1_99' title='bbox 1124 1543 1170 1602; x_wconf 87' lang='lat' dir='ltr'><em>bis</em></span> <span class='ocrx_word' id='word_1_100' title='bbox 1189 1543 1282 1622; x_wconf 74' lang='lat' dir='ltr'><em>igitur</em></span> <span class='ocrx_word' id='word_1_101' title='bbox 1300 1543 1358 1602; x_wconf 84' lang='lat' dir='ltr'><em>ab·</em></span> 
     </span>
     <span class='ocr_line' id='line_1_15' title="bbox 268 1624 1359 1714; baseline -0.008 -20"><span class='ocrx_word' id='word_1_102' title='bbox 268 1632 412 1709; x_wconf 66' lang='lat' dir='ltr'><em>cunibus,</em></span> <span class='ocrx_word' id='word_1_103' title='bbox 433 1632 535 1714; x_wconf 91' lang='lat' dir='ltr'><em>inquit</em></span> <span class='ocrx_word' id='word_1_104' title='bbox 548 1631 599 1690; x_wconf 87' lang='lat' dir='ltr'><em>ille</em></span> <span class='ocrx_word' id='word_1_105' title='bbox 609 1630 709 1689; x_wconf 84' lang='lat' dir='ltr'><em>statim</em></span> <span class='ocrx_word' id='word_1_106' title='bbox 723 1627 754 1687; x_wconf 91' lang='lat' dir='ltr'><em>in</em></span> <span class='ocrx_word' id='word_1_107' title='bbox 768 1629 819 1691; x_wconf 90' lang='lat' dir='ltr'><em>lib.</em></span> <span class='ocrx_word' id='word_1_108' title='bbox 834 1624 871 1687; x_wconf 92' lang='lat'><em>10</em></span> <span class='ocrx_word' id='word_1_109' title='bbox 890 1627 1003 1704; x_wconf 84' lang='lat' dir='ltr'><em>limine,</em></span> <span class='ocrx_word' id='word_1_110' title='bbox 1023 1625 1056 1687; x_wconf 89' lang='lat' dir='ltr'><em>in</em></span> <span class='ocrx_word' id='word_1_111' title='bbox 1073 1625 1359 1688; x_wconf 68' lang='lat' dir='ltr'><em>adesimemtomm</em></span> 
     </span>
     <span class='ocr_line' id='line_1_16' title="bbox 269 1710 1361 1798; baseline -0.008 -21"><span class='ocrx_word' id='word_1_112' title='bbox 269 1715 546 1798; x_wconf 63' lang='lat' dir='ltr'><em>alpenninum</em></span> <span class='ocrx_word' id='word_1_113' title='bbox 557 1728 588 1773; x_wconf 87' lang='lat' dir='ltr'><em>et</em></span> <span class='ocrx_word' id='word_1_114' title='bbox 601 1713 741 1773; x_wconf 78' lang='lat' dir='ltr'><em>Galerius</em></span> <span class='ocrx_word' id='word_1_115' title='bbox 759 1713 883 1796; x_wconf 74' lang='lat' dir='ltr'><em>Augusti</em></span> <span class='ocrx_word' id='word_1_116' title='bbox 892 1712 990 1772; x_wconf 79' lang='lat' dir='ltr'><em>creati</em></span> <span class='ocrx_word' id='word_1_117' title='bbox 1001 1723 1075 1785; x_wconf 89' lang='lat' dir='ltr'><em>sunt,</em></span> <span class='ocrx_word' id='word_1_118' title='bbox 1094 1710 1270 1792; x_wconf 84' lang='lat' dir='ltr'><em>divisusque</em></span> <span class='ocrx_word' id='word_1_119' title='bbox 1283 1711 1361 1769; x_wconf 85' lang='lat' dir='ltr'><em>inter</em></span> 
     </span>
     <span class='ocr_line' id='line_1_17' title="bbox 269 1793 1360 1874; baseline -0.009 -16"><span class='ocrx_word' id='word_1_120' title='bbox 269 1817 321 1859; x_wconf 85' lang='lat' dir='ltr'><em>eos</em></span> <span class='ocrx_word' id='word_1_121' title='bbox 342 1797 494 1858; x_wconf 81' lang='lat' dir='ltr'><em>Romamn</em></span> <span class='ocrx_word' id='word_1_122' title='bbox 515 1797 615 1872; x_wconf 87' lang='lat' dir='ltr'><em>orbis,</em></span> <span class='ocrx_word' id='word_1_123' title='bbox 634 1809 667 1856; x_wconf 88' lang='lat' dir='ltr'><em>ut</em></span> <span class='ocrx_word' id='word_1_124' title='bbox 686 1794 853 1874; x_wconf 79' lang='lat' dir='ltr'><em>Galliam,</em></span> <span class='ocrx_word' id='word_1_125' title='bbox 876 1795 1013 1870; x_wconf 86' lang='lat' dir='ltr'><em>Italiam,</em></span> <span class='ocrx_word' id='word_1_126' title='bbox 1037 1793 1191 1873; x_wconf 86' lang='lat' dir='ltr'><em>Africam,</em></span> <span class='ocrx_word' id='word_1_127' title='bbox 1213 1793 1360 1854; x_wconf 79' lang='lat' dir='ltr'><em>Constan-</em></span> 
     </span>
     <span class='ocr_line' id='line_1_18' title="bbox 269 1877 1362 1957; baseline -0.005 -17"><span class='ocrx_word' id='word_1_128' title='bbox 269 1883 344 1944; x_wconf 86' lang='lat' dir='ltr'><em>tius.-</em></span> <span class='ocrx_word' id='word_1_129' title='bbox 368 1879 548 1957; x_wconf 72' lang='lat' dir='ltr'><em>Illyricum,</em></span> <span class='ocrx_word' id='word_1_130' title='bbox 570 1880 698 1955; x_wconf 82' lang='lat' dir='ltr'><em>Asiam,</em></span> <span class='ocrx_word' id='word_1_131' title='bbox 725 1878 897 1954; x_wconf 77' lang='lat' dir='ltr'><em>Orientem,</em></span> <span class='ocrx_word' id='word_1_132' title='bbox 925 1878 1065 1938; x_wconf 77' lang='lat' dir='ltr'><em>Galerim</em></span> <span class='ocrx_word' id='word_1_133' title='bbox 1092 1877 1254 1938; x_wconf 85' lang='lat' dir='ltr'><em>obtineret:</em></span> <span class='ocrx_word' id='word_1_134' title='bbox 1280 1895 1362 1936; x_wconf 85' lang='lat' dir='ltr'><em>sum-</em></span> 
     </span>
     <span class='ocr_line' id='line_1_19' title="bbox 266 1959 1361 2042; baseline -0.002 -20"><span class='ocrx_word' id='word_1_135' title='bbox 266 1965 330 2042; x_wconf 77' lang='lat' dir='ltr'><em>ptis</em></span> <span class='ocrx_word' id='word_1_136' title='bbox 349 1962 462 2022; x_wconf 71' lang='lat' dir='ltr'><em>duabsu</em></span> <span class='ocrx_word' id='word_1_137' title='bbox 487 1961 675 2022; x_wconf 81' lang='lat' dir='ltr'><em>Caesaribus.</em></span> <span class='ocrx_word' id='word_1_138' title='bbox 709 1963 898 2024; x_wconf 87' lang='lat' dir='ltr'><em>Constantius</em></span> <span class='ocrx_word' id='word_1_139' title='bbox 919 1975 1019 2021; x_wconf 86' lang='lat' dir='ltr'><em>tamen</em></span> <span class='ocrx_word' id='word_1_140' title='bbox 1047 1973 1197 2021; x_wconf 86' lang='lat' dir='ltr'><em>contentus</em></span> <span class='ocrx_word' id='word_1_141' title='bbox 1217 1959 1361 2040; x_wconf 74' lang='lat' dir='ltr'><em>dignitate</em></span> 
     </span>
     <span class='ocr_line' id='line_1_20' title="bbox 270 2041 1362 2126; baseline -0.005 -19"><span class='ocrx_word' id='word_1_142' title='bbox 270 2046 420 2124; x_wconf 72' lang='lat' dir='ltr'><em>Augusti,</em></span> <span class='ocrx_word' id='word_1_143' title='bbox 443 2045 558 2107; x_wconf 85' lang='lat' dir='ltr'><em>ltaliae</em></span> <span class='ocrx_word' id='word_1_144' title='bbox 576 2058 665 2126; x_wconf 77' lang='lat' dir='ltr'><em>atque</em></span> <span class='ocrx_word' id='word_1_145' title='bbox 694 2045 820 2113; x_wconf 72' lang='lat' dir='ltr'><em>Africae</em></span> <span class='ocrx_word' id='word_1_146' title='bbox 848 2043 1104 2104; x_wconf 77' lang='lat' dir='ltr'><em>administrandae</em></span> <span class='ocrx_word' id='word_1_147' title='bbox 1129 2041 1362 2104; x_wconf 85' lang='lat' dir='ltr'><em>sollicitudinem</em></span> 
     </span>
     <span class='ocr_line' id='line_1_21' title="bbox 272 2125 1362 2212; baseline -0.002 -25"><span class='ocrx_word' id='word_1_148' title='bbox 272 2130 428 2187; x_wconf 80' lang='lat' dir='ltr'><em>rectaavit.</em></span> <span class='ocrx_word' id='word_1_149' title='bbox 476 2130 529 2187; x_wconf 86' lang='lat' dir='ltr'><em>vir</em></span> <span class='ocrx_word' id='word_1_150' title='bbox 549 2130 681 2208; x_wconf 77' lang='lat' dir='ltr'><em>egregius</em></span> <span class='ocrx_word' id='word_1_151' title='bbox 703 2143 732 2188; x_wconf 91' lang='lat' dir='ltr'><em>et</em></span> <span class='ocrx_word' id='word_1_152' title='bbox 751 2129 1034 2212; x_wconf 84' lang='lat' dir='ltr'><em>praestantissimae</em></span> <span class='ocrx_word' id='word_1_153' title='bbox 1052 2127 1223 2200; x_wconf 83' lang='lat' dir='ltr'><em>civilitatis,</em></span> <span class='ocrx_word' id='word_1_154' title='bbox 1243 2125 1362 2186; x_wconf 80' lang='lat' dir='ltr'><em>diuitiis</em></span> 
     </span>
     <span class='ocr_line' id='line_1_22' title="bbox 267 2207 1364 2298; baseline -0.002 -28"><span class='ocrx_word' id='word_1_155' title='bbox 267 2208 512 2294; x_wconf 84' lang='lat' dir='ltr'><em>provincialium</em></span> <span class='ocrx_word' id='word_1_156' title='bbox 543 2231 582 2271; x_wconf 85' lang='lat' dir='ltr'><em>ac</em></span> <span class='ocrx_word' id='word_1_157' title='bbox 599 2213 788 2292; x_wconf 83' lang='lat' dir='ltr'><em>privatorum</em></span> <span class='ocrx_word' id='word_1_158' title='bbox 811 2213 939 2286; x_wconf 87' lang='lat' dir='ltr'><em>studens,</em></span> <span class='ocrx_word' id='word_1_159' title='bbox 953 2209 1031 2298; x_wconf 83' lang='lat' dir='ltr'><em>fisci</em></span> <span class='ocrx_word' id='word_1_160' title='bbox 1052 2209 1205 2269; x_wconf 89' lang='lat' dir='ltr'><em>commoda</em></span> <span class='ocrx_word' id='word_1_161' title='bbox 1225 2229 1287 2269; x_wconf 89' lang='lat' dir='ltr'><em>non</em></span> <span class='ocrx_word' id='word_1_162' title='bbox 1307 2207 1364 2268; x_wconf 68' lang='lat' dir='ltr'><em>ad-</em></span> 
     </span>
     <span class='ocr_line' id='line_1_23' title="bbox 272 2285 1364 2377; baseline -0.003 -25"><span class='ocrx_word' id='word_1_163' title='bbox 272 2292 392 2352; x_wconf 88' lang='lat' dir='ltr'><em>modum</em></span> <span class='ocrx_word' id='word_1_164' title='bbox 412 2291 577 2374; x_wconf 66' lang='lat' dir='ltr'><em>affectans,</em></span> <span class='ocrx_word' id='word_1_165' title='bbox 598 2293 774 2377; x_wconf 81' lang='lat' dir='ltr'><em>dicensque.-</em></span> <span class='ocrx_word' id='word_1_166' title='bbox 801 2295 903 2354; x_wconf 86' lang='lat' dir='ltr'><em>melius</em></span> <span class='ocrx_word' id='word_1_167' title='bbox 919 2293 1060 2377; x_wconf 84' lang='lat' dir='ltr'><em>publicas</em></span> <span class='ocrx_word' id='word_1_168' title='bbox 1089 2313 1158 2374; x_wconf 89' lang='lat' dir='ltr'><em>opes</em></span> <span class='ocrx_word' id='word_1_169' title='bbox 1183 2285 1213 2354; x_wconf 40' lang='lat' dir='ltr'><em>a*</em></span> <span class='ocrx_word' id='word_1_170' title='bbox 1228 2293 1364 2376; x_wconf 85' lang='lat' dir='ltr'><em>privatis</em></span> 
     </span>
     <span class='ocr_line' id='line_1_24' title="bbox 274 2375 1366 2459; baseline -0.001 -24"><span class='ocrx_word' id='word_1_171' title='bbox 274 2377 389 2456; x_wconf 81' lang='lat' dir='ltr'><em>baberi,</em></span> <span class='ocrx_word' id='word_1_172' title='bbox 403 2396 498 2459; x_wconf 82' lang='lat' dir='ltr'><em>qnam</em></span> <span class='ocrx_word' id='word_1_173' title='bbox 509 2377 593 2438; x_wconf 87' lang='lat' dir='ltr'><em>intra</em></span> <span class='ocrx_word' id='word_1_174' title='bbox 603 2398 691 2436; x_wconf 79' lang='lat' dir='ltr'><em>amun</em></span> <span class='ocrx_word' id='word_1_175' title='bbox 705 2378 865 2438; x_wconf 88' lang='lat' dir='ltr'><em>claustrum</em></span> <span class='ocrx_word' id='word_1_176' title='bbox 879 2377 1039 2438; x_wconf 75' lang='lat' dir='ltr'><em>reservari.</em></span> <span class='ocrx_word' id='word_1_177' title='bbox 1062 2375 1140 2438; x_wconf 85' lang='lat' dir='ltr'><em>adeo</em></span> <span class='ocrx_word' id='word_1_178' title='bbox 1153 2389 1250 2436; x_wconf 88' lang='lat' dir='ltr'><em>antem</em></span> <span class='ocrx_word' id='word_1_179' title='bbox 1271 2375 1366 2436; x_wconf 77' lang='lat' dir='ltr'><em>coloss</em></span> 
     </span>
    </p>
   </div>
   <div class='ocr_carea' id='block_1_5' title="bbox 274 2459 1475 2541">
    <p class='ocr_par' dir='ltr' id='par_1_5' title="bbox 274 2459 1475 2541">
     <span class='ocr_line' id='line_1_25' title="bbox 274 2459 1475 2541; baseline -0.002 -23"><span class='ocrx_word' id='word_1_180' title='bbox 274 2460 394 2535; x_wconf 70' lang='lat' dir='ltr'><em>niodicc,</em></span> <span class='ocrx_word' id='word_1_181' title='bbox 408 2472 440 2519; x_wconf 86' lang='lat' dir='ltr'><em>ut</em></span> <span class='ocrx_word' id='word_1_182' title='bbox 448 2459 542 2539; x_wconf 75' lang='lat' dir='ltr'><em>fiscis</em></span> <span class='ocrx_word' id='word_1_183' title='bbox 554 2460 665 2536; x_wconf 71' lang='grc' dir='ltr'><strong><em>άίεὸασ,</em></strong></span> <span class='ocrx_word' id='word_1_184' title='bbox 688 2464 792 2521; x_wconf 87' lang='lat' dir='ltr'><em>sicum</em></span> <span class='ocrx_word' id='word_1_185' title='bbox 806 2464 912 2521; x_wconf 86' lang='lat' dir='ltr'><em>amicis</em></span> <span class='ocrx_word' id='word_1_186' title='bbox 925 2460 1175 2521; x_wconf 82' lang='lat' dir='ltr'><em>nnnserosioribus</em></span> <span class='ocrx_word' id='word_1_187' title='bbox 1194 2472 1268 2519; x_wconf 85' lang='lat' dir='ltr'><em>esset</em></span> <span class='ocrx_word' id='word_1_188' title='bbox 1288 2478 1366 2541; x_wconf 85' lang='lat' dir='ltr'><em>epu-</em></span> <span class='ocrx_word' id='word_1_189' title='bbox 1473 2512 1475 2515; x_wconf 86' lang='lat'>.</span> 
     </span>
    </p>
   </div>
   <div class='ocr_carea' id='block_1_6' title="bbox 273 2542 1369 2953">
    <p class='ocr_par' dir='ltr' id='par_1_6' title="bbox 273 2542 1369 2953">
     <span class='ocr_line' id='line_1_26' title="bbox 276 2542 1366 2627; baseline -0.003 -26"><span class='ocrx_word' id='word_1_190' title='bbox 276 2542 413 2620; x_wconf 77' lang='grc' dir='ltr'><em>λαιιᾰαα,</em></span> <span class='ocrx_word' id='word_1_191' title='bbox 430 2545 620 2627; x_wconf 82' lang='lat' dir='ltr'><em>privatorum</em></span> <span class='ocrx_word' id='word_1_192' title='bbox 647 2544 691 2603; x_wconf 87' lang='lat' dir='ltr'><em>eis</em></span> <span class='ocrx_word' id='word_1_193' title='bbox 713 2558 833 2625; x_wconf 77' lang='lat' dir='ltr'><em>argento</em></span> <span class='ocrx_word' id='word_1_194' title='bbox 859 2544 992 2605; x_wconf 86' lang='lat' dir='ltr'><em>ostiatim</em></span> <span class='ocrx_word' id='word_1_195' title='bbox 1008 2544 1112 2625; x_wconf 87' lang='lat' dir='ltr'><em>petito,</em></span> <span class='ocrx_word' id='word_1_196' title='bbox 1134 2543 1270 2603; x_wconf 87' lang='lat' dir='ltr'><em>triclinia</em></span> <span class='ocrx_word' id='word_1_197' title='bbox 1290 2556 1366 2601; x_wconf 88' lang='lat' dir='ltr'><em>ster.</em></span> 
     </span>
     <span class='ocr_line' id='line_1_27' title="bbox 273 2625 1369 2703; baseline 0 -18"><span class='ocrx_word' id='word_1_198' title='bbox 273 2638 424 2685; x_wconf 79' lang='lat' dir='ltr'><em>narentur.</em></span> <span class='ocrx_word' id='word_1_199' title='bbox 469 2626 520 2685; x_wconf 86' lang='lat' dir='ltr'><em>bic</em></span> <span class='ocrx_word' id='word_1_200' title='bbox 540 2647 603 2687; x_wconf 90' lang='lat' dir='ltr'><em>non</em></span> <span class='ocrx_word' id='word_1_201' title='bbox 624 2626 712 2687; x_wconf 89' lang='lat' dir='ltr'><em>modo</em></span> <span class='ocrx_word' id='word_1_202' title='bbox 736 2626 888 2703; x_wconf 87' lang='lat' dir='ltr'><em>amabilis,</em></span> <span class='ocrx_word' id='word_1_203' title='bbox 909 2626 963 2686; x_wconf 91' lang='lat' dir='ltr'><em>sed</em></span> <span class='ocrx_word' id='word_1_204' title='bbox 982 2626 1076 2685; x_wconf 86' lang='lat' dir='ltr'><em>etiam</em></span> <span class='ocrx_word' id='word_1_205' title='bbox 1093 2626 1277 2686; x_wconf 82' lang='lat' dir='ltr'><em>uenerabilis</em></span> <span class='ocrx_word' id='word_1_206' title='bbox 1288 2625 1369 2685; x_wconf 86' lang='lat' dir='ltr'><em>Gal·</em></span> 
     </span>
     <span class='ocr_line' id='line_1_28' title="bbox 276 2707 1366 2793; baseline 0.003 -27"><span class='ocrx_word' id='word_1_207' title='bbox 276 2707 313 2766; x_wconf 87' lang='lat' dir='ltr'><em>lis</em></span> <span class='ocrx_word' id='word_1_208' title='bbox 324 2708 408 2784; x_wconf 85' lang='lat' dir='ltr'><em>fnit,</em></span> <span class='ocrx_word' id='word_1_209' title='bbox 427 2711 593 2790; x_wconf 80' lang='lat' dir='ltr'><em>praecipue</em></span> <span class='ocrx_word' id='word_1_210' title='bbox 614 2708 698 2793; x_wconf 85' lang='lat' dir='ltr'><em>qnod</em></span> <span class='ocrx_word' id='word_1_211' title='bbox 716 2708 909 2769; x_wconf 83' lang='lat' dir='ltr'><em>Diocletiani</em></span> <span class='ocrx_word' id='word_1_212' title='bbox 927 2720 1089 2790; x_wconf 87' lang='lat' dir='ltr'><em>suspectans</em></span> <span class='ocrx_word' id='word_1_213' title='bbox 1108 2708 1314 2791; x_wconf 85' lang='lat' dir='ltr'><em>prudentiam,</em></span> <span class='ocrx_word' id='word_1_214' title='bbox 1335 2719 1366 2769; x_wconf 88' lang='lat' dir='ltr'><em>et</em></span> 
     </span>
     <span class='ocr_line' id='line_1_29' title="bbox 277 2789 1366 2873; baseline 0.002 -24"><span class='ocrx_word' id='word_1_215' title='bbox 277 2789 467 2849; x_wconf 78' lang='lat' dir='ltr'><em>Maximiani</em></span> <span class='ocrx_word' id='word_1_216' title='bbox 487 2792 720 2871; x_wconf 73' lang='lat' dir='ltr'><em>sanguinariam</em></span> <span class='ocrx_word' id='word_1_217' title='bbox 740 2793 943 2852; x_wconf 84' lang='lat' dir='ltr'><em>temeritatem</em></span> <span class='ocrx_word' id='word_1_218' title='bbox 962 2792 1091 2873; x_wconf 86' lang='lat' dir='ltr'><em>imperio</em></span> <span class='ocrx_word' id='word_1_219' title='bbox 1110 2792 1172 2851; x_wconf 82' lang='lat' dir='ltr'><em>eins</em></span> <span class='ocrx_word' id='word_1_220' title='bbox 1194 2802 1366 2853; x_wconf 87' lang='lat' dir='ltr'><em>euaserant.</em></span> 
     </span>
     <span class='ocr_line' id='line_1_30' title="bbox 276 2872 1215 2953; baseline 0.001 -20"><span class='ocrx_word' id='word_1_221' title='bbox 276 2873 402 2933; x_wconf 78' lang='lat' dir='ltr'><em>obiitin</em></span> <span class='ocrx_word' id='word_1_222' title='bbox 422 2872 583 2933; x_wconf 81' lang='lat' dir='ltr'><em>Bn&#39;tarun&#39;a</em></span> <span class='ocrx_word' id='word_1_223' title='bbox 604 2874 758 2953; x_wconf 82' lang='lat' dir='ltr'><em>Eboraci,</em></span> <span class='ocrx_word' id='word_1_224' title='bbox 778 2883 837 2938; x_wconf 85' lang='lat' dir='ltr'><em>ate.</em></span> <span class='ocrx_word' id='word_1_225' title='bbox 857 2872 937 2935; x_wconf 86' lang='lat' dir='ltr'><em>idem</em></span> <span class='ocrx_word' id='word_1_226' title='bbox 959 2872 1069 2933; x_wconf 85' lang='lat' dir='ltr'><em>chron.</em></span> <span class='ocrx_word' id='word_1_227' title='bbox 1092 2874 1215 2935; x_wconf 77' lang='lat' dir='ltr'><em>Alexan.</em></span> 
     </span>
    </p>
   </div>
   <div class='ocr_carea' id='block_1_7' title="bbox 278 2983 1371 3417">
    <p class='ocr_par' dir='ltr' id='par_1_7' title="bbox 278 2983 1371 3417">
     <span class='ocr_line' id='line_1_31' title="bbox 364 2983 1368 3073; baseline 0.004 -26"><span class='ocrx_word' id='word_1_228' title='bbox 364 2983 413 3063; x_wconf 76' lang='lat'><em>14,</em></span> <span class='ocrx_word' id='word_1_229' title='bbox 434 2984 466 3047; x_wconf 83' lang='lat'><em>7.</em></span> <span class='ocrx_word' id='word_1_230' title='bbox 507 2986 701 3065; x_wconf 76' lang='grc' dir='ltr'><strong><em>βασιλεύσας</em></strong></span> <span class='ocrx_word' id='word_1_231' title='bbox 722 2983 776 3071; x_wconf 79' lang='grc' dir='ltr'><em>ἔτη</em></span> <span class='ocrx_word' id='word_1_232' title='bbox 804 2984 857 3073; x_wconf 84' lang='grc' dir='ltr'><strong><em>ια’]</em></strong></span> <span class='ocrx_word' id='word_1_233' title='bbox 879 2990 1070 3073; x_wconf 84' lang='lat' dir='ltr'><em>Pomponius</em></span> <span class='ocrx_word' id='word_1_234' title='bbox 1093 2991 1203 3051; x_wconf 86' lang='lat' dir='ltr'><em>Laetus</em></span> <span class='ocrx_word' id='word_1_235' title='bbox 1226 2989 1311 3073; x_wconf 85' lang='lat' dir='ltr'><em>qnasi</em></span> <span class='ocrx_word' id='word_1_236' title='bbox 1332 3009 1368 3051; x_wconf 83' lang='lat' dir='ltr'><em>ex</em></span> 
     </span>
     <span class='ocr_line' id='line_1_32' title="bbox 281 3072 1369 3159; baseline 0.002 -28"><span class='ocrx_word' id='word_1_237' title='bbox 281 3080 426 3133; x_wconf 82' lang='lat' dir='ltr'><em>auctore.</em></span> <span class='ocrx_word' id='word_1_238' title='bbox 450 3090 493 3131; x_wconf 75' lang='lat' dir='ltr'><em>ea</em></span> <span class='ocrx_word' id='word_1_239' title='bbox 508 3072 667 3133; x_wconf 75' lang='lat' dir='ltr'><em>Theodora</em></span> <span class='ocrx_word' id='word_1_240' title='bbox 686 3074 797 3137; x_wconf 82' lang='lat' dir='ltr'><em>liberos</em></span> <span class='ocrx_word' id='word_1_241' title='bbox 818 3078 950 3159; x_wconf 83' lang='lat' dir='ltr'><em>suscepit,</em></span> <span class='ocrx_word' id='word_1_242' title='bbox 967 3074 1203 3151; x_wconf 87' lang='lat' dir='ltr'><em>Constantinum,</em></span> <span class='ocrx_word' id='word_1_243' title='bbox 1225 3072 1369 3135; x_wconf 85' lang='lat' dir='ltr'><em>Anabul·</em></span> 
     </span>
     <span class='ocr_line' id='line_1_33' title="bbox 278 3155 1371 3233; baseline 0.002 -18"><span class='ocrx_word' id='word_1_244' title='bbox 278 3155 394 3216; x_wconf 83' lang='lat' dir='ltr'><em>liantnn</em></span> <span class='ocrx_word' id='word_1_245' title='bbox 405 3198 415 3231; x_wconf 98' lang='lat'><em>,</em></span> <span class='ocrx_word' id='word_1_246' title='bbox 444 3166 473 3213; x_wconf 89' lang='lat' dir='ltr'><em>et</em></span> <span class='ocrx_word' id='word_1_247' title='bbox 494 3156 716 3233; x_wconf 86' lang='lat' dir='ltr'><em>Constantium,</em></span> <span class='ocrx_word' id='word_1_248' title='bbox 745 3179 782 3216; x_wconf 88' lang='lat' dir='ltr'><em>ac</em></span> <span class='ocrx_word' id='word_1_249' title='bbox 808 3157 1035 3230; x_wconf 59' lang='lat' dir='ltr'><em>Constantiam</em></span> <span class='ocrx_word' id='word_1_250' title='bbox 1056 3157 1210 3217; x_wconf 83' lang='lat' dir='ltr'><em>xmdecimo</em></span> <span class='ocrx_word' id='word_1_251' title='bbox 1230 3177 1309 3218; x_wconf 88' lang='lat' dir='ltr'><em>anno</em></span> <span class='ocrx_word' id='word_1_252' title='bbox 1327 3178 1371 3217; x_wconf 74' lang='lat' dir='ltr'><em>en·</em></span> 
     </span>
     <span class='ocr_line' id='line_1_34' title="bbox 280 3238 1370 3323; baseline 0.002 -24"><span class='ocrx_word' id='word_1_253' title='bbox 280 3258 338 3323; x_wconf 75' lang='lat' dir='ltr'><em>queo</em></span> <span class='ocrx_word' id='word_1_254' title='bbox 358 3238 470 3299; x_wconf 75' lang='lat' dir='ltr'><em>Caesar</em></span> <span class='ocrx_word' id='word_1_255' title='bbox 496 3250 539 3297; x_wconf 86' lang='lat' dir='ltr'><em>est</em></span> <span class='ocrx_word' id='word_1_256' title='bbox 557 3241 664 3316; x_wconf 71' lang='lat' dir='ltr'><em>sacten</em></span> <span class='ocrx_word' id='word_1_257' title='bbox 689 3241 831 3300; x_wconf 84' lang='lat' dir='ltr'><em>occubuit.</em></span> <span class='ocrx_word' id='word_1_258' title='bbox 886 3262 923 3303; x_wconf 89' lang='lat' dir='ltr'><em>eo</em></span> <span class='ocrx_word' id='word_1_259' title='bbox 954 3259 1037 3301; x_wconf 81' lang='lat' dir='ltr'><em>anno</em></span> <span class='ocrx_word' id='word_1_260' title='bbox 1065 3262 1100 3300; x_wconf 87' lang='lat' dir='ltr'><em>ex</em></span> <span class='ocrx_word' id='word_1_261' title='bbox 1124 3240 1258 3300; x_wconf 84' lang='lat' dir='ltr'><em>auctoris</em></span> <span class='ocrx_word' id='word_1_262' title='bbox 1280 3260 1370 3301; x_wconf 83' lang='lat' dir='ltr'><em>sensu</em></span> 
     </span>
     <span class='ocr_line' id='line_1_35' title="bbox 282 3320 1368 3417; baseline -0.002 -35"><span class='ocrx_word' id='word_1_263' title='bbox 282 3342 347 3417; x_wconf 74' lang='lat' dir='ltr'><em>qno</em></span> <span class='ocrx_word' id='word_1_264' title='bbox 370 3320 581 3382; x_wconf 76' lang='lat' dir='ltr'><em>Diocletianus</em></span> <span class='ocrx_word' id='word_1_265' title='bbox 603 3332 635 3382; x_wconf 85' lang='lat' dir='ltr'><em>et</em></span> <span class='ocrx_word' id='word_1_266' title='bbox 647 3323 846 3383; x_wconf 83' lang='lat' dir='ltr'><em>Maximianus</em></span> <span class='ocrx_word' id='word_1_267' title='bbox 868 3323 1000 3405; x_wconf 81' lang='lat' dir='ltr'><em>imperio</em></span> <span class='ocrx_word' id='word_1_268' title='bbox 1022 3344 1055 3385; x_wconf 88' lang='lat' dir='ltr'><em>sa</em></span> <span class='ocrx_word' id='word_1_269' title='bbox 1073 3332 1242 3385; x_wconf 83' lang='lat' dir='ltr'><em>exuerunt:</em></span> <span class='ocrx_word' id='word_1_270' title='bbox 1267 3323 1368 3403; x_wconf 83' lang='lat' dir='ltr'><em>impe.</em></span> 
     </span>
    </p>
   </div>
   <div class='ocr_carea' id='block_1_8' title="bbox 281 3401 1446 3549">
    <p class='ocr_par' dir='ltr' id='par_1_8' title="bbox 281 3401 1446 3549">
     <span class='ocr_line' id='line_1_36' title="bbox 281 3401 1446 3549; baseline 0.004 -87"><span class='ocrx_word' id='word_1_271' title='bbox 281 3401 496 3549; x_wconf 54' lang='lat' dir='ltr'><em>{indquidffli</em></span> <span class='ocrx_word' id='word_1_272' title='bbox 515 3425 613 3548; x_wconf 54' lang='lat'><strong>{⁰¹¹⁰</strong></span> <span class='ocrx_word' id='word_1_273' title='bbox 645 3406 843 3467; x_wconf 74' lang='lat' dir='ltr'><em>Constantius</em></span> <span class='ocrx_word' id='word_1_274' title='bbox 864 3406 1041 3467; x_wconf 76' lang='lat' dir='ltr'><em>Maximiani</em></span> <span class='ocrx_word' id='word_1_275' title='bbox 1073 3427 1186 3491; x_wconf 84' lang='lat' dir='ltr'><em>gener,</em></span> <span class='ocrx_word' id='word_1_276' title='bbox 1208 3413 1240 3468; x_wconf 86' lang='lat' dir='ltr'><em>et</em></span> <span class='ocrx_word' id='word_1_277' title='bbox 1259 3406 1371 3467; x_wconf 81' lang='lat' dir='ltr'><em>Cacsar</em></span> <span class='ocrx_word' id='word_1_278' title='bbox 1439 3456 1446 3477; x_wconf 87' lang='grc'><em>,</em></span> 
     </span>
     <span class='ocr_line' id='line_1_37' title="bbox 371 3507 522 3547; baseline 0 0"><span class='ocrx_word' id='word_1_279' title='bbox 371 3507 406 3547; x_wconf 86' lang='lat' dir='ltr'><em>ra</em></span> <span class='ocrx_word' id='word_1_280' title='bbox 423 3507 457 3546; x_wconf 89' lang='lat' dir='ltr'><em>us</em></span> <span class='ocrx_word' id='word_1_281' title='bbox 492 3510 522 3547; x_wconf 89' lang='grc' dir='ltr'><em>αι</em></span> 
     </span>
    </p>
   </div>
   <div class='ocr_carea' id='block_1_9' title="bbox 283 3590 1407 3761">
    <p class='ocr_par' dir='ltr' id='par_1_9' title="bbox 283 3590 1407 3761">
     <span class='ocr_line' id='line_1_38' title="bbox 363 3590 1407 3679; baseline 0.003 -24"><span class='ocrx_word' id='word_1_282' title='bbox 363 3592 445 3655; x_wconf 74' lang='lat' dir='ltr'><em>ibid.</em></span> <span class='ocrx_word' id='word_1_283' title='bbox 470 3593 517 3656; x_wconf 90' lang='lat'><em>11.</em></span> <span class='ocrx_word' id='word_1_284' title='bbox 561 3590 761 3673; x_wconf 73' lang='grc' dir='ltr'><strong><em>ὁμοπατρίων</em></strong></span> <span class='ocrx_word' id='word_1_285' title='bbox 778 3596 1029 3679; x_wconf 77' lang='lat' dir='ltr'><em>litorasam&#39;rou]</em></span> <span class='ocrx_word' id='word_1_286' title='bbox 1050 3596 1106 3659; x_wconf 82' lang='lat' dir='ltr'><em>ista</em></span> <span class='ocrx_word' id='word_1_287' title='bbox 1127 3618 1198 3658; x_wconf 85' lang='lat' dir='ltr'><em>cnm</em></span> <span class='ocrx_word' id='word_1_288' title='bbox 1218 3594 1373 3659; x_wconf 80' lang='lat' dir='ltr'><em>annotatis</em></span> <span class='ocrx_word' id='word_1_289' title='bbox 1404 3648 1407 3658; x_wconf 95' lang='lat'><em>.</em></span> 
     </span>
     <span class='ocr_line' id='line_1_39' title="bbox 283 3676 724 3761; baseline 0.002 -23"><span class='ocrx_word' id='word_1_290' title='bbox 283 3676 324 3738; x_wconf 77' lang='lat' dir='ltr'><em>ad</em></span> <span class='ocrx_word' id='word_1_291' title='bbox 344 3698 417 3761; x_wconf 77' lang='lat' dir='ltr'><em>pag.</em></span> <span class='ocrx_word' id='word_1_292' title='bbox 442 3676 481 3739; x_wconf 80' lang='lat'><em>15</em></span> <span class='ocrx_word' id='word_1_293' title='bbox 501 3680 724 3760; x_wconf 83' lang='lat' dir='ltr'><em>comparanda.</em></span> 
     </span>
    </p>
   </div>
   <div class='ocr_carea' id='block_1_10' title="bbox 283 3798 1371 4033">
    <p class='ocr_par' dir='ltr' id='par_1_10' title="bbox 283 3798 1371 4033">
     <span class='ocr_line' id='line_1_40' title="bbox 366 3798 1367 3889; baseline -0.002 -26"><span class='ocrx_word' id='word_1_294' title='bbox 366 3801 448 3865; x_wconf 79' lang='lat' dir='ltr'><em>ibid.</em></span> <span class='ocrx_word' id='word_1_295' title='bbox 473 3803 523 3865; x_wconf 84' lang='grc'><em>18.</em></span> <span class='ocrx_word' id='word_1_296' title='bbox 565 3798 696 3879; x_wconf 79' lang='grc' dir='ltr'><em>τὸνμὲν</em></span> <span class='ocrx_word' id='word_1_297' title='bbox 715 3799 797 3865; x_wconf 79' lang='grc' dir='ltr'><em>ἴδιον</em></span> <span class='ocrx_word' id='word_1_298' title='bbox 818 3798 890 3864; x_wconf 80' lang='grc' dir='ltr'><em>υἱὸν</em></span> <span class='ocrx_word' id='word_1_299' title='bbox 913 3804 1103 3885; x_wconf 56' lang='lat' dir='ltr'><em>Malacinos]</em></span> <span class='ocrx_word' id='word_1_300' title='bbox 1123 3802 1223 3882; x_wconf 73' lang='grc' dir='ltr'><strong><em>θέσει,</em></strong></span> <span class='ocrx_word' id='word_1_301' title='bbox 1242 3803 1367 3889; x_wconf 79' lang='lat' dir='ltr'><em>adopti-</em></span> 
     </span>
     <span class='ocr_line' id='line_1_41' title="bbox 283 3885 1371 4033; baseline 0.001 -85"><span class='ocrx_word' id='word_1_302' title='bbox 283 3908 459 4033; x_wconf 52' lang='grc' dir='ltr'><em>ἷῖιὲιίωαοα</em></span> <span class='ocrx_word' id='word_1_303' title='bbox 493 3885 607 3970; x_wconf 72' lang='grc' dir='ltr'><strong><em>φύσει,</em></strong></span> <span class='ocrx_word' id='word_1_304' title='bbox 637 3890 811 3949; x_wconf 78' lang='lat' dir='ltr'><em>naturalem</em></span> <span class='ocrx_word' id='word_1_305' title='bbox 844 3898 1014 3971; x_wconf 87' lang='lat' dir='ltr'><em>utrumque</em></span> <span class='ocrx_word' id='word_1_306' title='bbox 1049 3888 1159 3951; x_wconf 85' lang='lat' dir='ltr'><em>scribit</em></span> <span class='ocrx_word' id='word_1_307' title='bbox 1178 3888 1371 3971; x_wconf 82' lang='lat' dir='ltr'><em>Pomponius</em></span> 
     </span>
    </p>
   </div>
   <div class='ocr_carea' id='block_1_11' title="bbox 288 4070 1376 4245">
    <p class='ocr_par' dir='ltr' id='par_1_11' title="bbox 288 4070 1376 4245">
     <span class='ocr_line' id='line_1_42' title="bbox 368 4070 1374 4161; baseline 0 -24"><span class='ocrx_word' id='word_1_308' title='bbox 368 4078 449 4140; x_wconf 80' lang='lat' dir='ltr'><em>liii.</em></span> <span class='ocrx_word' id='word_1_309' title='bbox 473 4075 523 4139; x_wconf 84' lang='lat'><em>19.</em></span> <span class='ocrx_word' id='word_1_310' title='bbox 564 4072 594 4139; x_wconf 86' lang='lat' dir='ltr'><em>oi</em></span> <span class='ocrx_word' id='word_1_311' title='bbox 614 4076 649 4138; x_wconf 77' lang='lat' dir='ltr'><em>ll</em></span> <span class='ocrx_word' id='word_1_312' title='bbox 668 4076 702 4137; x_wconf 76' lang='grc' dir='ltr'><em>ἐν</em></span> <span class='ocrx_word' id='word_1_313' title='bbox 717 4070 823 4159; x_wconf 68' lang='grc' dir='ltr'><em>Ῥώμη</em></span> <span class='ocrx_word' id='word_1_314' title='bbox 855 4079 1058 4161; x_wconf 72' lang='grc' dir='ltr'><strong><em>στρατιῶται]</em></strong></span> <span class='ocrx_word' id='word_1_315' title='bbox 1088 4080 1143 4141; x_wconf 85' lang='lat' dir='ltr'><em>nisi</em></span> <span class='ocrx_word' id='word_1_316' title='bbox 1166 4078 1374 4155; x_wconf 74' lang='lat' dir='ltr'><em>abbreviaret,</em></span> 
     </span>
     <span class='ocr_line' id='line_1_43' title="bbox 288 4142 1376 4245; baseline 0.004 -26"><span class='ocrx_word' id='word_1_317' title='bbox 288 4156 479 4223; x_wconf 80' lang='lat' dir='ltr'><em>adverbum</em></span> <span class='ocrx_word' id='word_1_318' title='bbox 499 4169 611 4223; x_wconf 83' lang='lat' dir='ltr'><em>anctos</em></span> <span class='ocrx_word' id='word_1_319' title='bbox 631 4161 765 4225; x_wconf 76' lang='lat' dir='ltr'><em>referret</em></span> <span class='ocrx_word' id='word_1_320' title='bbox 784 4142 972 4245; x_wconf 58' lang='lat' dir='ltr'><em>&amp;atropium</em></span> <span class='ocrx_word' id='word_1_321' title='bbox 991 4164 1044 4224; x_wconf 86' lang='lat' dir='ltr'><em>lib.</em></span> <span class='ocrx_word' id='word_1_322' title='bbox 1071 4158 1108 4225; x_wconf 86' lang='grc'><em>10</em></span> <span class='ocrx_word' id='word_1_323' title='bbox 1131 4162 1270 4225; x_wconf 82' lang='lat' dir='ltr'><em>insonte.</em></span> <span class='ocrx_word' id='word_1_324' title='bbox 1312 4160 1376 4223; x_wconf 86' lang='lat' dir='ltr'><em>lio-</em></span> 
     </span>
    </p>
   </div>
   <div class='ocr_carea' id='block_1_12' title="bbox 0 0 1550 4900">
    <p class='ocr_par' dir='ltr' id='par_1_12' title="bbox 0 0 1550 4900">
     <span class='ocr_line' id='line_1_44' title="bbox 0 0 1550 4900; baseline 0 0"><span class='ocrx_word' id='word_1_325' title='bbox 0 0 1550 4900; x_wconf 95' lang='lat' dir='ltr'><em> </em></span> 
     </span>
    </p>
   </div>
  </div>
 </body>
</html>
