3050 4900
277 364 351 439 ‘256
423 375 634 442 anastasis
668 372 862 441 flieronis
890 370 1202 445 occnmtnsrtet

275 547 422 613 serenitas
451 568 503 611 eos
524 548 665 633 cepisset,
684 544 990 607 circumferebantur
1016 545 1049 609 in
1071 548 1190 633 pelago.
1232 570 1365 635 eumque

275 642 380 695 terrae
400 632 535 715 proximi
566 638 767 707 tenerentur,
803 629 951 691 viderunt
977 651 1030 691 eos
1049 640 1223 711 praetores,
1246 644 1279 697 et
1300 636 1365 699 acio

275 717 395 779 directa
418 715 598 799 praeparati
630 722 703 777 suot
736 712 775 774 ad
795 712 997 775 bellandum'
1036 712 1230 796 Theophilus
1262 727 1380 787 aumas,

276 800 540 883 Cibyraeotorum
562 806 710 881 praetor,
737 818 810 857 cnm
836 797 887 857 vir
913 807 992 859 esset
1013 797 1161 861 robustos
1180 812 1276 884 atque
1295 803 1364 863 for..

216 898 221 907 '
251 882 418 959 „tissimum
441 882 511 945 tisus
532 888 566 943 et
582 891 655 943 ante
679 901 786 943 omnes
806 900 941 963 egressos
975 878 1080 941 tentus
1100 891 1146 944 cst
1165 883 1204 945 ab
1225 886 1289 963 eis;
1311 884 1365 969 qui

274 986 347 1029 cum
367 964 476 1029 ductus
499 965 538 1029 ad
561 970 666 1029 Aaron
687 965 794 1027 suisset
814 964 853 1024 ab
874 983 912 1027 eo
933 961 1095 1044 videndos,
1116 964 1298 1031 adhortatus
1318 978 1364 1031 cst

275 1058 311 1111 ut
332 1048 481 1132 proditor
502 1049 592 1111 lieret
624 1058 656 1110 et
677 1046 861 1129 temporalia
892 1044 976 1112 dona
994 1046 1176 1129 susciperet.
1211 1053 1365 1134 quicum

274 1133 337 1203 hoc
359 1134 529 1195 nullatenus
544 1132 721 1208 admisisset,
741 1152 801 1213 per
815 1131 1009 1215 ampliusque
1029 1140 1155 1194 coactus
1167 1154 1364 1219 nequaquem

275 1216 429 1293 cessisset,
461 1213 557 1299 gladii
576 1214 874 1279 animadversionem
906 1215 1057 1279 sustinens
1083 1225 1207 1299 martyr
1228 1219 1365 1301 optimae

275 1310 321 1363 est
341 1310 489 1363 ostensus.

355 1398 466 1461 Mundi
488 1418 570 1461 anno
583 1395 676 1474 6983,
700 1396 824 1461 <livinae
840 1394 1064 1459 incarnationis
1085 1418 1166 1461 anno
1188 1395 1261 1474 783,
1279 1421 1365 1465 anno

274 1501 353 1543 vero
374 1483 498 1564 imperii
518 1482 712 1546 Coosmntini
732 1484 840 1565 primo
862 1500 966 1543 mense
985 1483 1194 1563 Septembrio‚
1217 1481 1372 1546 indictio.

273 1564 319 1627 nis
341 1565 479 1629 decimae
500 1576 649 1651 quartae,
672 1574 828 1628 venerunt
856 1565 911 1647 qui
932 1564 1119 1629 adiurabant
1140 1566 1180 1627 ad
1201 1568 1365 1629 Armenia.

273 1670 386 1711 corum
407 1651 532 1727 tlsemn;
589 1650 620 1709 ui
642 1649 748 1711 iurare
773 1648 900 1710 minime
926 1658 1167 1723 consenserunt,
1196 1651 1270 1733 quia
1301 1673 1363 1713 oon

271 1734 498 1816 imperabimur
531 1674 633 1793 silio
668 1744 724 1794 too
748 1731 778 1793 in
802 1733 864 1793 sita
887 1742 951 1807 tua,
982 1732 1035 1793 sed
1057 1754 1115 1795 nec
1134 1732 1380 1817 praeponimus,·

272 1816 429 1900 inquiunt,
452 1837 563 1877 nornen
585 1816 737 1878 Heirenae
757 1824 830 1877 ante
847 1816 1042 1877 Constantini
1062 1837 1185 1894 nomen,
1203 1818 1257 1879 sed
1278 1819 1364 1879 Con-

272 1900 399 1963 stantini
421 1908 454 1961 et
474 1900 646 1974 idcircone,
678 1908 714 1960 ut
735 1899 775 1960 ab
796 1899 887 1959 initio
909 1899 1105 1979 suscepimus.
1157 1902 1365 1967 minitantem

273 1983 389 2045 iterum
413 1982 452 2043 ad
474 1982 695 2045 inflectendum
715 2004 766 2044 eos
800 1980 938 2043 blesium
956 1982 1148 2063 spatharium
1169 1991 1201 2045 et
1225 1985 1364 2067 drunga-

173 2067 356 2153 p,722rinm
374 2066 504 2149 vigiliae.
547 2074 580 2127 at
600 2066 644 2127 illi
665 2072 804 2129 tenentes
821 2086 903 2135 eom,
925 2074 961 2126 nt
979 2065 1038 2127 sibi
1058 2076 1224 2147 praeesset,
1249 2088 1364 2151 prore·

272 2158 392 2212 rerunt.
434 2148 647 2232 Nicephorum
668 2170 743 2211 vero
758 2150 925 2232 patricium
946 2158 979 2211 et
993 2160 1174 2230 praetorem
1194 2171 1284 2213 snum
1305 2173 1364 2213 cu·

271 2232 390 2295 stodiae
414 2232 648 2315 manciparunt,
669 2233 969 2315 constantinumque
1001 2230 1101 2295 solum
1129 2235 1303 2317 principem
1331 2243 1365 2297 et

272 2318 496 2398 imperatorem
519 2317 727 2378 laudaverunt
753 2326 787 2377 et
816 2316 1073 2379 acclamaverunt.
1115 2315 1178 2379 hoc
1197 2328 1364 2399 comperto

271 2402 468 2486 reliquorum
489 2402 599 2483 populi
619 2400 800 2477 thematum,
820 2400 1022 2482 praetoribus
1042 2398 1103 2461 suis
1124 2401 1253 2483 expulsit
1275 2404 1364 2466 Con.

269 2486 439 2548 stantinnm
461 2493 583 2547 tantuna
606 2484 877 2568 imperatoremet
899 2483 955 2565 ipsi
976 2483 1210 2565 praedicabant.
1253 2507 1273 2546 o
1295 2508 1364 2548 ma-
1483 2500 1487 2509 “

269 2569 347 2652 ligni
368 2569 483 2632 dioboli
499 2567 657 2644 versutias,
682 2568 843 2650 quomodo
865 2589 925 2649 per
947 2567 1044 2627 molta
1060 2569 1165 2631 studet
1178 2579 1364 2653 argomento

270 2673 365 2736 genus
387 2653 551 2714 homiuum
579 2651 735 2734 perdere!
794 2650 850 2733 qui
873 2651 956 2712 enim
975 2661 1048 2712 ento
1070 2651 1248 2735 quindecim
1268 2673 1365 2716 annos

270 2736 406 2798 terribili
436 2735 639 2797 iureiurando
678 2733 863 2796 iuraverant
894 2743 928 2796 et
965 2733 1047 2794 fecta
1077 2735 1229 2817 propriae
1255 2757 1366 2798 manus

270 2819 388 2902 scripta
422 2819 453 2880 in
487 2825 595 2879 sancto
626 2815 776 2878 tribunali
798 2814 1062 2893 recondiderunt,
1082 2818 1198 2882 iterum
1218 2820 1366 2882 iurabant

271 2923 304 2964 se
326 2923 343 2962 a
362 2900 513 2963 fitio‘eim
545 2921 607 2961 non
637 2899 837 2982 imperandos
863 2899 895 2960 in
914 2900 979 2962 vita
1001 2900 1105 2983 ipsios,
1125 2910 1158 2964 et
1178 2923 1286 2966 rursus
1303 2903 1365 2965 boc

273 2985 426 3046 oblivioni
446 2983 602 3046 tradentes
632 2983 871 3045 Constantinum
899 2981 1122 3066 imperatorem
1142 2985 1244 3049 bonae
1265 2987 1365 3051 famae

271 3067 415 3130 laudibus
436 3067 614 3142 efferebant,
634 3087 696 3128 non
714 3064 940 3150 perpendentes
953 3069 1058 3130 miseri
1077 3067 1164 3151 quod
1176 3090 1252 3137 non,
1264 3091 1364 3152 opor-

271 3159 338 3214 teat
362 3151 560 3234 reciprocum
588 3149 655 3210 lieri
687 3149 906 3212 iuramentum.
954 3149 1114 3214 necessitas
1134 3153 1218 3214 enim
1240 3152 1363 3214 ineam.

271 3232 377 3298 bitot
398 3255 522 3298 omnem
556 3233 751 3316 reciprocam
784 3234 973 3296 iurationem
1000 3235 1176 3316 periurium
1196 3235 1364 3318 subsequa-

272 3327 336 3383 tur.
378 3319 553 3399 periurium
579 3329 683 3378 autem
714 3327 759 3380 est
790 3319 956 3399 abnegatio
987 3316 1047 3380 dei.
1104 3319 1227 3381 collecti
1259 3331 1366 3393 autem

273 3402 431 3464 Octobrio
447 3423 550 3464 mense
561 3401 699 3466 decimae
710 3411 841 3485 quartae
853 3399 1033 3464 indictionis
1044 3401 1076 3462 bi
1090 3403 1144 3484 qni
1158 3421 1195 3464 er
1216 3402 1365 3464 tbernati-

271 3485 330 3548 taa
351 3495 441 3549 erant
462 3485 547 3566 apud
568 3488 708 3561 Atroam,
740 3484 952 3567 exquisierunt
974 3505 1079 3548 omnes
1101 3489 1260 3550 communi
1283 3510 1364 3551 con-

271 3568 342 3632 tilio
356 3570 592 3632 Constantinum
613 3569 852 3650 imperatorem,
873 3567 1055 3630 vicesimum
1074 3580 1217 3652 agentem
1237 3592 1363 3637 aarum,

273 3654 386 3716 fimens
407 3663 511 3714 autem
531 3651 667 3714 Heircae
686 3651 838 3732 impetam
857 3652 969 3734 popuii
983 3652 1117 3716 absolvit
1137 3674 1221 3717 eum.
1264 3661 1297 3714 at
1317 3654 1363 3717 illi

272 3735 357 3800 bunc
377 3735 503 3819 quidem
525 3735 748 3818 imperatorem
772 3732 1022 3812 affirmaverunt,
1056 3735 1148 3798 huius
1171 3745 1274 3798 autem
1293 3759 1363 3799 ma.

173 3829 355 3914 lammens
378 3829 574 3902 respuerunt.
615 3829 781 3900 praeterea
804 3818 918 3882 direxit
938 3821 1084 3899 protinus
1105 3820 1278 3902 imperator
1300 3823 1363 3884 lili.

274 3905 412 3968 cbaelem
439 3902 757 3968 Lachanodraconom
784 3910 817 3964 et
848 3903 996 3965 loannem
1032 3901 1170 3969 baiulum
1198 3925 1288 3966 snum
1324 3926 1364 3966 ac

244 4011 247 4022 ¹
273 3987 581 4072 protospatharium,
603 3996 634 4047 et
656 3985 836 4051 iuramentis
859 3985 1069 4048 submiserunt
1091 3987 1303 4063 Armeniacus,
1323 4008 1364 4051 oo

270 4074 464 4154 susciperent
487 4071 652 4134 bleisennm
676 4078 808 4131 matrem
836 4089 924 4138 suam
942 4070 1183 4151 imperatricem.
1223 4070 1365 4141 blesiam

191 4163 199 4182 ⁸
271 4177 350 4218 vero
372 4148 568 4218 confirmavit
589 4153 620 4216 in
643 4161 823 4234 praetorem
838 4175 953 4220 ⁴strum·
988 4163 1028 4222 ,et
1050 4174 1122 4215 cum
1144 4152 1284 4224 rediisset
1301 4153 1365 4215 im·

205 4259 216 4305 ῖ
246 4275 259 4310 =:
272 4247 405 4322 perator
424 4237 456 4324 in
477 4237 709 4304 arsennaria
723 4235 922 4315 Decembrio,
942 4257 1066 4312 mesum
1079 4247 1119 4302 ,et
1135 4237 1365 4306 manmena·
