3050 4900
605 335 754 464 uorsa„
1149 389 1219 467 aaa

218 576 271 659 6⁹,
294 574 342 639 19.
384 571 419 638 δν
437 573 540 660 τούτῳ
559 575 603 660 rq'i
622 573 740 663 χρόνῳ]
769 575 909 660 priorem
929 575 1071 660 sequitur
1090 577 1141 641 hio
1162 597 1223 658 με·

134 657 349 741 ταχρανισμός»
371 659 475 741 primo
505 669 632 743 aspectu
664 660 889 743 despiciendus.
948 660 1099 724 historiae
1126 663 1222 724 rerba

37 785 47 796 ·
133 753 298 807 mutuatur
316 753 428 805 auctor
447 765 465 804 a
488 742 641 805 chronico
660 743 880 822 Alexandrino,
898 745 931 806 in
951 765 1015 830 quo
1038 744 1223 808 describitur

133 827 176 889 ad
196 849 312 890 annum
334 827 507 890 Constantii
540 824 694 889 decimum
718 829 858 893 tertium.
902 828 940 892 de
964 828 1066 890 crucis
1086 829 1170 891 istius
1190 829 1223 890 in

133 910 225 972 coelo
252 913 335 973 visae
365 921 510 992 tempore
539 909 633 972 habes
661 913 822 974 Socratem
851 919 882 972 et
902 913 1108 974 sozomenum
1130 912 1223 974 disse-

133 1002 250 1072 rentes,
270 994 354 1056 huuc
373 993 427 1056 lib.
446 987 468 1054 4
488 1011 558 1077 cap.
581 992 601 1056 3
623 1003 655 1056 et
674 993 705 1074 4,
727 995 812 1056 iiiam
834 993 886 1058 lib.
911 996 1018 1077 Qcap.
1039 995 1091 1062 24.
1133 995 1222 1058 Gallo

133 1078 283 1138 nimirum
312 1077 344 1138 in
365 1077 526 1138 Caesarem
555 1075 736 1160 designato,
757 1087 789 1140 et
816 1079 848 1138 in
870 1079 991 1162 Syriam
1012 1079 1102 1140 misso
1124 1101 1141 1139 a
1165 1101 1223 1160 pa..

132 1163 236 1222 traete
257 1161 437 1222 Constantio
476 1181 557 1220 anno
590 1160 715 1243 imperii
740 1161 787 1222 sui
808 1159 927 1222 decimo
957 1171 1092 1245 quartos
1112 1162 1222 1245 quibus

133 1241 309 1306 chronicon
325 1242 772 1342 Alexandrinumsuffraqatnr.
815 1243 896 1308 diem
914 1253 1108 1328 pentecostes
1128 1245 1222 1328 ipsius

132 1348 256 1389 sacrum
295 1327 433 1410 designet
464 1336 594 1409 auctor,
625 1331 721 1388 Maras
755 1349 851 1392 nouas
892 1327 1063 1392 chronicon
1097 1329 1223 1411 praesa.

132 1419 233 1486 tom,.
249 1419 281 1473 et
306 1413 504 1474 Graecorum
533 1411 767 1495 menologium:
799 1411 876 1476 illud
910 1411 998 1474 addit
1028 1409 1139 1475 horam
1161 1410 1223 1474 diei

132 1494 270 1557 tertiam.

215 1613 268 1692 63,
286 1615 317 1678 7.
370 1611 605 1700 δραονόφρανα
633 1611 855 1696 διαβάλλουσι]
887 1617 1018 1681 dubium
1042 1617 1119 1679 illud
1140 1617 1224 1680 clare

130 1699 261 1762 discutit
283 1699 535 1782 theologicorum
556 1699 739 1784 dogmatum
758 1709 871 1762 auctor
891 1701 1035 1763 Patavius
1067 1700 1119 1762 iib.
1143 1701 1158 1761 l
1185 1700 1225 1764 de

130 1783 288 1846 Trinitate
308 1803 377 1866 cap.
399 1782 438 1845 13
473 1787 610 1846 numeris
632 1784 671 1846 10
693 1792 725 1846 et
747 1783 797 1846 11.
841 1781 923 1846 idem
945 1785 1049 1847 obiter
1073 1783 1224 1848 videndus

131 1866 270 1930 ciusdem
288 1867 341 1928 iib.
361 1887 430 1950 cap.
446 1863 485 1928 10
508 1889 641 1946 numero
664 1864 695 1928 6.
737 1868 842 1930 locum
862 1867 914 1930 hic
933 1870 972 1931 ab
992 1876 1123 1933 auctore
1143 1867 1223 1930 cita-

132 1957 200 2012 tum
216 1949 402 2012 catechesim
426 1949 621 2013 undecimam
642 1950 786 2013 affirmat.
993 1965 996 1974 ’

216 2070 320 2153 64,1.
361 2066 421 2151 λα’,
441 2069 507 2158 λβ]
534 2096 591 2137 nec
621 2096 693 2136 cuna
713 2083 894 2158 praecunte,
918 2095 976 2136 neo
996 2096 1067 2137 cum
1088 2075 1224 2140 canonio

129 2166 280 2240 coquente
300 2157 493 2220 conveniant
512 2155 544 2218 bi
557 2157 714 2220 Athanasii
737 2159 869 2238 numeri,
891 2159 984 2220 iidem
998 2159 1070 2220 iicet
1092 2159 1124 2219 iu
1143 2179 1223 2222 cun·

130 2241 191 2304 ctis
212 2240 370 2304 codicibus
392 2241 520 2323 reperti.
563 2261 675 2304 eorum
694 2240 762 2304 rice
782 2263 904 2324 repono
920 2237 945 2302 λ’
970 2251 1001 2304 et
1022 2237 1069 2303 λα’
1092 2261 1223 2304 consen.

127 2345 183 2386 cus
205 2325 483 2408 camsequeutibns
499 2323 661 2386 obtinendi
676 2325 787 2406 gratia.
808 2346 879 2386 cum
897 2323 1155 2405 praecedentibus
1178 2321 1223 2396 κς’

132 2407 270 2471 munnio
290 2408 497 2490 praecedente
518 2406 662 2470 notandis
680 2407 827 2470 dissensus
850 2407 940 2491 origo
961 2407 1000 2469 ad
1020 2405 1141 2491 pag.23
1163 2425 1224 2471 no.

131 2500 182 2555 tas
199 2492 426 2555 manifestatur.

216 2614 338 2679 tome.
378 2610 790 2698 ἈδανᾰσιοςκαδΠαδλος]
809 2612 991 2676 historicam
1010 2612 1222 2698 potiusquam

132 2696 316 2761 chronicam
337 2699 522 2761 relationem
547 2699 598 2761 bic
620 2700 738 2761 institui
753 2720 790 2760 ex
812 2719 849 2761 eo
872 2696 1110 2773 coniiciendum,
1136 2698 1223 2779 quod

131 2780 210 2844 baec
230 2785 338 2866 primis
360 2783 532 2845 Constantii
554 2784 639 2844 anuis
665 2792 750 2865 gesta
771 2782 947 2843 'lucuientcr
968 2789 1103 2861 exponat
1121 2782 1224 2842 Baro..
1323 2824 1327 2836 .

133 2867 203 2928 nius
223 2865 264 2926 nd
282 2888 398 2928 annum
418 2865 534 2927 Christi
555 2864 632 2948 342,
653 2876 686 2928 et
707 2860 914 2927 Constantiifi
935 2887 1019 2929 num.
1036 2858 1076 2925 47
1099 2874 1131 2927 et
1155 2886 1224 2925 ma.

131 2944 277 3012 xime48.
317 2949 442 3011 Eusebii
462 2949 566 3012 obitus
586 2970 672 3009 num.
686 2943 729 3009 43
751 2948 907 3029 asseritur.
949 2947 1110 3009 historiam
1133 2946 1223 3009 Penii

130 3032 330 3095 ctAtbannsii
344 3051 468 3093 omnem
488 3030 655 3095 adannum
673 3042 867 3113 praesentem
888 3031 1018 3093 relatam
1039 3031 1118 3113 leges
1138 3030 1223 3112 apud

129 3115 297 3179 Socratem
317 3114 372 3177 lib.
393 3115 413 3177 2
434 3136 503 3198 cap.
525 3112 545 3179 9
566 3125 598 3177 et
611 3136 698 3198 seqq.
730 3123 764 3176 et
781 3115 865 3198 apud
894 3114 1102 3177 sozomenum
1128 3111 1223 3177 lint

130 3220 204 3283 cap.
224 3196 246 3262 6
268 3209 301 3261 et
318 3219 406 3283 seqq.
433 3197 670 3280 chronologiam
694 3198 810 3260 nullam
832 3197 882 3261 bic
906 3197 1056 3282 requires.

214 3307 297 3372 thid.
310 3306 341 3367 4.
382 3300 479 3368 πάλιν
498 3302 544 3377 εἷς
560 3301 695 3388 Ῥώμην]
717 3328 791 3367 unm
807 3306 925 3367 italiam
944 3304 1036 3367 semel
1055 3312 1087 3367 ct
1106 3302 1223 3365 iterum

129 3388 247 3453 Paulus
270 3387 445 3472 repetierit,
468 3388 608 3451 edisserit
628 3390 780 3451 Beronius
804 3387 875 3449 loco
899 3389 1008 3455 citato.

216 3512 297 3576 Ibid.
322 3510 353 3575 9.
393 3506 603 3597 στρατηλάτῃ]
625 3510 681 3595 qui
700 3521 876 3575 memorato
897 3512 1071 3575 Soaomcno
1090 3502 1148 3589 τὴν
1167 3502 1223 3572 in-

129 3588 227 3675 πικὴν
247 3594 382 3674 δύναμιν
409 3594 673 3675 ἐπιτετραμμένος
693 3588 885 3677 στρατηγός,
908 3594 969 3656 dux
992 3594 1044 3658 cui
1065 3603 1222 3679 equestres

130 3680 243 3763 copiae
265 3680 452 3757 commissae,
472 3680 613 3764 equester}
628 3680 755 3741 mainus
773 3682 922 3762 magister,
944 3676 1120 3762 exponitur.

217 3804 297 3867 Ibr'd.
321 3801 369 3866 16.
412 3795 616 3865 Μακεδόνων
632 3802 710 3875 τέως
730 3799 789 3863 oriar
809 3800 1025 3883 δνεθρόνησεν]
1047 3822 1083 3864 cx
1105 3800 1222 3860 Socra.

130 3888 173 3950 tis
191 3886 231 3950 de
250 3886 437 3949 Macedonio
458 3884 606 3969 loquendi
629 3887 733 3947 forma
755 3884 832 3969 qnid
854 3885 971 3969 negotii
994 3884 1034 3946 sit
1054 3883 1222 3945 inrbsonor

130 3968 340 4070 δνθρανιζεινὶ
356 3969 534 4067 colligitur..
570 3962 774 4033 Μακεδόνων
790 3966 826 4030 di
839 3966 1007 4042 ἀναδεῖξαι
1026 3966 1083 4047 τῆς
1102 3958 1223 4036 πόλεως

130 4052 300 4117 ἐπίσκοπον
318 4053 494 4133 cuspidem
515 4053 569 4115 nb.
592 4052 612 4111 2
635 4072 704 4133 cap.
726 4049 775 4113 10.

216 4158 358 4223 Ibtd.18.
392 4149 521 4239 'Apron
540 4152 727 4240 ἧμαριαδων]
749 4158 861 4221 scribit
881 4160 1025 4223 Socrates
1046 4151 1224 4237 arreptos&

130 4234 307 4327 ἧμερδσιον,
321 4243 525 4331 ᾳαοαὶδὰιαααι
543 4242 727 4329 corrgrias'iwn
742 4242 843 4327 pmn's.
