3050 4900
295 283 378 358 '392
673 295 716 354 ns
737 291 1013 356 morannum

385 463 455 537 1811,
477 460 526 527 13.
568 453 730 536 πατρίκιος
748 450 766 517 ὃ
786 452 856 529 υἱὸς
875 448 1050 539 birunnun]
1070 455 1190 532 dauni,
1212 455 1260 518 uel
1281 455 1383 521 adhuc

298 544 416 622 latent,
451 543 504 622 qui
534 540 573 602 de
602 542 724 624 Asparia
751 543 841 622 gestis
862 541 971 623 amplis
1004 539 1213 601 uoluminibus
1233 540 1386 621 scripsere

296 628 423 690 Priscus
441 625 611 700 Thracius,
642 632 675 686 et
697 624 853 704 Candidus
877 627 1008 686 isaurus.
1048 621 1138 687 huin
1160 621 1310 706 quaedam
1330 645 1385 684 er-

286 710 452 792 ,prompsit
470 707 602 768 Photins
624 705 757 784 cod79,
777 707 856 768 illius
878 707 1028 788 Euagrius
1052 707 1106 770 lih.
1128 707 1148 768 2
1169 727 1236 788 cap.
1261 709 1312 784 16,
1330 705 1385 790 ubi

296 795 337 852 de
359 792 494 872 patricio
528 814 548 850 a
579 792 684 852 Leone
713 789 850 852 Caesaris
879 791 1061 872 dignitatern
1090 789 1227 872 adepto,
1255 789 1306 852 ha
1326 783 1386 868 τὴν

288 861 453 953 ’Aurunca
485 863 598 934 ὅνοίιιιι
625 867 775 952 κτήσηται
803 867 880 952 μετὰ
903 870 961 952 τὴν
982 873 1038 934 τοῦ
1056 867 1227 948 Ἀιθεμιόιι
1248 869 1385 954 σφαγήν.

295 971 328 1019 ιιι
347 959 410 1038 ipse
433 957 493 1018 bec
514 956 645 1039 Aspariis
675 957 733 1015 ribi
758 957 936 1018 conciliaret
971 957 1122 1018 inscitiam
1146 969 1214 1040 post
1231 955 1386 1016 Antliernii

295 1041 424 1102 caedem.
477 1038 540 1102 eius
571 1049 673 1100 tamen
708 1037 770 1099 loci
794 1059 887 1099 error
921 1040 950 1098 in
973 1041 1114 1100 versione
1146 1035 1295 1120 vitandus,
1318 1059 1384 1122 quo

296 1144 360 1184 non
381 1121 539 1204 patricius,
554 1122 613 1190 ‚scd
637 1120 829 1183 Ardebnrius
853 1131 974 1183 creatus
998 1123 1119 1196 Caesar,
1142 1130 1229 1182 textu
1250 1123 1280 1181 in
1304 1143 1383 1182 con-

294 1206 430 1268 trarium
462 1203 635 1282 adnitente,
663 1205 831 1268 scribitur:
866 1205 896 1267 in
931 1225 994 1290 quo
1015 1205 1185 1268 Beronium
1218 1226 1300 1266 anno
1322 1201 1385 1266 469

295 1309 380 1350 num.
404 1289 419 1349 1
442 1287 587 1380 ιὶιιΙιιιιιιιιἱ
602 1289 749 1372 reperics.

379 1393 459 1463 leid.
484 1397 532 1462 19.
573 1394 669 1458 Atos
689 1391 708 1456 ὅ
727 1389 890 1474 βασιλεύς]
917 1406 953 1459 nt
972 1397 1067 1473 Zeno,
1087 1394 1322 1470 Tarasicodisns,
1344 1404 1381 1455 ot

292 1477 403 1540 scribit
420 1478 572 1560 Euagrius
590 1479 643 1540 lib.
664 1479 684 1541 2
705 1499 773 1559 cap.
799 1483 848 1555 15,
872 1480 920 1540 vel
942 1479 1026 1540 iurtn
1048 1478 1211 1562 Agnthiam
1231 1479 1282 1540 lib.
1303 1476 1325 1538 4
1342 1477 1382 1541 ad

294 1564 399 1638 linem,
417 1559 696 1639 Tharnaiscodicua,
714 1561 883 1624 Aticmesus
902 1573 992 1624 antcn
1006 1561 1118 1642 dictus,
1139 1564 1250 1624 Leonis
1274 1581 1380 1646 gener,

294 1655 328 1711 ct
349 1644 487 1708 Orientis
510 1666 612 1706 comes
633 1645 776 1722 eraserit,
799 1654 907 1706 narrat
921 1645 1075 1727 Candidos
1096 1647 1189 1708 etiam
1210 1647 1276 1729 ipse
1295 1647 1381 1708 bau-

293 1750 347 1790 rua
367 1727 451 1810 apud
475 1727 623 1790 Photium
643 1727 690 1790 bis
711 1729 840 1790 omnino
865 1730 1082 1792 conferendus.

380 1832 450 1907 181,
464 1831 496 1893 2.
536 1816 636 1909 αὐτῷ]
660 1849 700 1888 nn
721 1835 759 1888 nt
778 1829 876 1910 Asper
893 1829 1021 1905 Ζοιοιιί,
1042 1830 1092 1892 rel
1110 1829 1195 1904 Zeno
1213 1827 1321 1911 Asperi
1343 1849 1381 1888 er

238 1988 243 1997 ¹
291 1911 351 1974 suia
370 1911 510 1972 traderet
532 1908 654 1987 milites,
675 1910 806 1982 dubium
834 1911 962 1995 reliquit
982 1910 1195 1994 Theophanes.
1226 1915 1383 1975 Zenonem

291 2005 394 2056 tomen
417 1993 456 2054 nd
477 1992 508 2054 id
529 1993 640 2074 Aspori
658 1995 878 2076 praestandum
901 2017 918 2056 a
938 1996 1042 2058 Leone
1064 1997 1174 2058 iussum
1198 1996 1289 2058 fuisse
1308 2016 1382 2058 sua-

291 2077 369 2138 dent
389 2075 525 2138 auctoris
547 2076 664 2156 verba,
691 2086 725 2140 ct
744 2078 876 2140 Candidi
904 2077 1067 2157 Photinni,
1089 2101 1152 2162 qno
1172 2078 1383 2142 Ardaburium

289 2160 413 2240 nuperis
433 2160 532 2219 filium
558 2161 679 2222 Isauros
700 2183 720 2222 a
740 2161 866 2224 Zenone
892 2162 1002 2225 ductos
1022 2181 1149 2226 suarum
1169 2164 1308 2246 partium
1329 2163 1380 2222 la-

292 2263 365 2306 cero
385 2241 578 2306 constituisse
598 2243 738 2328 legimns,
759 2245 972 2308 testimoninm
993 2245 1162 2311 convincit.

373 2357 451 2419 Ibril.
473 2355 503 2418 8.
552 2355 738 2420 ἀπέστειλεν
760 2359 856 2422 Λέων
889 2354 1086 2438 ὃβασιλιύς]
1106 2383 1140 2422 er
1164 2359 1225 2421 istis
1245 2358 1381 2442 plurima

290 2449 432 2505 recenset
449 2441 622 2523 Procopius
641 2443 695 2505 lib.
714 2447 730 2508 1
755 2443 899 2505 debello
921 2444 1020 2507 Vand.
1042 2456 1077 2507 nt
1100 2456 1131 2507 ct
1154 2447 1274 2526 Asparis
1295 2464 1382 2505 mor-

290 2531 363 2607 tem,
386 2546 478 2607 quain
511 2526 683 2587 chronicon
705 2526 869 2589 Alexandr.
897 2528 936 2591 nd
956 2550 1073 2589 annum
1092 2529 1205 2589 Leonis
1226 2530 1264 2593 10
1286 2546 1382 2588 revo-

290 2617 362 2670 cat:
385 2609 512 2671 eundem
533 2618 688 2671 memoret
707 2611 870 2693 Euagrius,
891 2612 1079 2687 lornandes,
1095 2620 1132 2673 et
1154 2612 1214 2672 alii.
1255 2610 1293 2673 de
1316 2610 1382 2671 lle-

290 2692 378 2751 raclii
412 2692 451 2751 ab
484 2701 614 2755 auctore
646 2693 698 2753 hic
729 2694 847 2755 laudati
870 2694 1009 2757 moribus
1041 2694 1189 2756 nonnulle
1210 2695 1328 2757 Suidus.
1350 2713 1380 2755 v.

285 2766 484 2854 Ἡράκλειος.
977 2782 982 2795 ’

374 2875 443 2946 182,
465 2870 494 2937 4.
529 2859 694 2950 Ἀσιιαρος
721 2869 778 2934 καὶ
794 2872 1047 2961 Ἀρδαβουρὼυ]
1072 2876 1136 2938 boc
1155 2876 1276 2959 puriter
1298 2878 1378 2939 Leo·

289 2952 336 3013 nis
355 2974 437 3013 enno
461 2959 499 3020 15
521 2956 641 3038 Asparis
659 2967 797 3020 mortem
818 2961 977 3021 consociat
998 2962 1193 3023 Marcellinus
1213 2980 1324 3022 comes.

372 3060 454 3123 Ibid.
466 3060 497 3123 5.
538 3060 674 3141 Ὄσιρίς]
695 3066 750 3148 qni
770 3060 900 3143 Ὀσιρὸς
921 3068 1072 3131 chronico
1086 3066 1247 3132 Alexandr.
1266 3064 1380 3128 scribi.

288 3152 353 3220 tur,
374 3154 408 3205 et
422 3137 531 3224 κόμης,
555 3166 675 3208 necnon
696 3149 748 3208 alii
769 3150 881 3211 Gotlbi
905 3147 1047 3234 κόμηιες,
1070 3172 1167 3234 qnos,
1193 3173 1254 3213 non
1278 3150 1379 3232 digni-

287 3236 375 3305 tatc,
399 3226 454 3288 scd
483 3248 644 3290 armorum
671 3233 820 3295 societate
850 3236 978 3295 comites
1008 3234 1162 3313 dicerem,
1185 3244 1217 3295 et
1237 3230 1379 3295 ὖιιασιιι-

288 3306 375 3403 crui5.
417 3308 456 3371 de
477 3312 623 3375 caedibus
646 3316 685 3378 ab
705 3337 743 3377 eo
776 3316 838 3379 ΕΡ.
860 3321 1049 3400 perpetratis
1072 3317 1153 3380 idem
1175 3317 1357 3378 chronicon.

372 3416 453 3483 Ibid.
464 3414 496 3479 6.
538 3416 746 3505 Θευδέριχος]
767 3424 858 3485 istum
872 3424 1123 3487 Theoderichnm
1143 3424 1260 3487 Triarii
1281 3424 1379 3485 filium

285 3511 441 3562 memorat
462 3503 629 3565 lornnndes
653 3505 793 3568 debello
815 3510 925 3569 Getico
947 3505 1042 3592 paulo
1061 3522 1134 3571 ante
1157 3512 1262 3585 finem,
1285 3530 1378 3592 quem

284 3606 305 3646 a
326 3605 400 3667 rege
422 3585 527 3647 ltaliae
542 3586 740 3651 Theoderico
762 3592 918 3653 diversum
942 3592 1128 3655 observabis.

368 3686 449 3749 leid.
477 3688 524 3751 13·
565 3684 794 3775 Ἀρμενιίρχος]
817 3692 1073 3757 Armenerichum
1092 3692 1200 3755 scribit
1222 3688 1378 3754 Candidus

285 3766 370 3912 efud
390 3768 556 3853 Photium‚
577 3771 661 3833 etin
680 3774 779 3855 patris
800 3776 895 3839 caede
916 3787 1081 3840 servatum.
1124 3774 1182 3837 elia
1203 3776 1309 3838 variae
1329 3775 1377 3839 le-

287 3872 416 3913 cinnes.

365 3953 520 4021 111116,
571 3950 606 4015 dr
630 3950 748 4041 Ἰταλίᾳ
768 3954 804 4017 δὲ
827 3950 980 4039 Ῥειίβερ]
1003 3980 1039 4019 er
1059 3958 1105 4018 liis
1127 3958 1273 4019 nonnulla
1297 3980 1378 4039 pro-

241 4040 248 4053 ⁴
285 4034 348 4095 l'ert
369 4036 536 4098 lornandes
550 4036 590 4099 de
607 4040 700 4101 rebus
723 4038 858 4115 Geticis,
872 4040 1025 4122 Euagrius
1044 4042 1097 4107 lib.
1116 4042 1135 4103 2
1154 4064 1221 4125 cup.
1233 4040 1264 4125 6,
1285 4043 1379 4108 Marii

284 4114 470 4199 chronicon,
489 4131 522 4185 et
541 4120 716 4211 Procopius
737 4122 777 4188 de
795 4122 878 4187 bello
900 4122 1031 4189 Vandal.
1053 4124 1106 4189 lib·
1132 4129 1159 4193 1.
