3050 4900
510 347 561 412 Ex
584 345 843 412 satornana„
1144 345 1216 416 139

130 517 262 584 cundum
282 514 540 581 cousuetudinem
560 518 725 582 lineatores
748 519 974 583 hocfeceruut.
996 537 1099 602 porro
1119 519 1218 582 liuen-

130 615 210 666 tores
232 602 296 664 sive
321 621 496 683 mensores,
519 601 706 686 interrogati
736 602 943 686 quamohrem
974 601 1036 663 hoc
1064 603 1219 680 fecerunt,

129 687 272 750 dixerunt
302 685 376 768 quin
403 707 475 748 curu
510 685 708 768 imperatoris
735 685 792 748 filii
821 685 861 748 ah
890 685 1035 748 omnibns
1064 687 1217 749 nominati

126 779 213 846 sunt,
243 790 262 830 a
289 768 379 831 nohis
409 769 479 852 ipsis
505 769 568 830 hoc
599 771 735 831 fecimus.
786 790 858 831 sane
878 769 1000 830 Priscus
1032 770 1148 833 timore
1167 781 1218 832 te-

128 855 278 930 nebatur,
310 873 349 914 uc
377 853 462 914 forte
493 853 525 914 in
548 852 747 936 imperatoris
778 852 860 914 iram
896 851 1062 915 incideret.
1114 855 1316 936 turbisplih

127 947 228 1000 autem
261 935 461 1000 clamantibus
483 936 730 1000 misericordiam
763 935 894 1000 concedi
914 937 990 1013 sihi,
1016 939 1139 1000 renium
1160 937 1217 999 do.

127 1021 171 1082 dit
199 1020 332 1084 Phocus.
384 1041 419 1082 ax
454 1031 531 1082 tunc
567 1041 643 1104 crgo
677 1017 801 1082 Priscus
835 1020 1078 1104 indignationem
1114 1041 1220 1104 passos

74 1137 76 1142 ·
128 1125 188 1165 non
226 1113 296 1164 erat
317 1115 403 1166 recte
436 1125 508 1166 cum
536 1104 652 1170 Phoco.
705 1105 825 1167 interea
846 1105 1000 1188 quaedam
1020 1107 1136 1170 mulier
1155 1107 1218 1167 Pe.

131 1189 235 1250 tronis
264 1189 390 1250 nomine
411 1188 448 1250 lit
476 1185 672 1272 imperatrici
691 1187 914 1251 Constantinus
942 1189 1104 1269 ministra,
1138 1209 1220 1272 quae

129 1271 164 1333 ad
199 1273 393 1332 Germanum
424 1272 463 1334 ab
495 1295 531 1334 ea
557 1293 702 1354 responsa
724 1272 868 1334 faciebat.
918 1293 1021 1355 porro
1043 1293 1116 1336 cum
1135 1275 1219 1334 lame

128 1357 314 1418 dilataretur
341 1354 429 1439 quod
461 1355 652 1418 Theodosius
675 1356 820 1428 Mauricii
844 1355 925 1418 filius
954 1357 1092 1431 viveret,
1130 1379 1144 1418 s
1168 1378 1218 1418 em

127 1441 243 1503 honam
261 1459 356 1521 super
379 1438 440 1500 hoc
461 1447 524 1502 tam
548 1439 749 1500 Constantino
772 1460 865 1522 quam
878 1442 1050 1502 Germanm
1069 1377 1217 1502 habehat.

128 1533 257 1586 atvero
280 1525 405 1584 scelesta
435 1523 587 1586 Petronia
619 1523 695 1586 haec
721 1534 858 1606 tyranno
879 1523 1045 1585 manifesta.
1060 1524 1143 1586 fecit.
1186 1531 1221 1582 at

127 1617 276 1690 tyrannus
299 1607 531 1668 Constantinam
546 1607 765 1694 Theopempto
787 1607 921 1672 exarcho
942 1607 982 1668 ad
1003 1603 1219 1689 torquendum

127 1687 280 1774 prodidit,
302 1711 382 1774 quae
405 1688 479 1752 dam
500 1699 724 1774 torqueretur,
745 1691 922 1754 Romanum
943 1691 1112 1772 patricium
1131 1709 1220 1752 nosse

128 1773 382 1838 interlocutiones
410 1795 478 1834 suas
503 1775 638 1836 confessa
673 1783 727 1836 est.
777 1775 1103 1858 quicomprehensus
1123 1781 1220 1856 atque

129 1857 276 1920 &cussus
299 1858 393 1920 etiam
413 1857 490 1920 alios
513 1857 580 1919 iore
602 1859 635 1918 in
656 1857 780 1920 insidias
799 1859 927 1942 tyranni
949 1858 1007 1920 sihi
1029 1866 1220 1939 cooperato·

127 1961 170 2004 res
193 1941 366 2022 perhibuit.
389 1941 628 2023 comprehensus
650 1949 820 2004 astantem
842 1953 875 2006 et
893 1940 1078 2004 Tiseodorus
1100 1940 1220 2002 Orien.

128 2025 161 2085 tis
181 2025 372 2106 praesentia,
393 2045 486 2107 quem
515 2033 663 2108 tyrannus
689 2025 856 2088 verberans
878 2026 1045 2101 interemit,
1065 2023 1219 2106 Helpidii.

126 2129 181 2190 qne
201 2129 315 2170 monus
339 2129 374 2169 ac
394 2107 487 2190 pedes
509 2109 649 2170 recidens
669 2107 755 2170 hune
776 2109 911 2172 tradidit
930 2111 1006 2192 igni,
1025 2113 1217 2172 Romanum·

127 2211 184 2274 qne
205 2190 382 2253 decollavit.
434 2211 535 2273 porro
559 2191 794 2254 Constantinam
815 2213 887 2254 cum
908 2193 1009 2255 trihus
1033 2193 1163 2268 filiabus,
1185 2190 1217 2252 in

125 2273 194 2336 loco
227 2275 283 2335 ubi
316 2283 349 2336 et
378 2275 546 2336 Mauricius
583 2277 786 2359 iuteremptus
817 2287 883 2356 est,
901 2275 1006 2359 gladio
1036 2275 1323 2352 trucidatum-too

125 2360 318 2420 Germanum
347 2369 451 2420 autem
481 2360 597 2422 eteius
620 2358 716 2420 liliam
745 2379 804 2421 ore
825 2361 1009 2422 machaerae
1029 2362 1056 2437 *l
1079 2357 1216 2436 occidit3

124 2440 267 2507 simililer
289 2453 321 2505 et
343 2443 510 2505 Ioannnem
535 2442 675 2505 etGiaan
698 2449 731 2505 et
752 2443 931 2525 patricium,
954 2441 1220 2517 et'l'heodosim
1247 2504 1252 2511 ,

125 2526 398 2673 qiifflff‘ium
418 2529 458 2670 *fil
494 2525 644 2672 diggitata
674 2524 852 2670 ha‘lpehatur
881 2527 1022 2672 inpignis,
1047 2537 1112 2671 ottra
1113 2524 1217 2587 David

125 2631 179 2671 cra
239 2632 259 2691 p
316 2632 401 2673 ocem
452 2630 548 2672 ormts
572 2632 617 2671 ae.
671 2630 708 2671 eo
733 2631 781 2671 ern
809 2628 892 2671 anno
942 2631 1039 2687 essse,
1113 2629 1216 2671 usme·

122 2704 208 2756 antes
226 2632 431 2775 Eupihratem,
453 2702 554 2757 totam
570 2688 695 2778 Syriam
718 2704 750 2755 et
759 2694 965 2756 Palaestinam
985 2705 1018 2756 et
1036 2691 1216 2757 Phoenicen

126 2776 309 2861 depraedati
327 2786 409 2855 sunt,
432 2780 531 2841 multo
555 2777 586 2838 in
607 2776 754 2841 Romanis
782 2777 901 2840 excidio
923 2785 1117 2861 perpetrato.

208 2884 319 2946 Mundi
342 2906 425 2947 anno
438 2880 532 2961 6100,
553 2884 676 2947 divinae
695 2885 917 2949 incarnationis
936 2906 1019 2948 auno
1038 2883 1111 2963 filli),
1133 2901 1217 2946 anno

124 2988 200 3031 vero
224 2968 347 3051 imperii
378 2969 503 3031 Phocoe
522 2968 560 3047 6,
589 2970 712 3032 Priscus
732 2970 861 3041 :intueri
889 2990 954 3031 non
974 2971 1123 3031 sustinens
1152 2979 1219 3031 tom

122 3052 237 3113 iniusta
259 3052 426 3115 homicidis
470 3074 542 3114 uam
564 3052 643 3114 mala
656 3064 770 3131 cetera,
795 3072 874 3137 qnae
895 3052 1031 3115 aPhoca
1050 3063 1217 3136 perpetro-

122 3136 261 3212 huntnr,
282 3136 406 3218 scripsit
431 3076 469 3199 ad
491 3137 669 3199 Heraclium
688 3138 857 3220 patricium
877 3146 910 3198 et
926 3142 1108 3219 praetorem
1128 3136 1215 3195 Afri.

123 3240 187 3296 cae,
213 3240 278 3303 quo
300 3220 478 3282 Heraclium
498 3221 595 3283 lilium
615 3238 703 3283 snum
723 3230 756 3283 et
774 3222 912 3283 Nicetatn
931 3220 1030 3281 lilium
1052 3222 1215 3300 Gregorne

123 3302 261 3384 patricii,
281 3304 518 3386 subpraetorem
531 3324 632 3383 suum,
655 3305 803 3381 mitteret,
825 3304 969 3401 quatinus
995 3310 1107 3364 contra
1125 3301 1214 3363 Pho·

123 3406 191 3447 cam
213 3386 360 3452 venirent
386 3396 564 3472 tyranuum.
616 3386 762 3450 audiebat
791 3407 874 3449 eorm
901 3388 934 3447 in
956 3387 1061 3448 Africa
1088 3385 1122 3447 in
1143 3403 1214 3445 euru

121 3469 270 3533 meditari
291 3468 500 3556 rebellionem,
521 3470 604 3533 uude
624 3488 682 3533 nec
701 3471 823 3556 navigia
845 3470 909 3533 hoo
928 3490 1010 3532 anno
1033 3468 1213 3532 Consmnti·

155 3696 183 3765 t)
202 3708 249 3747 ore
275 3692 443 3765 machaerae]
468 3702 499 3749 nt
518 3696 608 3750 Lucae
623 3696 658 3751 21
677 3691 724 3749 242
743 3692 899 3751 πεσοῦνται
916 3691 1035 3766 στόματι
1060 3690 1213 3765 μαχαίρας·

196 3773 274 3816 retus
292 3766 395 3818 versio:
415 3764 514 3819 cadent
531 3768 560 3819 in
577 3784 623 3819 ore
640 3766 733 3835 gladii.
752 3763 938 3837 (tropos-‚Tun
957 3763 1020 3815 laist.
1040 3761 1076 3814 2:
1095 3776 1130 3811 ne
1149 3759 1213 3810 uni·

195 3832 481 3959 {pappztppultippdpin
501 3852 548 3891 ore
567 3838 652 3908 gladii
671 3845 770 3890 rueret.
796 3843 825 3889 et
849 3831 915 3891 27:
934 3834 965 3887 ln
985 3850 1032 3887 ore
1052 3830 1136 3903 gladii
1154 3838 1212 3883 tru-

143 4000 184 4073 “J
200 3999 379 4073 nubndiuvee]
397 4002 539 4055 concilium
560 4000 782 4075 chalcedonense
806 4009 858 4053 act
878 3999 908 4052 3:
929 3992 978 4053 deni
995 3996 1045 4053 rosi
1061 4001 1212 4051 ausonae·

197 4075 285 4197 ptrpp
307 4072 517 4199 pnysorp’sprori
538 4074 662 4199 Ξεβήρου
687 4072 738 4127 rosi
767 4066 1212 4198 wilimgfgiffltff‘wofig

197 4156 990 4287 iiiiiiiid‘miiiaiiiri'ii‘iiiiiiinnn...
1030 4212 1107 4265 raas
