3050 4900
285 271 360 348 394
655 282 698 345 ια
725 277 1006 346 sueorutueu
1070 248 1076 257 ’

332 480 335 483 ·
370 445 448 530 184,
473 451 523 520 14.
576 448 657 530 perd
690 445 760 543 μιν
791 446 858 534 ἔτη]
882 449 995 512 Paulas
1016 447 1162 514 diaconus
1182 447 1320 534 Euagrii,
1342 463 1375 516 et

282 535 482 618 Theophanis
511 557 582 598 oum
603 536 714 598 imitati
743 545 943 598 correcturus
965 553 1107 598 errorem
1131 553 1211 594 anno
1237 535 1275 596 ab
1295 538 1376 600 urbe

285 622 413 684 condita
437 623 518 686 1996
541 617 743 702 Augustulum
776 641 792 678 a
824 627 916 701 patre
940 619 1052 679 Oreste
1072 618 1293 700 imperatorem
1323 641 1375 681 re.

282 706 458 767 nuntiatum
494 713 646 766 testatur:
678 722 716 762 ac
736 701 881 784 deinceps
912 721 1011 764 novos
1033 701 1235 783 imperatores
1254 712 1375 765 creatos

281 788 429 865 scribens,
447 787 486 848 ab
509 784 726 848 urbe'conditn
746 805 844 846 annos
861 783 944 847 baud
965 785 1094 866 amplius
1107 787 1264 848 observat:
1286 788 1374 868 quod

283 873 317 932 in
339 869 510 952 Augustulo
545 869 711 952 imperium
738 870 914 930 Romanum
940 868 1061 930 desiisse
1079 870 1203 932 sentiat.
1247 871 1376 932 lernau.

285 955 338 1018 des
358 951 396 1014 de
417 954 509 1014 rebus
525 955 595 1014 Get.
617 975 634 1014 α
656 950 787 1014 conditu
809 952 893 1014 urbis
916 951 955 1014 nd
976 953 1103 1034 Augusti
1128 952 1293 1035 imperium
1317 976 1375 1015 nn.

282 1057 337 1098 nos
362 1033 440 1115 709,
471 1035 509 1097 ab
534 1040 671 1120 Augusto
701 1033 742 1097 sd
762 1033 924 1120 Augustuli
957 1035 1112 1098 decessum
1134 1035 1195 1098 571
1218 1047 1372 1102 numerat.

280 1141 399 1182 summa
420 1123 499 1187 1231
521 1141 685 1180 annorum.

361 1245 447 1310 [tid.
481 1248 530 1312 16.
577 1240 632 1306 tut
659 1237 852 1322 Ῥωμόλλαν]
883 1242 1025 1308 Petavius
1041 1241 1114 1334 lib·
1150 1243 1189 1310 18
1219 1239 1258 1306 de
1286 1243 1375 1306 doct·

270 1335 381 1412 temp.
402 1329 444 1391 ad
462 1351 578 1392 annum
597 1333 680 1397 5187
702 1338 735 1391 et
754 1329 848 1394 5188·

365 1437 448 1500 lost.
473 1435 521 1499 19.
563 1431 674 1517 ὅςτὴν
695 1435 756 1497 τοῦ
774 1427 881 1538 (ipris)
903 1431 1057 1517 Euagrius
1078 1433 1198 1495 citatus.
1238 1431 1293 1514 τῆς
1311 1433 1373 1512 μὲν

280 1519 438 1597 βασιλέως
467 1521 680 1602 αρἀσηγνριάν
711 1511 827 1579 ἑαυτὸν
855 1514 1001 1600 apsida,
1023 1513 1107 1600 ῥῆγα
1127 1515 1162 1578 δὲ
1182 1515 1370 1598 προσειπών.

279 1604 476 1686 imperatoris
506 1606 628 1665 nomine
646 1601 826 1687 repudiato,
846 1621 945 1682 regem
966 1597 999 1664 ¹se
1020 1597 1204 1685 appellauit.
1230 1597 1292 1682 ῥῆξ
1315 1621 1370 1662 rex

280 1694 327 1749 est
347 1685 499 1770 dignitate
518 1687 625 1748 minor
645 1686 849 1770 imperatore,
870 1677 1021 1763 βασιλεῦς
1044 1686 1227 1768 imperator.

365 1793 433 1872 185,
449 1793 478 1856 5.
520 1789 543 1874 ἧ
564 1789 649 1864 κόνις
663 1792 829 1876 κατῆλθεν]
851 1791 1024 1855 chronicon
1044 1791 1282 1855 Alexandrinum
1304 1801 1377 1854 suto

280 1898 377 2024 apapos
398 1879 538 1964 quinquo
558 1875 736 1962 prodigium
757 1875 868 1940 mensis
892 1875 1076 1940 Novembris
1098 1874 1136 1936 11
1160 1873 1303 1938 accidisse
1327 1883 1376 1938 te-

279 1982 293 2020 s
342 1983 390 2022 ur.

363 2065 444 2128 Ibid
471 2065 519 2130 10.
571 2061 616 2163 spi
643 2064 671 2128 δ’
693 2065 780 2152 αὐτῷ
806 2059 883 2150 ἔτει]
918 2068 1067 2130 convenit
1095 2064 1251 2147 Euagrius
1277 2063 1331 2126 lib.
1353 2065 1374 2126 11

281 2169 352 2230 cop.
378 2147 415 2210 17
438 2147 477 2210 de
508 2151 621 2212 Leonu
641 2150 772 2213 senioris
792 2151 888 2230 aunis,
907 2151 1127 2232 septemdecim
1143 2148 1291 2210 nimirum
1312 2148 1374 2208 im-

245 2252 251 2267 *
280 2253 420 2314 pecasse:
442 2235 609 2314 imperium
630 2253 706 2296 vero
727 2235 914 2318 deposuisse,
929 2235 1069 2298 etLeoni
1089 2233 1375 2316 nepotireliquioee

281 2315 349 2398 ipsc
367 2315 449 2377 solus
470 2317 587 2380 suerit.

363 2439 445 2505 Ibtd.
469 2444 516 2510 13.
558 2439 750 2517 ι’νδιντιῶνος
770 2439 824 2523 ιβ]
860 2441 902 2505 ita
925 2441 1097 2504 chronicon
1120 2438 1371 2514 Alexandrinum,

283 2522 370 2607 quod
394 2526 433 2587 de
445 2528 551 2588 Leone
571 2526 698 2589 iuniore
717 2528 831 2589 subdit.
874 2514 966 2599 οὗτος
980 2526 1076 2590 Λέων
1096 2518 1286 2607 ὖαοβληθείς
1307 2515 1377 2583 sino*

279 2608 335 2687 τῆς
356 2605 441 2679 idcirc
462 2605 581 2688 μητρὸς
602 2609 658 2689 τῆς
678 2602 928 2692 ἐπιφανεστάτης
944 2606 1129 2691 Ἀριάδνης,
1150 2601 1193 2678 nis,-
1216 2606 1376 2689 προσκυνῇ

280 2684 382 2751 αὐτὸν
407 2684 451 2761 ὥς
479 2690 615 2768 βασιλέα
645 2687 759 2770 Ζήνων
779 2688 1001 2773 στρατηλάτης,
1021 2688 1077 2750 καί
1097 2685 1291 2767 nntps'sooci
1312 2688 1374 2749 ud-

281 2770 342 2835 τοῦ
373 2766 501 2844 πάππος
533 2774 614 2854 (lege
645 2770 770 2855 πατὴρ)
792 2772 926 2856 ἐπέθηκε
955 2774 1111 2856 στέφανον
1138 2771 1301 2851 βασιλικὸν
1322 2770 1378 2833 tut

281 2848 341 2930 τὴν
361 2850 503 2935 κεφαλὴν
522 2858 579 2915 τοῦ
602 2853 707 2917 αὐτοῦ
725 2852 889 2937 Ζήνωνος·
932 2858 989 2918 και·
1006 2852 1208 2936 ἐβασίλευσεν
1227 2846 1376 2937 Ζήνωνῦ

281 2930 464 3031 podiensis
491 2933 511 2997 d
539 2928 686 3019 Ἴααυρος
714 2936 795 3019 μετὰ
819 2938 877 3002 sori
905 2937 989 3003 ι’διίιυ
1021 2934 1149 3019 hainou
1183 2932 1376 3025 (ingeniosi)

282 3016 388 3097 olr'yov
409 3018 534 3099 χρόνον.
577 3022 630 3082 καὶ
656 3022 700 3105 τῷ
723 3019 766 3083 ια’
791 3018 870 3104 μηνὶ
887 3022 943 3103 τῆς
977 3022 1077 3085 αὐτοῦ
1097 3020 1249 3093 ὑπατείας
1268 3020 1377 3101 cippo-

281 3100 399 3181 αιὴσας
417 3104 512 3167 Λέων
531 3098 550 3164 ὅ
571 3105 641 3176 νέος
659 3102 738 3186 μηνὶ
750 3103 817 3189 Δίῳ
839 3105 883 3191 τῷ
904 3100 960 3168 καί
970 3104 1140 3191 Νοεμβρίῳ
1164 3101 1379 3187 betasimum

281 3186 330 3247 tic
349 3186 411 3247 Leo
431 3210 452 3247 α
471 3202 588 3250 montet
608 3202 707 3249 matrs
731 3190 915 3252 nobilissima
936 3190 1076 3252 Ariadne
1095 3192 1231 3265 moninus,
1260 3200 1292 3249 ut
1318 3210 1372 3248 αι-

281 3282 363 3329 mter
389 3292 422 3329 se
445 3292 467 3331 a
494 3274 618 3333 Zenone
638 3286 733 3355 patre
752 3274 897 3355 magistro
918 3274 1065 3351 militiae,
1085 3286 1115 3333 ct
1130 3272 1287 3357 patricio,
1314 3293 1375 3355 pru

282 3354 464 3437 imperatore
485 3356 565 3431 coli,
587 3354 731 3438 imposuit
758 3356 906 3419 diadema
923 3359 1154 3441 regium-capiti
1174 3350 1326 3417 Zenonis.-
1345 3367 1376 3415 et

281 3437 443 3519 imperauit
464 3439 549 3499 Zeno
571 3437 732 3499 Codisocus
749 3440 878 3502 Isauros
899 3462 967 3503 cum
975 3507 980 3521 ⁶
982 3440 1052 3519 filio
1073 3461 1127 3501 suo
1145 3438 1244 3501 Leone
1262 3440 1374 3519 exr‘grsso

282 3530 429 3602 tempore.
480 3521 544 3581 Leo
565 3524 679 3605 quippe
701 3524 857 3585 undecimo
877 3526 1050 3587 consulatus
1078 3526 1126 3585 sui
1142 3545 1259 3599 mense,
1279 3540 1375 3582 mense

281 3600 348 3664 Dic
368 3624 419 3662 seu
439 3600 614 3682 Nouembri,
635 3606 740 3668 morbo
758 3610 907 3669 extincurs
928 3620 981 3669 est.

364 3708 515 3774 Ibtd.17.
557 3704 612 3791 ἔτη
634 3708 673 3790 ιζ’
694 3710 750 3775 καὶ
771 3708 941 3796 pafnucii]
972 3712 1109 3776 blalchus
1130 3710 1267 3793 sophista
1289 3708 1374 3793 apud

281 3790 429 3853 Photium
452 3794 562 3858 codice
583 3794 636 3857 78.
691 3818 795 3859 meuse
824 3818 900 3860 vero
922 3798 1107 3874 Februario,
1130 3796 1301 3858 indictione
1325 3794 1374 3869 19,

229 3871 234 3886 ‘
282 3887 447 3972 promotus
475 3879 560 3942 Zeno
589 3878 715 3941 alterius
748 3880 926 3944 indictionis
956 3904 1038 3943 anno
1064 3876 1103 3944 14
1136 3902 1239 3941 mense
1273 3877 1376 3961 Aprili

282 3960 410 4020 interiit.
439 3958 549 4025 chron.
576 3962 740 4025 Alexandr.
770 3963 809 4026 de
836 3966 978 4028 barbaris
1007 3968 1183 4029 Romanum
1204 3962 1374 4044 imperium

282 4040 536 4124 incursantibus,
555 4054 588 4109 et
607 4048 739 4111 Zenonis
767 4048 850 4111 vitiis
869 4050 1021 4134 Euagrius
1047 4050 1100 4113 lib.
1120 4046 1141 4110 8
1162 4068 1231 4129 cap.
1252 4045 1267 4108 1
1291 4054 1323 4107 et
1344 4046 1374 4106 7.

283 4122 391 4188 snitu
409 4148 439 4189 v.
460 4123 636 4211 zisunas-
