3050 4900
304 352 377 443 240
464 362 671 430 antanasu
705 362 899 427 msroara
927 360 1235 427 nouissimum

302 540 410 604 diebus
434 540 465 605 ia
489 538 578 603 Milia
600 539 825 625 suspenderunt
848 540 888 601 ad
907 540 1150 601 ostentationem
1170 536 1290 623 plebiae
1312 557 1388 601 eor.

300 646 358 711 pus
382 645 457 687 vero
479 625 542 685 eius
564 626 645 707 pede
667 624 740 686 resti
765 626 860 706 ligato
875 632 1039 685 traxerunt
1057 644 1117 705 per
1137 623 1271 705 plateam
1290 644 1388 707 usque

300 709 340 770 ad
362 709 431 769 loca
454 708 579 791 Pelagii,
603 718 635 770 et
653 706 833 769 sociandum
854 706 1044 768 biothanatis
1067 706 1280 784 lactaverunt3
1302 707 1389 768 sisui.

299 791 374 855 liter
391 802 423 854 et
442 803 538 873 eaput
559 792 623 853 eius
643 800 715 874 post
742 802 805 853 tres
827 789 891 851 dies
911 790 985 851 illue
1015 790 1153 851 delatum
1174 790 1388 871 proiecerunt.

300 896 323 937 o
338 876 644 937 irrationabilitatem
673 884 704 936 et
733 872 948 937 crudelitatem
978 881 1074 957 atque
1093 872 1382 935 immisericordiam

299 958 518 1021 immitissimae
549 956 682 1024 hestiae!
733 978 797 1019 noo
821 965 866 1019 est
886 958 1003 1019 ueritus
1025 957 1278 1026 misersaactnm
1300 958 1388 1017 lava.

298 1062 408 1105 crum:
433 1041 509 1103 duos
530 1043 611 1103 euim
630 1042 710 1103 lilios
729 1041 841 1104 eiusex
862 1040 956 1103 tertia
977 1040 1111 1123 coniuge
1132 1038 1225 1123 ipsius
1248 1039 1280 1099 in
1301 1039 1387 1101 ulnas

296 1147 365 1187 sues
387 1133 572 1209 susceperat,
592 1124 744 1209 siquidem
766 1144 889 1207 semper
919 1124 1021 1187 feralis
1042 1123 1183 1184 mosibus
1202 1129 1235 1185 et
1255 1122 1388 1183 imman-

298 1220 401 1271 suetus
423 1230 487 1271 esse
515 1209 680 1291 probatur.
729 1208 769 1269 ab
793 1206 855 1290 hoc
875 1216 980 1270 autem
1001 1228 1083 1268 auno
1105 1206 1251 1288 ampliori
1272 1204 1389 1268 insania

298 1314 369 1355 usas
390 1301 452 1357 ests
474 1292 598 1355 mittens
621 1290 738 1375 quippe
749 1289 893 1375 deposuit
905 1292 1034 1353 Petrum
1056 1289 1193 1352 nobilem
1220 1289 1387 1372 stylitema

200 1388 290 1461 poet
321 1388 402 1453 etra,
425 1397 518 1459 quem
536 1376 660 1451 vivum,
682 1396 753 1437 eum
786 1374 979 1457 dogmatibus
1005 1374 1069 1437 eius
1093 1372 1203 1435 cedere
1226 1374 1386 1451 renuisset,

296 1398 397 1544 ligatis
411 1460 543 1543 pedibas
562 1460 625 1522 eim
638 1459 670 1521 in
683 1458 880 1540 praedictum
889 1457 1006 1557 Pelapii
1020 1458 1134 1535 locum,
1154 1464 1187 1518 et
1203 1455 1288 1516 hunc
1304 1476 1388 1539 quo.

296 1566 358 1628 que
376 1565 435 1625 per
454 1544 589 1625 plateam
610 1550 746 1603 tractam
767 1541 882 1625 proiiei
912 1541 1006 1604 iussit.
1028 1540 1104 1602 ulios
1127 1540 1220 1601 etiam
1240 1537 1273 1599 in
1294 1539 1388 1601 saccis

297 1628 430 1689 vinciens
454 1636 486 1688 et
507 1627 660 1710 lapidibus
683 1646 851 1708 aggravans
874 1626 905 1686 in
928 1624 1052 1709 pelagus
1075 1623 1185 1684 iactari
1208 1622 1388 1705 praecipie-

228 1766 231 1775 ,
294 1710 365 1791 bat,
389 1708 495 1772 oculos
517 1730 627 1772 eruens
640 1757 650 1785 ,
670 1730 759 1771 nares
782 1708 977 1787 abscindens,
1008 1707 1133 1791 flagellis
1163 1706 1335 1784 excorians,
1356 1714 1388 1767 et

295 1814 420 1854 omnem
440 1793 571 1855 tomenti
589 1793 724 1874 speeiem
746 1790 889 1854 adversus
910 1813 963 1855 eos
991 1792 1047 1875 qui
1067 1792 1119 1875 pie
1139 1790 1272 1873 agebant
1293 1810 1385 1851 exeo.

296 1878 405 1958 gitans.
447 1883 479 1939 et
501 1874 531 1937 in
554 1876 664 1938 urbem
695 1874 821 1959 quidem
853 1896 913 1957 per
931 1896 963 1937 se
983 1874 1084 1957 ipsum
1104 1874 1179 1935 haec
1202 1881 1235 1934 et
1255 1893 1384 1933 consen.

297 1968 404 2021 taneos
424 1980 505 2035 suos,
525 1958 696 2021 Antonium
719 1958 769 2019 aio
792 1958 961 2041 patricium
982 1968 1015 2019 et
1036 1956 1212 2017 scholarum
1235 1955 1386 2017 domesti-

297 2065 378 2119 cum,
402 2064 436 2103 uc
454 2042 585 2105 Petrum
604 2044 796 2124 magistrum,
818 2052 912 2125 atque
936 2062 996 2123 per
1017 2040 1169 2124 populum
1192 2041 1385 2122 singulorum

297 2125 453 2203 ordinum,
481 2126 535 2209 qui
557 2148 575 2187 a
593 2146 624 2188 se
646 2126 751 2187 fuerat
771 2124 811 2187 ad
831 2126 903 2187 talia
917 2124 1067 2199 eruditus,
1089 2124 1208 2207 agebat.
1249 2124 1282 2183 iu
1301 2132 1384 2183 erte-

297 2210 340 2271 ris
361 2230 437 2271 vero
460 2209 645 2273 thematibus
666 2229 724 2291 per
745 2208 806 2269 iam
827 2208 926 2270 dictos
949 2217 1122 2289 praetores.
1163 2208 1228 2289 ipse
1249 2226 1383 2288 natuque

296 2291 435 2353 citharae
453 2294 559 2354 sonitu
579 2291 792 2355 delectabatur
812 2302 906 2375 atque
923 2290 1081 2368 conviviis,
1103 2289 1248 2373 turpibus
1266 2310 1385 2349 sermo·

298 2377 387 2454 nibus
407 2386 439 2439 et
466 2376 680 2439 saltationibus
710 2396 761 2437 eos
796 2375 850 2460 qui
872 2375 929 2437 sihi
962 2373 1173 2436 adhaerebant
1199 2376 1387 2434 incessanter

296 2461 461 2539 erudiens,
488 2468 520 2523 et
548 2459 646 2522 sicubi
678 2459 841 2545 qnisquam
874 2480 1025 2522 enmuens
1054 2457 1104 2520 vel
1134 2457 1241 2519 dolens
1261 2457 1385 2518 solitam

296 2543 477 2605 Christianis
505 2565 615 2606 vocem
646 2545 803 2605 emitteret
833 2541 936 2605 dicens
955 2541 1028 2604 “dei
1057 2542 1188 2626 genitrix
1208 2539 1306 2619 iuva,'’
1328 2547 1384 2602 aut

296 2629 412 2710 vigilias
432 2647 522 2709 agens
543 2625 833 2712 deprehenderetur
852 2635 907 2688 aut
925 2625 1060 2687 ecelesiis
1081 2633 1215 2687 assuetus
1237 2631 1294 2685 aut
1311 2644 1384 2685 eum

294 2711 447 2794 religione
470 2711 572 2772 vivens
592 2718 646 2772 aut
680 2729 741 2770 non
761 2710 873 2791 passim
903 2709 1082 2771 iuramentis
1101 2711 1242 2785 abutens,
1265 2717 1300 2768 ut
1322 2707 1384 2767 ini.

295 2794 392 2856 micus
414 2794 610 2875 imperatoris
638 2791 843 2854 damnabatur
868 2799 903 2853 et
923 2791 1172 2854 immemorabilis
1196 2789 1383 2852 nominaba-

295 2885 358 2938 tur.
400 2877 586 2938 monastcria
620 2897 720 2955 vero,
743 2895 825 2958 quae
846 2875 877 2936 in
905 2874 1038 2956 glorium
1058 2876 1108 2938 dei
1129 2883 1161 2936 et
1182 2873 1300 2956 refugia
1320 2874 1383 2934 sal·

295 2957 470 3020 sanderum
489 2957 596 3020 effecta
616 2969 697 3035 sunt,
721 2957 830 3022 domos
850 2957 920 3020 fore
934 2981 1110 3021 communes
1126 2959 1299 3019 fautoribus
1319 2957 1381 3018 suis

294 3041 443 3104 militibus
465 3043 609 3104 faciebat.
653 3041 786 3125 denique
807 3041 995 3104 coeuohium
1008 3043 1165 3120 Dalmatii,
1188 3039 1275 3124 quod
1297 3039 1383 3100 inter

197 3127 413 3208 p.6850ptima
433 3125 569 3210 Byzantii
594 3135 661 3187 erat
686 3125 849 3202 coenobia,
871 3125 1019 3206 militibus
1041 3123 1300 3188 inhabitaculum
1319 3124 1382 3183 tri.

292 3209 377 3282 buia
399 3231 434 3271 ea
460 3231 540 3293 quae
562 3208 889 3270 dicunturCallistrati
913 3217 945 3270 et
964 3209 1014 3270 Dii
1036 3229 1073 3269 ae
1092 3208 1248 3270 Maximini
1269 3227 1381 3267 mona.

292 3295 404 3372 steria,
427 3315 484 3354 nee
497 3313 560 3352 nou
580 3301 612 3353 et
634 3291 706 3354 alias
725 3313 825 3354 sacras
840 3292 1066 3353 monacharum
1087 3313 1123 3353 ae
1144 3292 1297 3373 virginum
1319 3289 1382 3350 ‹lo-

290 3397 370 3454 mos,
391 3399 409 3437 a
430 3374 634 3436 fundamentis
655 3374 815 3437 destruxit.
836 3397 890 3438 eos
909 3397 986 3437 vero
1007 3377 1060 3460 qui
1082 3377 1282 3437 anonasticam
1305 3375 1381 3434 sub-

294 3460 344 3522 ire
373 3460 468 3520 vitam
499 3480 534 3521 ex
556 3459 721 3542 insignibus
739 3458 887 3520 militibus
908 3461 956 3521 vel
969 3462 1164 3523 senatoribus
1184 3454 1377 3530 studuerant,

266 3553 324 3606 ·et
346 3542 476 3604 maxime
501 3543 568 3604 illos
598 3544 652 3626 qui
678 3543 736 3604 sibi
769 3541 973 3604 adhaeserant
998 3553 1032 3605 et
1059 3542 1225 3624 complices
1243 3539 1379 3602 libidinis

290 3647 364 3688 suae
385 3648 421 3686 ac
442 3626 648 3688 nefandorum
673 3635 799 3686 actuum
820 3626 956 3704 luerunt,
977 3629 1073 3688 morti
1092 3625 1251 3699 subdebat,
1272 3625 1321 3686 sus
1345 3645 1378 3684 e-

291 3710 356 3770 ctui
377 3709 491 3772 habens
514 3711 735 3786 confusionem,
782 3731 839 3771 uae
858 3710 916 3770 sibi
936 3731 971 3772 ex
993 3708 1301 3792 pronuntiationibus
1319 3645 1377 3767 lle.

293 3802 342 3856 ret
362 3795 594 3877 propulsantium
615 3814 655 3853 se.
710 3732 795 3854 unde
826 3801 860 3854 et
882 3793 1072 3875 Strategium
1092 3792 1292 3874 Podopaguri
1313 3791 1378 3850 fra·

291 3885 383 3954 trem,
403 3897 475 3938 cum
498 3885 574 3939 esset
588 3879 724 3937 urbanus
745 3877 859 3958 specie,
878 3879 1062 3960 assumpsits
1084 3877 1205 3939 amabat
1218 3875 1302 3938 euim
1324 3881 1375 3932 ta·

290 3957 370 4022 libus
391 3961 561 4024 adhaerere
581 3968 717 4042 propter
740 3959 874 4020 luxurias
904 3982 982 4028 suas.
1025 3983 1098 4023 eum
1117 3969 1220 4021 autem
1239 3958 1376 4020 sensisset

289 4065 362 4105 eum
383 4045 511 4108 moleste
530 4045 634 4105 tulisse
653 4040 791 4104 infandas
814 4043 846 4103 in
876 4042 961 4107 viros
981 4045 1111 4108 insanias
1132 4065 1211 4119 suas,
1230 4051 1263 4104 et
1282 4041 1375 4102 beato

289 4125 448 4208 Stephano
472 4127 610 4188 inclauso
638 4127 670 4190 S.
693 4127 835 4188 Auxentii
855 4126 908 4189 has
935 4129 1109 4190 manifestas
1130 4123 1305 4201 reddidisse,
1325 4144 1378 4184 sa·

289 4209 423 4296 latisque
456 4211 592 4276 remedia
620 4211 801 4292 suscepisse,
823 4209 908 4274 buno
937 4213 1025 4297 quusi
1055 4211 1269 4274 insidiatorem
1289 4227 1380 4271 suum
