3050 4900
517 315 569 380 llll
598 313 859 381 uhuorum
897 375 904 392 ,
1172 311 1244 390 173

44 499 46 538 5
152 483 225 546 dnm
246 482 416 548 usonem
458 483 589 548 bivero
617 487 670 571 qui
687 484 725 556 ‚in
745 485 840 572 Syris
859 491 892 548 ot
909 485 1064 568 Aegypto,
1085 483 1243 551 blaublnm

43 603 45 614 ν
151 567 333 652 cupiebant,
354 569 409 652 qui
432 578 464 632 ct
485 568 560 632 vicit
580 581 612 633 ct
631 569 769 634 obtinuit
787 570 874 630 annis
895 565 948 652 94.

237 669 326 727 Anno
358 667 480 750 imperii
511 667 686 731 Constantis
718 669 756 730 lb
785 669 923 730 Arabum
943 667 1089 751 princeps
1110 669 1249 731 blachiae

150 749 299 828 hebetur,
323 749 378 834 qui
399 760 431 814 et
452 752 621 816 exercitum
642 751 743 816 movit
762 751 909 816 adversus
926 751 1039 828 Halim,
1064 762 1097 814 et
1116 773 1248 836 congre·

148 843 268 918 gantur
295 835 386 896 ambo
421 835 505 897 inter
524 835 734 900 Barbalissum
765 837 849 899 insta
878 833 1073 918 Euphraten.
1117 835 1151 898 hi
1172 859 1252 903 vero¹

37 922 38 926 ’
151 917 209 1000 qui
231 925 323 980 erant
341 918 502 994 hlauhiae,
524 939 594 980 cuna
625 927 724 984 mseut
760 917 944 993 validiores,
967 941 1078 1002 uquam
1101 920 1249 982 obtinus-

150 1009 239 1066 runt.
282 999 418 1062 andoin
441 1001 522 1062 sitim
545 1005 700 1066 venientes
722 1001 753 1062 hl
777 1003 833 1086 qui
854 1010 947 1064 crant
968 1002 1091 1081 Halim,
1124 1003 1248 1065 defecc-

35 1123 36 1140 ,
152 1093 239 1146 runt
306 1097 382 1146 orro
416 1083 554 1148 blauhias
581 1089 699 1150 bellare
720 1085 838 1164 noluit,
859 1084 913 1148 sed
932 1085 999 1148 sine
1018 1087 1128 1148 labore
1147 1087 1249 1148 victo.

153 1169 271 1230 rimi
306 1168 340 1230 'la
692 1187 693 1198 ¹

31 1331 33 1350 ‚
240 1267 329 1329 Anno
354 1266 479 1352 imperii
498 1265 673 1332 Constantis
699 1261 739 1329 16
760 1266 930 1330 exereitum
951 1267 1051 1329 morit
1072 1268 1249 1352 imperator

30 1353 32 1396 ἱ
152 1359 267 1412 contm
288 1349 491 1427 sclaviniam,
527 1361 559 1414 et
586 1350 726 1434 captivos
757 1348 844 1413 duait
876 1351 1045 1434 plurimos,
1066 1361 1098 1414 et
1116 1353 1246 1436 subegit.

150 1434 264 1495 eodem
285 1455 369 1497 anno
402 1445 434 1498 ct
460 1435 511 1499 itu
533 1445 618 1519 gessa
637 1439 710 1496 sunt
740 1455 821 1518 quae
841 1444 953 1495 contra
972 1435 1005 1501 S.
1026 1435 1193 1498 Maximum
1214 1443 1247 1498 et

151 1516 320 1600 discipulos
342 1519 435 1602 ipsius
457 1528 626 1594 sustenta,
648 1519 689 1580 eis
708 1537 770 1600 pro
793 1518 925 1580 veritate
945 1526 1057 1580 contra
1077 1519 1340 1602 monothopnst
1394 1593 1399 1603 .

153 1599 222 1662 litas
237 1601 485 1684 agonizantibus5
507 1621 585 1686 qnos
596 1602 747 1664 Constans
762 1601 945 1683 adprosam
959 1601 1141 1684 opinionem
1160 1621 1247 1664 snam

153 1685 325 1749 transferre
356 1707 419 1748 non
450 1684 572 1762 valens,
603 1685 761 1746 divinitus·
777 1686 947 1768 sapientem
975 1693 1009 1747 et
1031 1685 1247 1767 peritissimum

151 1767 290 1849 linguam
312 1789 384 1830 cum
406 1769 530 1833 dextera
552 1789 647 1832 manu
660 1769 724 1832 olus
745 1767 888 1846 abscidit,
909 1789 948 1830 eo
970 1771 1056 1854 quod
1076 1769 1246 1852 plurimum

150 1861 266 1913 contra
292 1849 483 1934 impietatem
517 1873 604 1914 snam
632 1873 694 1914 una
721 1873 794 1914 cum
813 1850 970 1936 discipulis
997 1853 1058 1914 suis
1084 1853 1245 1914 Anastasiis

149 1934 322 2016 scripserit,
348 1954 489 2020 quaeque
509 1957 569 2023 per
589 1935 732 1999 ordinem
753 1934 803 1998 isti
824 1933 1039 2020 conscripsisse
1057 1936 1247 2020 probantur,

151 2019 234 2082 sicut
254 2018 346 2078 amici
362 2017 500 2080 discendi
518 2039 582 2081 non
601 2020 748 2082 nesciunt

240 2123 328 2179 Anno
350 2117 473 2199 imperii
503 2117 677 2180 Constantis
712 2115 750 2179 17
783 2114 950 2181 conventio
982 2118 1065 2180 facta
1096 2119 1246 2195 estiatur

152 2201 310 2261 Romanos
331 2209 362 2262 et
376 2200 501 2280 Arabes,
523 2201 647 2263 Mauhia
667 2201 851 2285 legationem
871 2201 1014 2264 mittente
1035 2204 1077 2265 ob
1099 2203 1246 2266 rebellio.

152 2303 236 2362 nom,
257 2292 294 2344 ut
311 2282 454 2347 tribuant
483 2285 630 2346 Romanis
663 2284 780 2348 Arabes
800 2303 861 2369 per
887 2284 1023 2368 singulos
1042 2284 1107 2349 dies
1142 2288 1248 2347 unmi-

151 2377 251 2426 smata
285 2365 372 2428 mille
395 2375 428 2429 et
449 2389 565 2453 equum
594 2377 626 2429 at
645 2387 778 2430 servum.
820 2367 931 2430 eodem
951 2388 1029 2430 aero
1052 2389 1134 2431 anno
1156 2371 1246 2430 exilio

153 2451 267 2511 ductus
286 2458 332 2513 est
343 2452 491 2513 Martinus
512 2452 715 2515 sanctissimus
735 2472 818 2533 papa
841 2452 1006 2527 Romanus,
1030 2472 1092 2534 pro
1115 2454 1249 2515 veritate

155 2532 285 2595 sortiter
305 2534 483 2617 agonizans,
503 2545 535 2598 et
555 2536 712 2598 confessor
731 2534 830 2596 lactus
850 2534 883 2597 in
911 2533 1085 2597 climatibus
1107 2534 1247 2600 Orientis

155 2618 321 2681 defunctus
343 2628 396 2680 est

238 2715 348 2779 Mundi
368 2738 450 2779 anno
467 2714 562 2797 6151,
584 2714 705 2779 divinae
726 2716 949 2779 incarnationis
969 2736 1052 2780 anno
1075 2714 1147 2795 ost,
1165 2736 1248 2779 anno

155 2800 281 2885 imperii
306 2802 352 2863 sui
383 2802 422 2863 18
444 2802 591 2863 Constans
620 2802 736 2864 occidit
754 2802 967 2863 Theodosium
994 2802 1162 2885 proprium
1180 2801 1247 2863 fra.

155 2896 238 2948 uem
259 2906 357 2947 suum.
409 2907 480 2947 cum
509 2896 612 2947 autem
644 2892 741 2949 emant
762 2886 878 2947 Arabes
912 2882 995 2967 apud
1023 2884 1151 2967 Saphin,
1173 2883 1247 2946 dolo

155 2976 284 3029 necatus
302 2977 347 3031 est
366 2970 543 3051 praedictus
556 2968 667 3045 Holim,
689 2975 721 3030 et
739 2967 937 3051 singulariter
952 2966 1248 3051 imperathluuhias,

156 3052 245 3135 regio
267 3074 355 3195 mople
369 3056 554 3115 Damascum
567 3051 741 3115 inhabitans
762 3060 795 3113 et
813 3052 1018 3135 pecuniarum
1040 3050 1104 3114 illic
1122 3050 1247 3114 thesau.

155 3156 207 3197 ros
228 3156 322 3196 recon
346 3156 408 3199 ens.

239 3236 329 3295 Auno
356 3232 478 3317 imperii
503 3232 676 3297 Constantis
708 3230 745 3295 19
767 3232 914 3316 apparuit
938 3231 1072 3295 haeresis
1096 3233 1245 3309 Arabum,

157 3339 269 3379 corum
297 3314 440 3381 videlicet
473 3317 527 3400 qui
549 3316 699 3377 dicuntur
728 3314 943 3400 Charu'rgitae.
985 3316 1123 3378 Mauhias
1142 3325 1343 3395 autumpbtt

156 3399 212 3460 hos
235 3422 389 3484 aggressus
421 3422 473 3462 eos
506 3400 670 3483 quierant
700 3399 730 3459 in
749 3398 875 3463 Perside
892 3398 1075 3477 humiliavit,
1096 3420 1148 3463 cos
1168 3418 1246 3460 vero

156 3483 210 3567 qni
232 3486 263 3544 in
278 3484 367 3571 Syria
390 3491 481 3547 erant
499 3483 653 3560 exaltavit,
675 3490 706 3545 et
727 3480 802 3543 alios
824 3480 949 3565 quidem
970 3483 1094 3546 vocavit
1116 3480 1247 3543 Hisami·

155 3574 201 3629 tas
221 3568 296 3627 alios
320 3578 423 3629 autem
443 3564 634 3639 Heraclitus,
658 3574 690 3629 ct
710 3566 931 3628 Hisnmitarum
955 3565 1081 3651 quidem
1100 3564 1249 3629 donativa

156 3650 334 3713 sublimavit
354 3674 451 3735 nsque
471 3650 511 3711 ad
532 3648 664 3711 ducenta
685 3648 878 3729 numismata,
897 3670 999 3733 porro
1020 3650 1248 3714 Hereditatum

158 3732 300 3817 deposuit
320 3756 417 3817 usque
438 3734 477 3796 ad
499 3734 629 3797 tricena.

243 3837 333 3893 Anno
354 3835 478 3916 imperii
504 3835 551 3893 sui
573 3831 612 3893 90
638 3832 787 3894 Constans
807 3832 955 3895 derelicta
976 3830 1246 3913 Constantinopoli

157 3915 236 3978 abiit
246 3917 440 4001 Syracusam,
461 3918 619 3979 civitatem
631 3916 766 3991 Siciliae,
781 3917 888 3978 volens
903 3916 1069 3999 imperium
1089 3914 1121 3974 in
1134 3914 1246 3977 urbem

158 4000 287 4061 Romam
303 4000 482 4079 transferre,
503 4008 535 4062 ot
549 3998 645 4061 mittit
666 3999 702 4059 ad
725 3998 937 4063 adducendam
960 4018 1086 4061 uxorem
1108 4018 1193 4059 suam
1213 4009 1246 4062 et

159 4090 222 4144 tres
244 4084 333 4161 lilios,
356 4084 592 4149 Constantinum
607 4082 786 4144 Heraclium
807 4093 839 4147 ct
853 4082 1024 4147 Tiberium.
1064 4102 1166 4167 porro
1181 4084 1246 4167 lly-

159 4167 252 4227 zantii
275 4187 338 4229 non
354 4168 536 4230 dimiserunt
556 4186 616 4229 eos.
