3050 4900
306 337 353 410 52
468 347 676 412 ANslSTASll
708 344 900 414 nts'ront'n
929 345 1235 416 ECCIAESleTle

303 519 380 580 ciem
402 515 523 579 luminis
543 517 670 596 habens,
686 527 842 600 ertensum
862 507 1051 602 aGolgothn
1072 534 1169 602 usque
1189 517 1228 580 ad
1247 527 1385 581 montem

302 602 483 676 Oliverum3
517 601 548 662 in
583 602 718 664 circuitu
742 614 845 665 nutem
871 604 1049 686 apparentis
1070 604 1148 684 signi
1167 623 1285 664 corona
1305 612 1383 680 emt,

301 685 414 748 babens
436 686 522 752 velut
542 686 598 747 lris
619 688 761 766 speciem.
812 685 875 747 hoc
894 693 997 747 autem
1020 691 1051 747 el
1070 686 1254 748 Constantio
1274 685 1384 749 cudens

300 768 351 830 die
372 768 530 850 opprimit.
569 768 663 830 huius·
690 778 793 831 autem
814 769 921 852 Cyrilli
952 772 1055 831 fertur
1076 769 1204 852 epistola
1227 769 1267 830 ad
1286 771 1384 851 impe-

216 845 221 859 '
300 862 440 914 retorem
460 851 684 926 Constantium,
709 853 740 913 in
761 870 822 936 qua
840 853 1011 935 piissimum
1026 874 1097 914 eum
1118 854 1259 916 vocabat.
1300 852 1385 915 unta

302 933 428 1020 quidam
450 935 478 997 ei
509 937 595 1018 quasi
617 936 732 996 Ariauo
754 935 917 1019 derogant,
949 937 1090 1000 dieentes.
1107 935 1190 997 huuc
1210 936 1303 997 etium
1321 936 1383 996 bo.

300 1019 414 1080 mousii·
431 1035 538 1080 vocem
567 1019 695 1081 tacuisse
724 1041 755 1080 ru
785 1021 1047 1097 institutionibus,
1074 1039 1151 1104 quas
1180 1021 1322 1100 exposuit
1342 1019 1383 1082 ad

297 1105 475 1184 prol'ectunt
491 1103 706 1184 imperitarum
726 1102 875 1184 plebium,
900 1103 940 1164 ad
961 1102 1111 1186 baptismo
1130 1113 1266 1184 propter
1285 1103 1384 1164 mira.

299 1187 367 1247 cula
401 1187 541 1247 vivificae
564 1187 664 1247 crucis
692 1185 914 1248 accedentium.
971 1187 1123 1248 falluntur
1149 1194 1257 1246 autem
1288 1197 1384 1270 atque

298 1269 503 1352 delinquunt:
530 1269 697 1349 oportebat
722 1270 856 1332 enimet
887 1270 1111 1351 imperatorem
1128 1275 1170 1330 er'
1187 1267 1383 1351 simplicitate

297 1363 330 1414 et
355 1373 417 1414 noo
439 1373 474 1413 ex
496 1353 607 1414 ellectu
623 1353 762 1415 versutiis
776 1353 963 1414 Arianorum
974 1352 1007 1413 in
1022 1351 1172 1414 baeresim
1189 1361 1381 1435 surreptum,

296 1441 364 1496 eta
386 1434 562 1518 paganismo
585 1436 724 1497 noudum
744 1438 884 1517 perfecte
904 1455 1108 1519 conversum,
1127 1435 1298 1518 piissimum
1321 1435 1382 1498 dis-

294 1521 472 1601 pensatorie
496 1519 618 1594 dicare,
651 1539 688 1580 ac
706 1519 859 1580 homousii
889 1538 997 1578 vocem
1019 1519 1143 1583 interim
1164 1529 1279 1596 tacere,
1300 1539 1381 1603 quac

293 1603 445 1684 plurimos
467 1601 568 1664 adbuc
588 1601 745 1664 turbabat·
758 1610 790 1663 et
810 1601 1232 1683 baptizandos‘inlmicorum
1251 1613 1382 1664 contro.

293 1686 430 1748 dictione
454 1685 625 1760 recidebat,
646 1696 787 1748 ceterum
806 1705 866 1768 per
898 1685 1057 1747 dictiones
1073 1686 1136 1746 vim
1157 1687 1316 1768 aequalem
1336 1689 1381 1747 si..

293 1793 294 1796 ¹
315 1771 471 1830 nificuntes
493 1768 646 1830 homousii
669 1779 777 1830 vocem
797 1769 991 1850 exprimere3
1025 1767 1112 1851 quod
1128 1778 1160 1830 et
1181 1769 1255 1830 lecit
1273 1770 1381 1832 beatus

292 1791 445 1935 byriltus,
478 1852 643 1912 Nionenam
664 1851 756 1914 fidem
775 1850 943 1914 secundum
975 1852 1147 1914 dictionem
1171 1852 1320 1934 aperiens,
1349 1863 1382 1916 et

180 1935 392 2018 potudeum'
419 1955 527 1998 verum
547 1933 645 1994 lilium
677 1956 712 1997 ex
730 1934 790 1996 deo
818 1957 895 1997 vero
915 1946 1008 2018 putre
1027 1955 1237 2016 praeconans.
1279 1956 1380 2018 porro

294 2018 474 2096 Athanasius
496 2027 526 2078 et
548 2017 661 2080 Paulus
682 2029 811 2080 mortuo
829 2018 925 2100 impio
944 2019 1079 2081 Eusebio
1099 2019 1379 2102 Constantinopoli,

294 2100 349 2163 ubi
373 2102 570 2182 praefuerat,
605 2102 718 2162 iterum
734 2103 869 2180 ,Romam
891 2100 931 2162 ad
963 2101 1075 2162 lulium
1097 2101 1287 2164 descendant
1310 2105 1380 2184 epi.

292 2205 422 2264 scopum
450 2192 482 2244 et
508 2182 546 2258 ud
570 2187 769 2246 Constantem
791 2185 1016 2266 imperatorem
1036 2185 1165 2246 fratrem
1189 2188 1375 2248 Constantii.

291 2267 426 2353 populus
447 2276 549 2327 autem
569 2267 704 2328 Eusebio
736 2267 883 2331 defuncto
908 2267 1037 2330 Paulum
1058 2269 1176 2333 throno
1199 2271 1379 2331 Constanti.

292 2350 442 2432 napoleos
465 2347 618 2428 reddunt,
647 2351 782 2412 dicentes
813 2351 900 2434 quod
919 2353 1049 2412 Romam
1077 2351 1116 2413 ad
1132 2352 1250 2414 lulium
1268 2354 1378 2434 profe-

214 2442 357 2515 ptiictns
379 2432 526 2496 liserit'et
550 2434 589 2495 ab
613 2452 650 2495 co
673 2455 748 2495 cum·
767 2435 875 2496 litteris
892 2435 1085 2498 remeaverit:
1128 2456 1192 2519 quo
1212 2444 1377 2518 comperto

289 2517 484 2577 Constantius
506 2516 678 2599 indignatus
703 2520 790 2580 iubet
799 2518 945 2603 Philippo
962 2520 1125 2603 praelecto
1145 2520 1274 2582 Paulum
1297 2524 1378 2583 lase-

291 2602 343 2684 qui
367 2599 626 2663 etllldcedonium
648 2603 813 2665 restituere
826 2602 953 2664 throno.
995 2605 1170 2685 praefectus
1191 2614 1295 2666 nutem
1316 2624 1378 2687 po.

289 2686 571 2767 putumvmetuens,
592 2684 722 2745 Paulum
735 2684 993 2761 Thessalonicam,
1015 2706 1051 2749 ex
1073 2705 1134 2768 qun
1155 2695 1241 2746 ortus
1260 2688 1376 2766 fuant,

289 2786 359 2827 usus
379 2766 504 2849 ingenio
529 2766 701 2827 destinavit.
755 2768 930 2848 imperator
958 2788 1034 2829 vero
1065 2768 1159 2830 etium
1181 2776 1257 2831 tunc
1278 2771 1377 2834 Atha.

289 2850 373 2909 nasio
392 2868 497 2910 necem
508 2848 689 2909 minabatur
711 2849 838 2932 inferre,
859 2872 951 2936 quam
967 2851 1018 2913 ille
1037 2851 1145 2912 timens
1161 2854 1251 2936 fugax
1271 2854 1376 2917 denuo

288 2934 418 2994 Romam
449 2926 600 3013 perrexit.
638 2932 703 2993 'cui
729 2932 875 3014 protinus
899 2934 1011 2996 Paulus
1041 2956 1169 3018 quoque
1200 2937 1324 2999 veniens
1357 2957 1377 2998 a

288 3014 504 3076 Thessalonica
534 3015 690 3087 sociatum
724 3016 779 3099 qui
820 3018 967 3078 abeuntes
995 3019 1159 3080 Constanti
1190 3040 1269 3102 quae
1294 3021 1376 3103 pessi

240 3150 243 3159 .
288 3098 419 3160 fuerunt
435 3098 636 3173 nuntiarunt,
659 3099 711 3181 qui
735 3098 903 3160 condolens
930 3102 1042 3162 sanctis
1062 3097 1169 3163 scribit
1192 3103 1376 3165 Constantio

291 3193 325 3243 ut
348 3192 402 3243 uut
425 3182 574 3244 redderet
587 3180 683 3243 Paulo
706 3193 737 3243 et
748 3183 915 3245 Athanasio
936 3184 1083 3268 proprius
1101 3184 1194 3263 sedes,
1215 3196 1269 3247 aut
1288 3195 1377 3250 certe

289 3264 443 3347 praelium
469 3274 581 3325 contra
608 3284 641 3325 se
670 3265 763 3326 sciret
792 3266 991 3328 movendum.
1033 3267 1183 3330 hortatus
1204 3278 1308 3332 autem
1329 3279 1377 3333 cst

290 3368 360 3409 eum
379 3369 442 3431 quo
464 3346 598 3431 synodus
621 3348 704 3429 apud
719 3348 876 3414 Serdicam
898 3351 997 3429 lieret,
1018 3351 1050 3411 in
1064 3372 1131 3435 ‹qua
1154 3352 1375 3433 Hesperiarnm·

209 3430 464 3507 ptiiconv'cnere
486 3430 633 3513 episcopi
657 3434 807 3509 trecenti,
822 3432 1004 3496 'Orientales
1030 3444 1134 3496 autem
1156 3435 1285 3518 triginta
1314 3455 1376 3498 ser.
1448 3502 1463 3523 1

289 3514 339 3575 isti
362 3513 612 3575 Occidentalibus
635 3515 824 3593 resistebant,
843 3524 981 3597 petentes
1004 3518 1113 3599 expelli
1133 3519 1220 3600 prius
1235 3519 1377 3581 Athana·

288 3598 366 3658 sium
386 3597 568 3659 etPaulom.
612 3598 701 3658 Osius
724 3606 826 3659 autern
841 3600 1046 3662 Cordubensis
1060 3602 1229 3683 episcopus»
1245 3612 1277 3665 et
1289 3604 1375 3663 Pro..

289 3690 415 3761 togenes
434 3680 621 3741 Sardicensis
641 3682 720 3762 passi
740 3703 803 3743 non
826 3692 899 3742 sunt
917 3704 980 3765 quo
995 3685 1095 3745 minsas
1118 3684 1255 3746 edessem
1276 3686 1376 3747 musti

288 3764 468 3825 Athanasius
488 3761 577 3823 ‘simul
600 3774 631 3824 et
653 3766 776 3827 Paulus.
829 3774 904 3826 tunc
939 3768 1115 3829 Orientalcs
1141 3778 1235 3849 panes
1255 3768 1375 3851 Philip-

288 3848 430 3929 popolim
453 3848 669 3911 convenientes
690 3848 889 3931 impudenter
917 3849 1113 3913 homousion
1130 3851 1374 3914 amthemntisa.

288 3940 419 3992 ruunt:
449 3932 503 4013 qui
530 3950 605 3993 vero
639 3932 723 4014 apud
754 3932 914 3993 Serdicam
945 3934 1114 3996 orthodoxi
1142 3944 1214 3996 suat
1243 3935 1375 4013 inventi,

288 4034 475 4075 anoanoeum
493 4012 941 4089 anathematizantes‚·rectom
964 4041 981 4077 a
1006 4016 1200 4081 udilicaeem
1219 4018 1378 4100 expositae

288 4096 359 4155 ndei
382 4098 546 4157 terminum
561 4098 774 4158 firinaaerunt.
814 4119 915 4181 porro
938 4122 972 4161 re
994 4099 1101 4162 didere
1123 4102 1254 4163 thronos
1273 4100 1375 4162 Atha-

289 4180 373 4241 nasio
395 4188 427 4241 et
439 4180 536 4243 Paulo
555 4191 650 4265 atquc
669 4182 818 4245 Marcello
839 4186 1031 4267 Ancyrano,
1052 4185 1214 4251 coralitenti
1234 4186 1373 4249 homou-
