3050 4900
505 382 556 443 ex
585 378 843 444 tunsoratus.
1084 461 1088 469 .
1146 374 1214 445 197

131 542 302 609 iustiniauo
323 547 520 629 successisset,
543 548 679 613 ascendit
696 548 888 633 Philippicas
904 547 942 610 nd
960 548 1138 626 inclausum,
1161 552 1217 634 qui

127 630 206 691 dicit
227 630 257 692 ci
279 632 348 693 “no'
362 633 500 693 festines:
523 634 577 697 fiet
596 634 685 695 tibi.'’
712 654 846 716 cumque
866 643 899 694 et
919 633 1096 694 Absimarns
1117 636 1218 715 impe·

130 721 236 789 rasset,
257 735 364 775 rursus
385 716 522 777 ascendit
541 716 580 777 ad
596 738 676 793 eum,
698 716 749 777 cui
779 716 830 779 ille
849 717 962 778 iterum
985 718 1028 777 ait
1046 722 1106 777 “ne
1128 737 1219 779 acce

128 796 227 857 teres:
250 797 326 859 illud
349 799 428 858 enim
442 799 653 883 praestolatur
665 804 724 865 te.’'
747 821 848 883 porro
861 821 932 860 cum
945 800 1135 882 Philippicas
1157 800 1218 861 laoc

129 880 315 963 quibusdam
337 881 439 945 amicis
459 884 520 945 suis
541 884 673 945 fidenter
694 884 800 945 fuisset
818 885 980 961 confessus,
1005 884 1043 945 ab
1065 884 1218 944 eisalbsi·
1246 942 1251 957 ,

125 983 217 1025 auaro
240 964 417 1027 nuntiatum
438 974 491 1041 est,
514 968 569 1052 qui
588 988 709 1029 caesum
728 988 766 1028 ac
780 976 903 1028 tonsum
924 989 961 1027 ac
976 966 1084 1029 ferreis
1107 967 1216 1027 viucu.

123 1047 161 1107 lis
182 1045 341 1143 alligatum
361 1048 445 1111 hunc
460 1050 491 1110 iu
505 1050 732 1133 Cephalleniam
748 1048 866 1111 exulem
886 1050 979 1115 misit.
1020 1070 1091 1111 cum
1113 1062 1217 1113 sutem

126 1130 313 1200 lastinianus
337 1132 501 1215 imperium
521 1134 711 1215 suscepisset,
732 1132 893 1196 revocarit
915 1154 997 1206 eum,
1022 1142 1143 1195 etcum
1165 1156 1217 1195 re·

124 1224 260 1297 quant,
293 1215 367 1279 fecit
397 1216 669 1303 pseudosynodum
708 1220 928 1300 episcoporum
967 1217 1051 1279 iuxta
1080 1216 1317 1299 pseudaposs

125 1294 273 1359 monachi
295 1307 327 1360 et
349 1300 475 1362 inclausi
488 1322 671 1379 sermonem,
694 1312 727 1364 ct
748 1300 861 1362 abiecit
878 1310 1016 1361 sanctam
1038 1308 1070 1363 et
1092 1302 1218 1364 unirer·

125 1381 221 1443 salem
250 1390 363 1443 sextam
391 1384 556 1467 synodum.
609 1384 784 1467 eodemque
815 1405 896 1445 anno
928 1404 1024 1445 vanus
1053 1386 1219 1445 oculorum

124 1465 312 1527 caecitatem
333 1466 483 1541 iucurrit;
508 1468 626 1552 quique
648 1490 720 1529 oum
743 1468 774 1529 in
795 1466 891 1527 multa
912 1468 1032 1548 positus
1052 1467 1219 1531 securitate

125 1548 157 1607 in
181 1546 336 1631 regalibus
361 1547 506 1631 degeret,
529 1551 822 1636 multitudinemque
843 1548 1046 1631 pecsaaiarum
1061 1559 1095 1612 et
1113 1551 1218 1631 splen-

125 1628 354 1694 didissimarum
375 1632 615 1696 substantiarum
636 1636 710 1715 illie,
734 1657 770 1699 ex
789 1632 894 1695 multis
913 1644 1000 1695 retro
1023 1635 1217 1714 temporibus

126 1714 165 1777 ab
190 1712 237 1776 bis
261 1716 314 1813 qui
336 1724 424 1779 antea
444 1718 684 1800 imperaverant,
706 1740 741 1782 ex
761 1716 1045 1801 proscriptionibus
1062 1725 1093 1778 et
1115 1716 1218 1779 diver-

126 1797 165 1859 sis
185 1799 412 1875 occasionibus,
433 1803 660 1885 maxiuaequea
692 1802 855 1885 praedicto
878 1800 1047 1861 lastiniauo
1068 1801 1220 1863 collecta-

127 1900 200 1941 rum
222 1881 404 1967 inreuisset,
432 1883 510 1947 haec
531 1884 699 1948 frustraret
727 1886 875 1947 incassum
899 1904 934 1945 ac
953 1884 1019 1945 sina
1038 1883 1149 1947 dolore
1167 1884 1219 1946 di-

126 1964 251 2043 spersit.
294 1976 325 2029 et
340 1967 371 2027 in
388 1968 647 2051 disputationibus
661 1970 786 2053 quidem
799 1968 860 2029 suis
877 1966 1068 2029 rationabilis
1088 1978 1120 2031 et
1141 1988 1217 2050 pru·

126 2046 204 2109 dens
225 2049 438 2128 extimabatur,
455 2051 486 2113 in
500 2052 619 2115 actibus
634 2063 739 2115 autem
756 2052 917 2113 inhoneste
933 2048 1107 2133 scindique
1124 2051 1218 2112 vitam

126 2150 342 2195 consummans
373 2134 587 2216 improbabilis
610 2136 726 2221 ubique
756 2133 1048 2197 demonstrabatur:
1071 2142 1141 2197 erat
1161 2154 1219 2194 au.

127 2224 193 2277 tem
215 2215 388 2279 haereticus
424 2229 456 2280 et
484 2220 617 2281 adulter.
673 2240 773 2301 porro
803 2221 888 2303 Cyro
917 2217 1098 2300 patriarcba
1128 2219 1219 2299 pulsu

128 2300 278 2361 loannem
301 2301 598 2367 communicatorem
625 2324 715 2365 suum
736 2310 830 2386 atque
850 2301 1042 2363 haereticum
1064 2302 1094 2364 iu
1117 2302 1220 2385 patri-

128 2380 258 2445 archam
278 2386 450 2468 promovit.

213 2501 323 2563 Mundi
344 2523 426 2563 anno
449 2495 543 2578 6904,
567 2501 689 2562 divinae
710 2500 934 2563 incarnationis
959 2521 1040 2561 anno
1063 2497 1134 2576 704,
1160 2499 1220 2561 im.

149 2591 219 2644 erat
236 2585 381 2647 Romanis
403 2583 602 2668 Philippices,
626 2585 678 2668 qui
702 2585 867 2668 imperavit
888 2583 1117 2644 annisduohus.
1140 2584 1220 2643 dra.
1287 2589 1290 2592 ’

126 2605 217 2728 bibus
241 2679 364 2750 praeest
384 2669 506 2746 llualid,
529 2669 583 2752 qui
605 2667 753 2730 ducatum
773 2689 886 2730 novem
906 2667 1009 2728 tenuit
1028 2669 1124 2729 annis.
1167 2669 1220 2728 lo-

128 2771 221 2812 annes
243 2772 371 2834 quoque
394 2752 756 2834 Constantinopolitanus
778 2759 872 2835 atque
886 2753 1016 2814 loannes
1036 2750 1220 2832 Hierosoly.

127 2834 263 2980 pallantup
284 2834 438 2981 babeptpr
469 2836 635 2980 ⁰¹¹.¹⁵⁵‘³¹⁸f’
648 2857 793 2934 ,quorum
821 2833 901 2898 alter
921 2834 1022 2896 tribus
1045 2835 1123 2896 alter
1143 2854 1221 2896 sero

144 2939 226 3000 ragau
284 2940 359 3000 prae
374 2941 404 2980 us
441 2941 526 2982 annis
550 2941 703 2982 eccesiae.

212 3035 303 3094 Anno
325 3033 422 3116 igitur
444 3035 566 3118 imperii
588 3034 634 3096 sui
655 3033 849 3117 Philippicas
869 3035 973 3116 primo
994 3031 1155 3094 Armenios
1182 3029 1222 3092 de

129 3121 214 3178 terra
245 3139 299 3177 sua
319 3118 434 3198 pellens
466 3119 496 3179 in
528 3119 673 3180 Armenia
701 3127 813 3202 quarta
843 3126 875 3179 et
904 3117 1050 3178 Melitene
1079 3116 1222 3176 habitare

128 3199 241 3281 coegit.
264 3221 365 3282 porro
387 3223 449 3263 non
460 3185 646 3285 'praevaluit
665 3202 782 3265 saevius
805 3201 926 3262 moveri
951 3202 1062 3260 contra
1083 3209 1218 3257 sanctam
1228 3228 1254 3280 p,
1266 3211 1320 3270 536

128 3293 160 3344 et
181 3283 385 3347 anniversalem
418 3297 533 3347 sestam
561 3284 733 3363 synodum,
758 3285 941 3346 subvertere
963 3283 1086 3344 studens
1105 3280 1219 3356 divina,

127 3387 209 3447 qnae
231 3367 269 3426 ab
293 3389 327 3426 ca
351 3369 499 3430 roborata
513 3357 593 3446 suni,
616 3367 770 3452 dogmata.
813 3367 933 3449 reperit
955 3373 1058 3426 autem
1080 3364 1125 3424 sni
1147 3384 1219 3423 sen·-

130 3471 177 3509 sus
201 3453 356 3526 loannem,
381 3474 472 3535 quem
496 3453 674 3534 episcopum
688 3449 998 3532 constantinopoleos
1012 3447 1095 3528 fecit,
1117 3447 1218 3526 depo.

129 3533 190 3594 sito
213 3535 298 3616 Cyro
320 3537 463 3619 praesule
483 3535 585 3608 lanius,
610 3557 702 3618 quom
723 3535 813 3597 exilio
837 3534 986 3614 relegavit
1007 3531 1038 3591 in
1061 3537 1218 3591 monaste-

131 3616 177 3677 n'o
199 3616 316 3678 Chorus
326 3662 336 3695 ,
357 3618 516 3680 Nicolaum
541 3641 579 3680 ue
609 3641 625 3680 s
659 3619 792 3680 diacono
820 3637 949 3679 caucum
981 3615 1133 3692 ellectum,
1164 3611 1217 3694 qni

129 3719 200 3760 cnm
223 3699 396 3762 medicinali
416 3713 494 3764 essct
515 3641 675 3785 disciplina
694 3700 843 3784 sophista,
873 3708 950 3760 tunc
970 3710 1116 3780 quaestor
1140 3705 1217 3771 erat,

129 3783 385 3866 Agelpidiumque
405 3785 570 3847 diaconum
589 3807 717 3868 magnac
738 3785 891 3860 ecclcsiae,
912 3792 1007 3865 atque
1028 3779 1217 3841 Antiochum

131 3866 419 3948 chartophylacem,
443 3880 472 3930 ct
495 3870 569 3930 alios
590 3891 715 3932 morum
746 3866 926 3942 eorundem,
949 3865 1001 3948 qui
1026 3864 1118 3924 ctiam
1139 3863 1217 3921 scri-

131 3959 186 4028 pto
208 3949 544 4014 arrastlremutisaverunt
574 3962 710 4014 sanctam
743 3959 856 4012 sermm
888 3947 1053 4032 synodum.
1096 3947 1216 4006 interea

131 4031 280 4112 vulgares
301 4057 361 4116 per
379 4035 487 4098 Philen
507 4036 584 4096 clam
609 4037 638 4095 in
664 4045 826 4117 aragustum
848 4033 1028 4102 incidentes,
1051 4039 1083 4090 et
1105 4051 1216 4107 magna

130 4115 221 4177 caede
246 4119 326 4178 sacta
349 4119 501 4202 usquead
525 4120 634 4180 urbem
656 4120 872 4195 discurrentes,
892 4125 924 4177 et
943 4115 1056 4175 multos
1076 4122 1215 4173 transre-

129 4195 244 4277 lsentes‚
265 4202 442 4288 nuptiisque
463 4203 617 4288 opulentis
639 4213 670 4266 et
691 4201 858 4286 dapsilibus
877 4197 1014 4283 prandiis
1034 4219 1104 4260 cum
1126 4194 1214 4258 sario

148 4292 157 4320 0
799 4309 812 4320 ι
