3050 4900
299 363 372 444 stt
667 378 724 444 tu
752 375 1031 442 mtsocutuun

297 571 354 610 uus
377 547 409 608 in
432 545 544 626 serbis,
566 553 599 610 et
619 545 762 610 convitiis
780 544 911 606 stetisset
927 543 1119 626 disceptatio.
1139 539 1270 614 ἕκαστος
1290 539 1388 606 onesi.

295 631 346 693 des
365 629 469 710 α’ρχὴι
489 629 644 708 κρατῆσαι
672 629 725 692 lus
745 629 848 711 σωθῇ.
897 629 1032 690 Alesion.
1067 629 1191 712 qes'sque
1211 629 1309 690 ambit
1326 631 1386 690 ius-

290 719 420 800 persiam,
440 723 499 774 ete.
528 712 593 774 imo
622 713 712 775 unius
731 712 770 774 sit
790 711 955 794 imperium
983 719 1124 792 oportet,
1151 719 1185 770 ut
1208 733 1313 772 omnes
1333 733 1387 773 se..

296 797 365 857 cusi
386 797 500 856 visunt.
521 798 647 880 quisque
666 797 759 868 solidi
777 797 887 880 incipit
913 797 1080 856 comedere.-
1105 801 1140 856 ut
1160 794 1200 854 sit
1218 796 1387 870 excusatio,

295 889 441 963 tanquam
470 877 573 940 eoacti
602 881 851 958 tumultuentur,
878 878 1004 960 impune
1036 879 1065 938 in
1097 897 1148 938 eos
1178 877 1385 958 grassantibus

294 963 431 1042 Venetis,
452 983 509 1023 nec
530 963 712 1045 magistratu
729 961 905 1033 ulciscente,
926 959 1115 1046 quinpotins
1138 963 1218 1042 ipsos
1240 962 1384 1022 iniuriam

293 1047 445 1130 patientes
475 1043 515 1110 ad
543 1065 677 1129 poenam
708 1046 905 1128 deposcente.
966 1067 1005 1106 eo
1034 1045 1116 1106 enim
1147 1043 1293 1106 coltineat
1316 1053 1386 1106 tota

292 1129 408 1196 subules.

375 1227 447 1306 981,
466 1227 498 1290 7.
547 1217 619 1302 dns
641 1222 677 1289 τά
706 1225 912 1310 φονεύεσθαι]
945 1249 968 1289 α
992 1225 1133 1290 caedibus
1160 1225 1292 1298 abstine3
1320 1225 1387 1288 sive

293 1311 398 1386 etiam,
421 1311 528 1374 caedes
548 1331 731 1394 compesce3
753 1312 809 1372 κατ’
828 1303 924 1394 άφες,
946 1311 1151 1388 κολαζόμεθά
1171 1329 1211 1370 ac
1229 1310 1304 1384 sine,
1321 1331 1387 1392 pu.

292 1399 415 1456 nimiu:
439 1395 471 1456 id
494 1404 548 1472 est,
570 1415 703 1477 poenam
725 1417 818 1476 quum
841 1396 910 1456 iure
932 1395 1061 1477 irroges,
1082 1414 1144 1454 non
1170 1389 1388 1454 detrectamus.

290 1479 450 1562 sequentia
483 1488 520 1539 ut
541 1479 698 1556 haereant,
717 1473 767 1538 ἴδε
788 1473 869 1556 πηγή
892 1479 1058 1556 βρύουσα,
1089 1477 1145 1538 atui
1167 1469 1261 1545 ὅσους
1280 1475 1389 1548 θέλεις

292 1555 416 1638 soluite,
438 1562 539 1622 ironia
561 1561 643 1624 dieta
669 1561 770 1634 veiim,
794 1561 958 1622 alludendo
985 1561 1023 1622 ad
1046 1560 1174 1622 caedem
1197 1579 1232 1619 ea
1254 1558 1303 1620 die
1329 1581 1389 1640 pu-

293 1653 407 1706 tratam
428 1645 468 1704 sd
489 1647 633 1728 Zeugma.
673 1667 712 1706 en
729 1647 809 1723 sons
832 1647 981 1719 scaturiet
1000 1658 1050 1719 tu,
1070 1665 1145 1727 qnos
1164 1643 1258 1717 tebet,
1276 1643 1386 1726 plecte.

290 1728 374 1789 nulia
397 1729 497 1791 caedis
521 1729 626 1790 habita
657 1729 799 1804 ratione,
821 1727 986 1810 adhucque
1004 1727 1145 1788 stillantis
1166 1725 1300 1802 cruoris,
1321 1745 1386 1806 pro

289 1811 379 1872 libito
400 1833 516 1894 poenas
549 1812 662 1894 inflige.
715 1811 778 1872 hoc
815 1813 896 1872 enim
921 1820 966 1872 est
996 1811 1083 1894 quod
1108 1811 1206 1884 aiunt,
1229 1809 1386 1870 nemiuem

290 1915 379 1976 posse
399 1897 495 1956 serre.
535 1895 725 1973 sabbatius,
746 1915 839 1978 quem
860 1915 918 1956 uec
950 1893 1040 1956 fuisse
1061 1901 1232 1978 precantur
1252 1892 1388 1968 Prasini,

286 1987 381 2058 pater
402 1987 448 2038 est
468 1977 637 2044 iustiniani.

370 2074 453 2138 Ilici.
476 2076 524 2139 11.
564 2072 704 2151 εἰκότως]
726 2077 819 2136 Barb.
832 2076 924 2160 Peyr.
942 2087 1002 2138 etc.
1014 2078 1058 2137 sie
1071 2077 1186 2161 planes
1209 2086 1246 2139 ut
1257 2077 1302 2140 sie
1324 2099 1386 2160 ap..

287 2159 437 2242 probatio
458 2159 661 2222 execrationis
683 2161 714 2220 iu
740 2160 939 2220 lastinianum
962 2161 1101 2222 iactatae.
1144 2170 1211 2222 tum
1233 2173 1386 2244 sequatur

289 2245 353 2306 eius
379 2244 477 2304 ratio:
499 2239 585 2314 ἕκτος
608 2240 817 2324 mirocletis.
859 2257 949 2305 sextu
970 2244 1077 2304 caedes
1096 2257 1152 2320 est,
1177 2253 1237 2306 eto.
1279 2247 1385 2306 maio.

290 2349 358 2390 rem
382 2327 444 2386 sim
465 2327 557 2387 habet
585 2325 673 2410 quod
700 2326 776 2408 legit
804 2327 940 2389 Alcman.
991 2322 1132 2397 siscensis
1155 2327 1252 2398 ἓιιτος.
1293 2343 1386 2390 serm

288 2431 382 2494 supra
412 2411 611 2491 m'gssimum:
633 2407 686 2473 sed
718 2422 817 2474 esseut
846 2410 1043 2495 producendi
1064 2409 1155 2473 codd.
1178 2411 1287 2473 vitiosa
1310 2419 1386 2473 sunt

290 2516 371 2577 quae
392 2494 426 2555 P.
451 2498 539 2554 Goar
566 2502 779 2577 repraesentat
810 2516 845 2555 ex
876 2498 949 2576 Reg.
982 2495 1038 2553 nisi
1060 2516 1096 2555 ea
1118 2493 1182 2575 ipss
1203 2506 1276 2558 sunt
1300 2516 1385 2579 quae

289 2577 425 2641 Alcman.
450 2576 509 2637 tevi
530 2575 693 2639 literarum
715 2578 903 2655 mutatione,
926 2576 1014 2660 quod
1037 2587 1068 2640 et
1088 2577 1200 2661 piacet.

369 2677 453 2742 leid.
480 2676 531 2739 11.
577 2676 619 2761 τῇ
628 2672 715 2755 πρωῒ
733 2668 770 2749 sic
792 2672 979 2758 ἐθεώρησεν]
1007 2698 1096 2739 mnne
1117 2679 1150 2739 in
1169 2680 1284 2743 tlseutsu
1302 2679 1386 2741 beu!

288 2760 526 2841 spectatorjisit,
549 2772 579 2821 et
594 2779 717 2841 uespere
733 2762 846 2820 occisus
856 2774 905 2820 est.
926 2756 1002 2819 τότε
1023 2760 1062 2819 ου’
1081 2755 1225 2842 σφάξεις.
1248 2764 1292 2823 sic
1314 2784 1384 2822 ma.

290 2838 343 2901 iim
365 2862 435 2901 cnm
456 2842 591 2904 Alcman.
609 2842 801 2924 φιιααάοιιοιιι
820 2846 882 2903 sine
912 2844 1001 2903 caede
1020 2842 1176 2904 discedis?
1204 2842 1300 2906 adsui
1318 2868 1384 2907 τια-

291 2925 466 3003 unseleins
487 2934 646 2997 accusant,
668 2946 732 3007 quo
753 2948 843 2987 sensu
864 2926 1021 2989 Plutarch.
1045 2926 1075 2986 in
1100 2926 1233 2995 Pericle,

373 3023 445 3094 989,
473 3022 520 3087 16.
563 3020 597 3085 τὸ
616 3026 713 3100 μισῶ]
747 3025 850 3107 piacet
872 3048 942 3087 cnm
966 3022 1158 3087 dicmensi
1181 3028 1291 3103 μῦσος.
1310 3040 1386 3088 tun-

290 3120 355 3166 tum
374 3108 468 3168 scelus
487 3128 541 3169 nec
563 3110 667 3169 nidere
686 3112 824 3174 sustineo.
877 3106 938 3169 ainsi
961 3130 1054 3171 risus
1072 3106 1264 3189 μαϊστάριου.
1285 3112 1384 3177 Baris.

291 3190 384 3273 Peyr.
417 3212 439 3250 α
467 3192 650 3276 qmbusdam
678 3194 829 3271 mugisse-ss
857 3195 1100 3255 ntmianicamm
1129 3197 1239 3255 artium
1259 3196 1383 3277 peratis.

290 3279 446 3351 maistres,
471 3276 609 3341 artisans.
630 3276 694 3337 eius
715 3276 798 3336 sucis
822 3276 973 3337 Meursius
1004 3276 1098 3337 muita
1120 3276 1257 3359 exempla
1280 3276 1382 3338 addu-

291 3358 343 3417 eit.
384 3367 458 3457 post
476 3352 674 3435 στρατιώτας
694 3358 774 3420 udde
797 3380 831 3421 ax
852 3360 926 3440 Reg.
955 3369 986 3420 et
1008 3360 1102 3422 Barb.
1124 3360 1184 3422 soii
1212 3357 1383 3441 φυλάττειν

291 3438 434 3583 τιάτους.ίΙ
460 3442 545 3503 ms'sit
566 3442 674 3502 milites
700 3446 756 3526 qui
776 3464 824 3502 eos
853 3442 1058 3519 custodirem
1086 3464 1121 3507 es
1152 3465 1214 3528 quu
1241 3442 1383 3505 custodis

292 3534 363 3585 orta
382 3547 413 3584 sc
438 3524 504 3585 itio.

375 3622 446 3700 983,
470 3622 518 3685 18.
560 3616 615 3681 sui
635 3622 698 3685 τῶι
720 3618 963 3705 Προτικτόρωυ]
985 3624 1060 3705 Reg.
1082 3632 1142 3685 etc.
1164 3622 1209 3697 εἰς
1229 3618 1282 3686 τὸν
1300 3622 1382 3686 ’1ου-

289 3706 409 3771 λιαυοῦ.
451 3706 494 3767 ad
519 3704 632 3767 Ῑιάιαιιί
656 3721 799 3792 portum,
834 3728 921 3790 queem
947 3706 1078 3790 Sophiae
1097 3708 1199 3771 dieunt
1218 3708 1263 3771 ud
1285 3708 1384 3770 Probi
1506 3780 1507 3791 φ

290 3790 387 3851 aedes.
428 3780 704 3866 ὑπολαμβάνοντες
733 3788 859 3865 αὐοῐξει.

374 3894 446 3972 285,
466 3895 498 3957 7.
539 3892 814 3973 inlustrissime]
843 3898 917 3981 Reg.
937 3899 1070 4001 (reseniis
1088 3897 1233 3961 delinitos
1252 3899 1286 3959 in
1298 3919 1381 4042 ἔν.

290 3992 335 4043 tes
352 3981 546 4065 imperatoris
563 3980 717 4039 subduxit.
737 3976 816 4057 μετά
837 3980 892 4057 τῆς
906 3979 1004 4061 αυτῆς
1023 3978 1182 4061 βοηθείας.
1207 3982 1287 4045 hene
1324 4002 1382 4043 ue-

291 4062 377 4124 eard.
399 4064 504 4124 eodem
532 4064 731 4141 largitionum
760 4061 967 4139 adminiculo3
996 4086 1060 4145 quo
1079 4066 1195 4127 scilieet
1223 4066 1380 4147 inpostea

211 4174 216 4186 ·
292 4146 366 4227 imp.
388 4147 509 4229 aliquos
527 4146 588 4205 iam
607 4145 779 4207 Belissarius
803 4155 951 4221 truserat,
972 4169 1007 4207 nc
1020 4148 1128 4211 turhas
1148 4148 1290 4213 scindere
1303 4168 1382 4213 coe·

291 4240 403 4317 perata
425 4250 499 4312 quas
520 4230 564 4291 sic
582 4228 686 4292 scissus
708 4228 797 4291 facile
824 4230 884 4292 luit
904 4231 1068 4297 conticere.
