3050 4900
288 283 362 358 tet
407 371 419 388 ἱ
658 301 700 358 m
736 297 1010 359 racarrmnmr

288 482 409 564 peditat
430 480 517 542 index
530 528 538 558 ,
563 482 664 542 verbis
689 483 828 560 Prasiai,
857 482 978 561 Veneti,
1000 477 1157 558 sactiones,
1179 477 1291 552 circus,
1315 488 1376 540 etc.

288 567 394 648 paucis
415 567 571 648 Corippus
592 566 645 626 tib.
670 563 697 626 l.

435 689 566 771 Aurigas
578 688 721 765 totidem,
745 686 875 749 totidem
892 709 1023 769 posuere
1044 687 1179 764 colores,

435 795 477 856 Et
499 796 603 858 secere
625 794 699 856 duas
717 795 819 856 studia
844 794 875 856 in
898 795 1057 854 contraria
1079 802 1192 874 partes.

370 899 496 979 957,“7.
535 895 780 981 Ἀλεξανδρείας
802 901 967 972 ἐπίσκοπος
993 897 1147 977 Τιμόθεος
1165 891 1217 980 ἔτη
1237 896 1274 974 ιζ
1283 906 1294 973 l
1317 901 1374 960 ad.

287 983 335 1046 dit
355 984 557 1048 Eccheiiensis
578 987 620 1044 ob
653 985 834 1046 historicam
860 983 951 1044 tidem
975 983 1025 1044 hic
1047 979 1222 1058 adeundus,
1243 983 1304 1043 dies
1325 1003 1374 1042 se.

284 1068 482 1150 ptemdecim.
533 1067 667 1151 reliquos
689 1067 889 1130 Alexandriae
916 1067 1118 1148 patriarchas,
1138 1086 1248 1126 eorum
1270 1067 1373 1126 notui.

284 1174 343 1229 ua,
365 1161 466 1233 gesta,
488 1161 621 1227 aetates,
643 1151 755 1213 ordine
777 1153 898 1232 penitus
927 1174 943 1210 a
964 1149 1155 1232 Theophane
1179 1148 1300 1209 diverso
1324 1171 1373 1210 re·

286 1244 390 1296 censet
409 1234 491 1296 idern
513 1234 726 1298 Ecchettensis.
780 1234 822 1296 itti
857 1233 904 1296 vel
926 1233 1112 1314 Theophani
1143 1231 1234 1292 iidem
1252 1231 1373 1295 elevare

284 1339 347 1378 non
370 1328 415 1378 est
434 1317 525 1379 buius
548 1319 676 1399 negotii.
726 1339 838 1400 quoae
860 1315 965 1378 nsandi
990 1315 1119 1378 conditu
1138 1312 1230 1392 6028,
1255 1314 1371 1377 Christi

283 1422 360 1462 vero
382 1402 533 1462 natatibus
556 1401 626 1475 528,
652 1401 860 1483 patriarcham
877 1399 1077 1461 Timotheum
1099 1407 1246 1484 sequutus
1268 1399 1370 1480 ponit,

283 1507 355 1544 cum
379 1483 443 1544 aliis
466 1508 483 1544 a
504 1484 695 1566 Theophane
716 1486 862 1565 expressis
876 1485 1080 1544 cosrferendos
1103 1505 1141 1544 ex
1164 1481 1228 1544 eius
1248 1483 1371 1564 scriptis

282 1568 449 1649 depromo.
493 1567 611 1648 primas
634 1568 889 1642 estThendosius,
911 1568 996 1628 cuius
1010 1567 1081 1628 anni
1104 1575 1174 1626 sunt
1196 1564 1278 1648 apud
1299 1587 1370 1626 eum

281 1648 333 1726 31,
357 1649 421 1711 dies
447 1649 515 1728 131,
536 1651 574 1711 ad
596 1654 660 1712 eins
681 1661 801 1732 ternpus
817 1652 967 1710 Gaianum
985 1649 1087 1728 (euius
1109 1669 1211 1710 mores
1232 1649 1369 1710 breviter

280 1743 444 1814 percenset
463 1754 533 1814 pag.
560 1735 628 1811 199)
652 1742 798 1794 recenset.
840 1734 990 1816 ,sequitur
1010 1734 1130 1809 Petrus,
1154 1731 1240 1792 cuius
1260 1732 1369 1814 ponti.

270 1817 387 1878 dicatus
409 1818 482 1877 anui
507 1819 533 1895 l,
555 1817 675 1877 dierum
697 1815 769 1890 369,
799 1826 1008 1878 mensuratur:
1032 1818 1118 1878 euius
1148 1815 1277 1876 historia
1296 1836 1366 1898 pag.

283 1897 342 1960 123
362 1899 450 1959 Pauti
473 1919 646 1977 successus,
670 1908 701 1960 et
722 1899 909 1982 Apollinaris
929 1909 1060 1962 aetatem
1087 1898 1228 1963 includit.
1270 1899 1367 1960 Petro

280 1981 363 2060 apud
371 1983 598 2044 Ecehetiensem
614 1982 949 2059 sufficiturDamianus,
968 1983 1108 2067 regitque
1126 1983 1282 2046 ecclesiam
1296 1981 1366 2043 Ale-

277 2065 460 2124 nandrinam
482 2067 568 2126 anuis
584 2065 636 2147 35,
655 2063 844 2144 diebns358.
868 2065 1004 2128 succedit
1022 2065 1194 2127 Anastasius
1216 2065 1301 2124 annis
1320 2066 1367 2142 19,

281 2147 387 2208 diebus
406 2147 474 2210 190.
516 2147 602 2210 hunc
621 2151 734 2232 excipit
755 2149 951 2212 Andronicus
967 2151 1052 2210 annis
1068 2131 1098 2228 6,
1119 2148 1226 2210 diebus
1244 2145 1281 2208 16
1303 2148 1367 2209 tta.

279 2231 367 2290 raciii
391 2232 588 2312 imperatoris
607 2232 810 2315 temporibus.
838 2234 997 2294 Beniamin
1021 2231 1132 2294 deinde
1152 2232 1370 2313 pontificatum

282 2313 411 2395 adeptus
433 2325 587 2376 estannos
599 2314 650 2391 39,
674 2337 767 2398 quem
786 2317 989 2397 postmodum
1010 2318 1095 2376 annis
1110 2313 1157 2397 ¹6,
1180 2312 1369 2392 dictasutt,

283 2397 385 2459 tenuit
406 2397 565 2481 Agathou:
587 2399 627 2461 ad
651 2398 768 2481 prioris
791 2410 894 2463 antem
926 2399 1116 2462 breviarium
1139 2406 1292 2460 memorat
1313 2399 1374 2459 Ec·

282 2482 441 2542 eheiiensis
458 2483 574 2565 Cyrum
595 2484 808 2566 patriarcham
829 2493 861 2543 et
875 2485 1004 2567 Aegypti
1026 2484 1279 2565 gubernatorem.
1321 2484 1372 2541 lo·

282 2587 375 2625 annes
398 2566 521 2626 tandem
543 2567 808 2650 eleemosynarum
832 2568 997 2711 ἰηεὶᾔηῑδιιε
1022 2576 1113 2627 notus
1139 2565 1287 2627 thronum
1307 2586 1372 2625 sus.

284 2650 369 2727 cepit
390 2672 473 2709 auno
498 2650 536 2708 ab
564 2650 644 2711 orbe
677 2650 807 2711 condito
830 2650 889 2711 617
922 2694 932 2727 ,
965 2662 996 2713 et
1018 2672 1034 2709 a
1056 2649 1179 2711 Christo
1205 2659 1278 2711 nato
1301 2644 1371 2723 673,

281 2751 384 2812 eoque
404 2730 520 2792 annis8
541 2733 659 2812 potitus
680 2742 736 2795 est.
760 2733 812 2792 aiii
830 2732 943 2795 deinde
964 2733 1162 2815 patriarchae
1181 2732 1371 2815 subiungun-

284 2821 338 2871 tur
358 2810 418 2888 37,
440 2834 576 2895 quornm
596 2815 721 2875 ultimus
741 2816 921 2878 Athanasius
947 2838 1028 2877 anno
1051 2839 1067 2875 a
1091 2816 1204 2877 Christi
1228 2817 1371 2876 incarna-

281 2896 365 2956 tione
397 2892 476 2957 1234
504 2898 650 2977 pontifex·
676 2900 869 2962 renuntiatus
905 2900 972 2961 suit.
1032 2901 1146 2961 frustra
1177 2900 1371 2961 referrentur

280 2998 391 3038 eorum
415 2979 556 3054 nomina,
578 3002 654 3042 cum
682 2980 855 3061 admoram
886 2994 1007 3066 tempus
1036 3004 1129 3045 omne
1162 2982 1371 3065 patriarcham

281 3061 400 3121 natium
412 3062 621 3143 Theophanes
636 3074 802 3127 recenseat.

363 3168 434 3245 958,
443 3168 472 3231 8.
494 3166 679 3253 Εὕφρᾰσιος
702 3172 737 3233 δὲ
759 3170 969 3251 Ἀντιοχεάες]
988 3183 1017 3234 at
1033 3195 1095 3234 non
1117 3170 1172 3233 nisi
1186 3181 1256 3254 post
1275 3193 1369 3231 unuin

279 3262 311 3311 et
332 3252 464 3313 atterum
486 3276 600 3314 annum
623 3260 653 3317 in
677 3258 844 3317 canoniam
866 3257 905 3317 ab
930 3257 1060 3339 ipsomet
1081 3266 1212 3335 auctpre
1232 3256 1368 3317 retertur

279 3358 349 3418 pag.
368 3336 560 3400 succedente.

362 3443 445 3505 leid.
487 3441 670 3525 Εὐφράσιος
690 3446 724 3506 δὲ
742 3435 959 3525 Ἀντιοχείας]
982 3445 1058 3505 haec
1079 3445 1198 3528 pariter
1219 3442 1366 3527 perioche

280 3525 451 3587 indebitum
473 3528 531 3588 sihi
551 3528 652 3587 iocum
683 3530 946 3611 praeoccupavit:
980 3529 1065 3589 antris
1097 3529 1215 3612 quippe
1246 3526 1367 3588 duobus

276 3610 439 3691 Euphrasii
461 3610 657 3692 episcopatus
679 3612 800 3672 tardior
821 3613 1024 3693 comperitur.
1120 3647 1122 3655 v

360 3717 444 3779 thid.
467 3716 500 3777 9.
552 3720 688 3797 πολέμου
728 3718 905 3799 κινηθέντος
938 3714 1056 3797 precatui
1084 3714 1271 3795 Ῥωμαίων,
1312 3714 1364 3778 καὶ

276 3799 427 3879 Περσῶν]
448 3802 644 3862 Lesuram-n
666 3803 765 3862 Persis
786 3803 988 3863 desectionem
1004 3803 1086 3864 hetto
1105 3824 1224 3863 casinam
1250 3799 1364 3862 dedisse

276 3904 311 3941 ex
336 3884 406 3964 ipsis
428 3884 641 3965 Theophanis,
662 3893 693 3946 et
726 3896 889 3948 auctorum
921 3887 1052 3947 aliorum
1085 3886 1274 3959 testimoniis,
1293 3892 1367 3965 post

276 3966 443 4028 secundam
468 3989 580 4029 anasum
601 3990 800 4049 exponemus:
823 3970 963 4053 adeoque
989 3977 1182 4050 praesentem
1205 3967 1363 4027 narratin-

276 4069 346 4142 nern
366 4051 514 4195 suodloco
536 4063 670 4130 mutarn,
704 4061 735 4115 et
758 4052 885 4115 iuferius
907 4052 1116 4137 reponendam
1138 4050 1286 4115 historiae
1308 4074 1362 4112 se.

275 4141 351 4194 ratas
368 4156 420 4195 sua
444 4144 485 4195 et.
