3050 4900
504 433 555 495 Ex
586 429 844 497 Theophane.
1147 429 1218 500 163

125 621 208 664 nasac
229 603 332 662 autem
354 599 548 682 poenitentes
574 621 668 685 saper
686 603 767 666 hene
795 625 828 666 sc
847 601 982 667 habente
1001 623 1090 667 sensu
1111 605 1220 668 amise-

126 693 201 750 runt
223 693 413 765 utrumque,
443 705 546 766 nequa
580 709 672 748 unam
693 709 797 770 neque
824 689 900 750 duas
920 689 950 749 in
974 689 1099 749 Christo
1118 690 1219 750 confi.

124 773 256 832 tentes.”
298 775 523 848 postmortem
545 789 623 830 vero
643 771 744 856 Sergii
765 772 904 855 Pyrrhus
926 772 1218 853 Constantinopoli.

125 863 234 914 unum
257 851 391 932 suscepit
418 847 587 928 thronum,
633 854 663 914 ui
686 875 766 936 quae
786 855 948 936 praedicta
969 864 1042 917 sunt
1067 878 1083 915 a
1107 857 1217 937 Sergio

126 945 163 1000 sic
184 937 270 1033 Cyro
292 935 387 1015 impie
409 935 585 998 roboravit.
602 875 747 998 lleraclio
770 949 872 999 autem
891 949 1031 1016 mortuo,
1050 960 1123 1000 cum
1133 941 1218 1000 Con·

126 1031 279 1084 stantrnus
307 1017 386 1078 lilius
420 1018 484 1078 eius
515 1018 700 1100 imperaret,
734 1021 875 1083 Pvrrhns
906 1041 1062 1083 unacum
1083 1023 1219 1084 Martias

126 1123 246 1166 veneno
270 1101 353 1163 hunc
375 1100 540 1180 interfecit,
562 1101 594 1163 el
613 1103 748 1184 imperat
759 1093 947 1176 lleraclonas
956 1107 1110 1168 Martinse
1129 1105 1218 1172 lilius.

127 1205 228 1268 porro
248 1193 370 1247 senatus
390 1192 422 1246 et
443 1193 509 1246 tota
530 1185 635 1248 civitas
654 1185 810 1270 Pyrrhum
833 1198 869 1250 nt
891 1189 1020 1270 impium
1041 1211 1113 1251 cum
1130 1193 1219 1251 Mar-

123 1274 189 1332 tina
212 1279 244 1331 et
267 1269 331 1329 filio
353 1268 417 1329 eius
434 1270 627 1352 repulerunt.
659 1279 691 1331 et
713 1271 847 1352 imperat
869 1272 1019 1334 Coactum
1042 1273 1121 1334 titius
1132 1275 1220 1335 Con-

125 1352 263 1432 stamini,
284 1360 315 1413 et
335 1361 538 1413 consecratur
559 1353 673 1415 Paulus
702 1355 866 1436 episcopua
895 1355 1219 1439 Constantinopoleos‚

123 1447 155 1499 et
180 1439 244 1518 ipse
265 1433 449 1496 hacreticus.
494 1438 621 1497 loannes
642 1449 744 1500 autern
767 1441 924 1499 Romanas
944 1439 1067 1521 praesul
1086 1439 1219 1502 collecto

124 1521 348 1604 episcoporum
374 1519 509 1581 concilio
543 1521 820 1582 monotheiitarum
843 1523 994 1583 haeresim
1016 1523 1222 1585 anathemati·

125 1607 215 1666 savit.
259 1603 400 1666 similiter
431 1613 462 1664 et
488 1604 518 1664 in
544 1601 658 1681 lirina,
679 1625 774 1686 penes
800 1607 966 1690 Byzacium
985 1604 1130 1668 videlicet
1153 1609 1221 1665 lla-

126 1687 255 1749 mirliam
274 1695 307 1746 et
329 1679 546 1748 Mauritaniam
569 1687 681 1749 diversi
704 1689 845 1771 episcopi
866 1689 1086 1752 convenientes
1104 1710 1221 1750 mono-

126 1771 249 1833 thelitas
288 1769 482 1832 anathemate
519 1772 734 1852 perculerunt.
796 1775 912 1836 loannc
942 1793 1016 1836 sane
1044 1770 1316 1844 dormientes-⁶⁰⁹

125 1853 312 1916 Theodorus
339 1861 541 1915 consecratur
568 1873 628 1936 pro
659 1877 697 1916 eo
720 1875 813 1938 papa.
869 1855 1010 1953 Pyrrhus
1042 1877 1119 1918 sero
1147 1877 1222 1918 cum

124 1937 317 2022 pervenisset
339 1934 378 1997 nd
401 1937 547 2011 Africam,
572 1938 686 2000 martuis
714 1961 786 1999 eum
806 1942 996 2002 sanctissimo
1015 1941 1149 2001 Maximo
1170 1941 1222 2000 ri.

125 2023 219 2083 detur
230 2019 416 2102 aspectibus,
435 2019 549 2082 ahhate
568 2017 712 2082 videlicet
730 2023 956 2105 religiosissimo
978 2023 1009 2084 in
1031 2021 1222 2085 monachicis

124 2104 391 2188 correptionibus,
408 2125 465 2166 naa
483 2119 545 2166 non
562 2113 594 2166 et
609 2105 788 2166 divinorum
806 2107 871 2168 illic
883 2104 1118 2169 consistentium
1138 2126 1222 2190 pon.

125 2189 245 2250 tiiicum
266 2197 484 2270 praesentatur
507 2187 677 2266 obtutibus,
697 2189 751 2274 qui
773 2189 858 2251 hune
871 2191 1073 2272 redargutum
1093 2201 1125 2253 et
1145 2210 1223 2272 per.

5 2343 6 2346 Ἴ
124 2290 247 2333 masam
269 2271 400 2332 Romam
424 2269 463 2333 ad
483 2289 598 2353 papam
623 2271 828 2335 Theodorum
850 2275 1005 2348 dicerem
1028 2273 1083 2357 qui
1106 2271 1224 2335 ortho.

124 2355 235 2418 alariae
259 2352 362 2416 lihello
385 2353 504 2414 tradito
527 2376 625 2437 papae
644 2357 684 2418 ab
707 2369 745 2418 e'o
767 2367 912 2440 receptus
932 2364 986 2419 est.
1009 2356 1221 2418 interereunt

123 2443 222 2503 Roma
246 2437 427 2501 discessisset
446 2439 687 2522 Ravennamqae
707 2441 920 2521 pervenisset,
942 2448 977 2501 ut
997 2440 1081 2503 canis
1103 2437 1142 2501 ad
1162 2461 1221 2501 vo.

123 2524 235 2585 mitam
257 2543 346 2585 suum
369 2543 533 2584 conversas
555 2530 612 2585 est.
653 2542 718 2605 quo
738 2528 820 2605 papa
833 2522 1020 2584 Theodorus
1043 2533 1220 2605 comperto,

124 2604 322 2689 plenitudine
348 2615 521 2667 convocata
551 2604 696 2667 ecclesiae
725 2604 764 2667 ed
794 2608 972 2689 sepulcrum
992 2604 1117 2668 verticis
1139 2626 1219 2687 apo-

125 2692 279 2752 stolorum
318 2688 460 2767 accessit,
492 2695 523 2751 et
555 2688 661 2751 divino
706 2689 803 2751 calice
839 2688 997 2771 postulato
1029 2710 1065 2750 er
1093 2688 1218 2750 vivifico

123 2774 273 2857 sangnine
297 2780 471 2833 atramento
492 2771 637 2847 stillavit,
659 2780 692 2835 et
713 2774 755 2834 ita
779 2774 910 2855 propria
931 2792 1025 2835 manu
1047 2772 1219 2853 depositio-

123 2878 192 2919 nem
211 2856 328 2941 Pyrrhi
350 2856 429 2917 etei
453 2856 749 2919 communicantium
771 2858 857 2919 lacit.
900 2865 1062 2939 praeterea
1077 2856 1218 2940 Pyrrhus

120 2960 192 3002 cam
223 2939 530 3021 Constantinopolim
561 2940 768 3022 pervenisset,
795 2941 933 3003 obeunte
957 2939 1058 3003 Paulo
1086 2938 1218 3003 audaces

122 3026 272 3086 haeretici
304 3023 463 3109 Pyrrhum
482 3020 585 3085 denuo
614 3024 731 3086 throno
753 3024 1102 3107 Constantinopolitano
1124 3044 1217 3105 prae·

122 3108 240 3170 liniunt.
284 3106 456 3167 Theodoro
482 3114 588 3168 antem
611 3126 692 3189 papa
720 3107 868 3171 defuncto
886 3108 1039 3169 Martinus
1060 3106 1218 3168 sanctissi-

120 3212 188 3252 mus
206 3192 326 3253 Itomae
353 3198 555 3255 consecratur
588 3190 722 3253 antistes.
772 3212 843 3251 cum
875 3202 979 3253 autem
1000 3189 1148 3251 Maximus
1176 3189 1215 3251 ab

120 3277 226 3337 africa
250 3276 380 3335 Romam
402 3274 600 3355 pervenisset,
627 3292 805 3357 papamque
823 3272 994 3336 Martinam
1015 3270 1054 3333 ad
1077 3272 1216 3334 aemula·

6 3420 7 3433 ,
119 3359 240 3421 tionem
271 3355 475 3433 areendlssst,
505 3358 625 3441 synodo
657 3366 783 3421 centum
811 3366 844 3419 et
866 3356 973 3422 clocam
993 3357 1215 3439 episcoporum

6 3436 7 3523 f
118 3441 250 3503 collecta
273 3442 415 3524 Sergium
445 3452 477 3503 et
496 3441 654 3525 Pyrrhum
686 3449 719 3502 et
737 3441 855 3524 Cyrum
878 3449 910 3503 et
930 3442 1062 3502 Paulum
1085 3438 1313 3514 anatho-phin

6 3528 8 3567 ²
119 3526 325 3601 matizarnnt,
353 3523 491 3611 duasque
519 3524 695 3587 voluntates
724 3534 755 3585 et
786 3525 984 3605 operationes
1014 3524 1130 3585 Christi
1161 3522 1212 3584 dei

120 3612 220 3671 nostri
238 3609 409 3691 caprasius
418 3606 643 3691 praedicarant
655 3618 751 3691 atque
772 3608 946 3669 firmarant.
966 3616 1107 3669 osterum
1127 3626 1212 3667 nono

118 3714 202 3753 asmo
228 3692 351 3774 imperii
370 3692 418 3753 sui
443 3694 591 3753 Constans
612 3711 707 3772 nepos
729 3690 875 3770 Heraclii,
900 3691 1072 3754 indictione
1091 3698 1212 3765 octava,

118 3776 165 3837 his
186 3776 297 3859 agnitis
319 3776 425 3839 lurore
448 3765 593 3857 repletus,
616 3776 669 3836 SS.
694 3774 866 3837 Martianus
887 3786 920 3837 et
938 3776 1105 3837 Maximum
1126 3774 1212 3833 Con.

118 3860 352 3941 sunsinopotim
379 3858 490 3921 ductos
518 3868 549 3920 et
582 3857 739 3919 cruciatos
772 3858 855 3940 apusl
881 3858 1072 3921 Chersonam
1100 3864 1133 3917 et
1152 3856 1212 3916 alia

118 3943 241 4004 elimata
264 3944 355 4005 exilio
381 3940 541 4025 relegarit,
564 3940 676 4004 multos
696 3942 789 4001 etiam
806 3942 1025 4025 Hesperiarum
1047 3940 1211 4024 episcopo·

120 4048 190 4091 rum
211 4026 342 4109 punivit.
398 4028 453 4110 qui
474 4030 499 4105 ⁴)
531 4034 632 4087 motus
660 4024 725 4087 nelo
746 4024 814 4101 dei,
848 4024 967 4110 synodo
988 4037 1073 4087 sacra
1094 4031 1126 4085 et
1148 4024 1212 4105 ipse

151 4218 177 4289 ')
196 4216 253 4289 qui}
272 4216 430 4269 exciderant
453 4216 536 4269 haec:
560 4210 630 4287 pessi
661 4216 691 4270 (ll
714 4210 765 4283 triu
786 4221 899 4291 &splen
915 4222 1062 4290 Mapslrcu
1080 4213 1209 4287 :system

186 4299 388 4359 χειροτονεῖται
406 4286 504 4351 asinar
517 4286 634 4360 Ῥώμης.
657 4288 735 4341 Fara.
