3050 4900
286 342 361 421 464
664 354 705 416 ΙΝ
735 350 1013 418 mmrflauau

286 522 455 607 Nicephori
484 519 593 585 chron.
610 522 736 585 ioannes
756 520 855 600 μέσον
873 516 1038 599 Εὐτυχίαν
1058 520 1089 583 in
1112 522 1282 587 oannnihus
1300 545 1377 609 syn·

288 610 386 672 odicis
409 607 629 689 Segnicrianae
648 604 857 667 bibliothecae
876 604 1034 667 scrihitnr.

369 704 517 783 383,14.
567 706 733 785 γενομένης
766 704 822 784 τῆς
850 701 967 783 εὐχῆς]
995 703 1081 765 cuius
1103 703 1259 767 faciendae
1279 704 1376 767 ritum

286 792 487 875 expressimus
519 788 551 848 in
583 786 803 871 euchologicis.
850 786 994 849 Tiberius
1026 788 1084 849 istc
1110 790 1229 869 primns
1257 796 1320 864 est,
1341 790 1375 849 in

287 876 373 937 casius
401 871 641 955 inauguratione
670 892 779 953 preces
807 868 958 933 adhibitas
988 870 1124 954 legimns.
1184 871 1303 955 reliqna
1337 890 1375 932 ex

285 957 422 1043 Euagrio
447 958 499 1019 lib.
520 954 539 1015 5
561 974 630 1037 cap.
654 958 702 1021 13.

368 1060 440 1139 384,
461 1062 494 1127 6.
535 1058 614 1144 μηνὶ
626 1059 815 1147 Ὀκιωβρίῳ,
831 1058 1001 1123 iadmsnirs
1021 1057 1061 1141 sd
1070 1070 1082 1137 l
1105 1062 1276 1123 chronicon
1289 1063 1373 1127 Alea.

287 1148 505 1233 adstipulatur.

367 1247 449 1313 ibid.
465 1246 497 1313 7.
539 1240 582 1318 ὥς
599 1246 816 1325 npois'ieasns]
837 1242 916 1308 adeo
936 1250 973 1305 ut
993 1246 1051 1308 alia
1073 1246 1220 1309 ecciesiae
1241 1245 1375 1328 inaugu-

287 1332 369 1397 ratio
395 1331 533 1392 adhibita
550 1350 613 1391 non
635 1329 739 1391 fauerit.

278 1516 280 1521 Ι
365 1430 445 1498 laid.
472 1432 520 1497 10.
560 1424 732 1507 μανδάτον]
755 1428 829 1512 imp.
849 1446 1031 1510 responsum
1052 1437 1144 1489 vocat
1165 1429 1355 1491 mandatam.

366 1530 450 1595 ibid.
472 1533 519 1596 11.
560 1526 759 1607 Δαγισθέως]
792 1527 870 1611 orig.
901 1526 964 1587 (ΣΡ.
996 1516 1013 1585 ὅ
1048 1522 1237 1607 καλοῦμενος
1257 1530 1376 1611 Asqu.

285 1611 400 1690 adime,
423 1604 570 1693 ἅθροισις
598 1610 698 1672 ἐκεῖσε
733 1610 852 1691 ἐγένετο
870 1604 904 1671 τὸ
923 1601 1060 1671 παλαιᾶν
1081 1608 1143 1669 τῶν
1163 1603 1221 1671 dn'o
1244 1612 1376 1692 δημοτι-

284 1696 350 1759 κῶν
373 1696 498 1773 μεροῖν·
540 1694 594 1755 uni
613 1692 766 1772 rpsisiavoc
792 1685 834 1775 ἧν
856 1693 957 1755 ἐκεῖσε
983 1693 1205 1774 παμμιγέθης·
1247 1694 1302 1755 καὶ
1321 1688 1377 1755 ὅτι

285 1774 315 1843 oi
337 1775 496 1857 δήμαρχοι
524 1766 637 1855 ἤθελον
656 1776 786 1857 ποιῆσαι
809 1772 864 1838 τόν
885 1776 1043 1855 σύλλογον,
1063 1770 1163 1837 ἐκεῖσε
1182 1774 1375 1855 ἠθροίζοντο.

284 1864 370 1925 iocus
393 1861 582 1941 Diogestheos
603 1872 671 1921 erat
688 1858 714 1920 is
736 1860 785 1920 ad
800 1878 888 1942 quem
914 1858 989 1921 olim
1009 1858 1087 1919 dune
1102 1862 1376 1943 populifactiones

284 1948 327 2025 (in
353 1946 439 2007 circo
462 1942 671 2025 aurigatnrae)
703 1942 939 2005 conveniebant:
969 1942 1013 2001 ibi
1029 1960 1122 2025 porro
1143 1944 1304 2005 triclinium
1324 1945 1376 2004 in-

281 2048 354 2111 gens
376 2027 485 2089 extitit.
524 2024 637 2086 inibunt
669 2046 743 2087 vem
762 2023 935 2107 sactiomsm
955 2044 1076 2085 morum
1108 2044 1224 2089 ceamm
1246 2027 1374 2105 faciani,

283 2130 351 2173 aim
371 2108 520 2177 inlocum
541 2130 571 2169 se
597 2108 792 2189 recipiebant.
849 2108 1035 2169 factionibus
1055 2107 1161 2189 itaque
1185 2110 1374 2172 Anastasiou

283 2192 404 2255 Tiberii
427 2192 599 2273 coniugem,
627 2191 677 2253 vel
695 2190 865 2273 Sophiam,
888 2212 967 2274 qnae
988 2190 1094 2252 instini
1116 2190 1185 2270 fuit,
1209 2197 1376 2276 Angustam

285 2274 463 2340 rennnciari
490 2272 690 2357 petentibus,
712 2274 777 2371 ipse
797 2273 934 2357 Sophiae
963 2274 1096 2358 querelis
1119 2275 1242 2338 obviam
1265 2279 1374 2355 iturus,

285 2372 318 2425 et
338 2358 449 2444 populi
472 2378 643 2419 assensurus
665 2358 980 2441 petatis,Annstasiam
996 2357 1131 2439 Sophiae
1148 2380 1179 2421 se
1199 2362 1375 2442 praeferre,

286 2444 325 2508 ah
348 2467 383 2507 ea
405 2442 478 2505 licet
500 2439 680 2524 adoptatus,
708 2440 910 2524 significavit;
939 2440 1084 2504 ecclesiae
1118 2444 1252 2520 nomine,
1273 2467 1291 2505 a
1312 2464 1376 2524 po·

286 2527 372 2614 pulo,
394 2523 480 2612 quod
502 2524 540 2588 ad
559 2545 626 2588 earn
649 2535 680 2588 et
702 2527 920 2608 Diegesthenm
943 2527 1125 2608 congregari
1147 2527 1270 2602 soleret,
1291 2549 1375 2589 snm·

284 2632 416 2694 mopere
437 2609 539 2672 cultae
559 2609 695 2690 prolato,
720 2630 786 2692 quo
810 2609 922 2670 coniux
936 2609 1091 2671 Anastasia
1111 2611 1300 2672 noscebatur
1320 2612 1374 2670 in·

286 2697 407 2778 signita.
450 2691 631 2754 acclamatio
657 2679 715 2755 cni
734 2693 852 2773 βῆκας,
874 2693 983 2754 Latina
1012 2699 1067 2771 est,
1090 2705 1122 2754 su
1142 2695 1256 2773 vinens,
1277 2694 1375 2779 qualis

284 2777 527 2860 imperatorum.

367 2873 440 2950 385,
466 2879 495 2942 1.
516 2869 668 2937 sincerior
690 2865 818 2957 noiiq'r]
839 2872 1012 2937 Anastasius
1031 2894 1142 2958 rogam
1164 2877 1299 2956 maim,
1319 2871 1376 2959 ῥό-

285 2977 344 3038 yur
361 2959 413 3021 ille
433 2957 558 3042 legerat.
1048 2995 1051 3000 -

337 3057 340 3068 '
369 3057 450 3122 ibid.
476 3061 523 3124 12.
565 3049 638 3119 τότε
661 3055 805 3136 Τιβέριος
825 3050 963 3138 μεγάλας
979 3052 1141 3138 δυνάμεις]
1163 3057 1296 3141 irnperio
1317 3059 1375 3122 Ti.

285 3139 367 3204 herii
391 3141 517 3204 ineunte
538 3139 615 3202 haec
636 3147 719 3224 gesta
741 3140 879 3202 declarat
898 3141 1052 3226 Euagrius
1075 3143 1128 3205 lih.
1148 3143 1168 3206 5
1190 3165 1258 3226 cap.
1284 3143 1333 3210 14.

370 3249 454 3314 ibid.
476 3247 526 3314 14.
567 3239 877 3310 Ἰουστινιανόντινα
896 3243 1071 3330 στρατηγὸν
1090 3247 1255 3334 ἀνατολῆς]
1275 3252 1374 3333 magi-

287 3345 382 3394 strum
403 3333 533 3394 milicem
559 3331 695 3392 Orientis
718 3329 823 3392 reddit
840 3332 1026 3394 Anastasius.

370 3439 455 3503 ibid.
479 3435 527 3506 17.
567 3429 630 3497 dud
652 3431 691 3498 roi
714 3437 797 3519 μέρη
819 3435 980 3516 Χοσρόου]
1014 3417 1189 3502 Ormisdam
1210 3441 1242 3502 in
1262 3443 1375 3504 Persa.

288 3543 360 3622 ram
381 3543 489 3605 regam
511 3521 694 3582 laterculum
715 3522 753 3582 ah
776 3530 906 3620 anctore
929 3525 1060 3585 relatum
1074 3524 1150 3586 haec
1165 3525 1259 3606 ipsias
1278 3527 1375 3588 verba

287 3605 388 3772 {ligi
390 3603 1217 3774 sss1¹distillationestestu
1235 3609 1376 3753 ilii}

286 3774 416 3837 chosroe
437 3771 529 3832 duce:
560 3771 589 3830 in
620 3769 666 3831 his
701 3771 820 3854 quippe
849 3774 1027 3834 correctior
1045 3774 1168 3835 littera:
1192 3769 1229 3835 τὸ
1251 3767 1312 3834 simi
1334 3767 1375 3835 tsi

285 3853 378 3938 μέρη,
404 3875 467 3918 non
491 3853 549 3915 nisi
571 3855 705 3936 volgaris
727 3855 885 3931 idiotismi,
909 3877 973 3938 quo
994 3858 1276 3939 praepositionibus
1297 3877 1377 3919 cun·

287 3939 343 4002 ciis
365 3935 530 4002 accusandi
550 3957 633 3999 casus
657 3937 845 4022 adiungitur,
866 3939 1033 4021 propriam
1055 3953 1111 4004 est.

330 4119 338 4136 ⁹
368 4039 449 4136 ibid.
466 4041 515 4106 18.
557 4035 607 4120 ἐφ’
628 4029 646 4096 d
659 4035 775 4119 χρόνον
792 4038 953 4148 serpoftg]
976 4041 1018 4101 ita
1032 4038 1139 4125 legant
1153 4040 1258 4137 cuncti
1279 4038 1375 4101 codd.

287 4141 374 4182 carus
395 4143 465 4183 vice
493 4141 679 4204 reponerem
709 4121 816 4184 lubens
838 4123 880 4211 sn
910 4147 955 4211 p,
974 4145 1062 4207 saner
1079 4127 1144 4204 doc,
1165 4134 1377 4207 paciscuntur.

273 4204 414 4288 Peyron
436 4203 532 4268 codes
553 4204 629 4288 legit
648 4203 759 4270 deinde
778 4201 894 4289 χρόνον
914 4201 971 4269 ani
986 4207 1100 4291 τριετῆ,
1122 4207 1208 4292 qnod
1230 4229 1294 4271 non
1317 4207 1376 4270 ad.
