3050 4900
548 382 606 447 EX
627 380 886 449 retornatas
1187 380 1261 451 237

140 622 144 641 ι
170 551 231 614 dit.
274 562 307 613 et
331 548 399 615 ilios
427 548 555 635 quidem
579 550 658 613 duos
678 552 810 628 fratres,
830 550 1066 615 Constantinum
1095 553 1262 638 sinatque

169 636 356 718 Strategium,
378 635 461 695 intra
481 635 652 696 venationis
673 645 757 718 septa
781 635 890 717 capitis
910 634 1179 699 animadversione
1199 660 1263 719 pu·

170 720 262 800 nisit,
281 718 382 779 multo
403 738 499 799 super
531 740 584 779 eos
605 720 689 780 iacto
711 719 873 781 universae
894 718 993 800 piebis
1017 722 1164 793 lamento,
1183 723 1262 785 adeo

169 812 209 863 ut
227 824 299 865 curn
320 799 382 863 hoc
402 799 554 863 didicisset
573 801 758 884 imperator,
785 801 1002 885 indignaretur
1020 814 1052 865 et
1073 806 1265 885 praefectum

168 884 367 968 Procopium
397 885 544 948 caederet
576 892 608 947 ct
636 885 676 947 ab
704 884 975 950 administratione
1001 885 1172 969 depelleret
1192 898 1266 950 tan·

172 990 268 1053 qnam
289 967 320 1030 id
353 968 421 1030 tisri
450 966 694 1051 permittentem.
746 978 868 1030 ceteros
900 978 1006 1036 antem
1033 992 1139 1033 omnes
1168 972 1266 1033 oculis

169 1053 313 1136 privatus
334 1051 367 1111 in
396 1052 520 1113 exilium
540 1050 725 1129 destinarit,
746 1072 825 1135 quos
846 1060 879 1114 et
899 1073 958 1135 per
975 1053 1111 1137 singulos
1131 1056 1266 1134 mittens,

169 1158 245 1197 cum
266 1145 343 1198 esset
363 1134 460 1196 omni>
481 1134 665 1197 crudelitate
693 1136 814 1217 plenus,
835 1134 875 1196 ad
895 1136 966 1199 loca
987 1136 1154 1220 inquibus
1175 1138 1267 1223 dege.

169 1220 259 1297 beot,
281 1220 416 1281 centenis
438 1214 541 1301 flagris
563 1220 713 1300 repulere
732 1218 870 1281 iubebat.

255 1340 359 1405 Porro
381 1342 476 1405 tertio
497 1340 642 1405 kalendas
651 1342 861 1425 septembrias
876 1340 1011 1405 eiusdem
1033 1353 1163 1427 quartae
1184 1342 1268 1405 indi-

174 1425 289 1491 cticnis
304 1426 457 1488 insaniens
479 1424 559 1488 idem
574 1427 740 1489 malivccua
755 1425 900 1488 adversus
914 1427 1118 1509 aequivocum
1133 1434 1158 1504 *)
1177 1451 1267 1491 suum

170 1520 205 1574 et
223 1518 466 1573 consentaneum
478 1508 699 1591 patriercham,
712 1517 743 1571 ct
758 1510 894 1593 ,inventis
910 1510 1093 1592 quibusdam
1104 1511 1223 1573 clericis
1235 1520 1266 1574 ct

170 1593 331 1657 monachis
354 1592 499 1656 instruxit
522 1593 589 1655 iilos
621 1602 657 1653 ut
679 1594 820 1656 dicerent
840 1587 1030 1654 “audivimus
1051 1594 1265 1676 patriarcham

171 1700 245 1741 cum
267 1677 480 1759 Podopagnro
497 1676 641 1738 adversus
661 1676 887 1760 imperatorem
915 1676 1093 1763 loquentem
1101 1680 1130 1755 ,'’
1154 1686 1186 1739 et
1204 1679 1266 1738 mi-

169 1761 212 1825 sit
234 1782 286 1823 eos
308 1759 346 1821 ed
366 1760 603 1843 patriarchium,
620 1766 656 1820 ut
669 1770 837 1843 arguerent
856 1782 937 1822 eum.
979 1781 1114 1845 cumque
1134 1760 1187 1823 itte
1209 1782 1266 1824 ne.

171 1852 274 1931 garet,
299 1844 372 1905 sccit
393 1844 461 1906 iilos
483 1844 523 1906 ad
542 1844 680 1927 pretiosa
695 1843 779 1927 ligna
799 1844 904 1905 iurare
922 1845 1053 1907 fatentes
1076 1851 1116 1906 “a
1129 1845 1266 1929 patriar-

171 1929 232 1991 cba
243 1927 406 1991 maledicta
425 1926 502 1991 baec
518 1926 717 1990 audivimus.”
738 1926 820 1989 inter
832 1927 909 1989 haec
921 1945 997 2009 ergo
1014 1928 1107 2007 misit,
1130 1937 1163 1990 et
1182 1928 1303 2007 builap.
1315 1935 1371 1991 678

171 2012 305 2097 signavit
326 2011 563 2095 patriarchium,
585 2019 617 2073 et
635 2008 720 2071 hunc
734 2010 825 2072 exilio
840 2010 990 2097 relegavit
1012 2011 1096 2096 apud
1117 2010 1266 2093 Hieriam,

171 2106 206 2161 et
228 2116 333 2158 rursus
359 2095 444 2179 apnd
463 2095 640 2179 principem
660 2094 777 2157 insulis.

199 2270 209 2275 ,
257 2206 347 2265 Anno
376 2202 502 2285 imperii
528 2202 719 2265 Constantini
748 2200 789 2264 96
810 2198 938 2265 Abdeias
961 2200 1104 2268 ibinalim
1123 2212 1265 2266 mortuus

175 2294 240 2365 ers,
271 2296 382 2350 ruente
410 2308 558 2369 superse
580 2297 683 2365 turre,
709 2286 740 2347 in
763 2307 826 2369 qua
847 2286 1091 2350 custodiebatur.
1135 2287 1267 2350 Abdeies

177 2380 282 2435 autern
302 2392 375 2433 cum
394 2391 517 2433 amesae
538 2370 722 2452 fungeretur
742 2370 876 2446 honore,
896 2369 996 2430 multa
1016 2371 1096 2430 mata
1118 2369 1266 2432 christia.

176 2454 226 2516 nis
246 2455 302 2522 snb
325 2454 507 2538 principatu
523 2474 582 2528 suo
606 2453 789 2535 degentibus
810 2451 1044 2535 demonstrarit,
1060 2452 1213 2536 siqnidem
1234 2463 1267 2516 et

174 2559 285 2605 cruces
305 2539 507 2602 ecclesiarum
534 2536 678 2612 abstulit,
702 2544 733 2598 et
763 2533 879 2618 vigilias
900 2543 1068 2598 nocturnas
1089 2537 1262 2612 celebrare,

171 2620 227 2686 sed
249 2623 416 2704 etlitteras
429 2619 545 2684 discere
564 2619 763 2704 prohibebat
806 2617 839 2679 hi
858 2638 934 2680 vero
947 2620 1002 2701 qui
1018 2617 1197 2681 dicuntura
1223 2621 1266 2684 ud

173 2707 244 2770 ilios
268 2706 424 2783 aruritae,
456 2704 543 2787 qnod
573 2705 804 2785 interpretatur
824 2701 1037 2780 aemulatores,
1060 2641 1266 2765 contradat.

171 2801 381 2873 myretensem
403 2809 542 2851 eremum
562 2786 808 2853 insurrexerunt.
829 2787 884 2848 sed
903 2785 1031 2848 illorum
1050 2784 1180 2929 ¹quidem
1200 2809 1266 2849 ma.

172 2873 241 2936 litia
261 2874 293 2934 in
316 2872 455 2936 ecclesias
478 2869 527 2933 dei
548 2879 657 2953 utpote
678 2869 851 2932 infidelium
869 2869 1029 2932 manifesta
1064 2870 1119 2932 uit
1162 2869 1186 2932 is
1207 2894 1265 2934 au-

172 2965 240 3018 tem
261 2955 316 3040 qui
339 2955 529 3032 Christianis,
548 2953 752 3016 ineffabilibus
774 2952 825 3017 dei
838 2953 966 3032 iudiciis,
987 2951 1171 3036 imperabat,
1196 2955 1268 3017 for-

173 3039 260 3100 tassis
279 3047 315 3100 ut
338 3038 454 3102 Israhel
483 3037 643 3122 quondam
674 3036 725 3100 ilie
742 3058 870 3100 vesanus
890 3035 1016 3116 Achab,
1035 3039 1135 3115 multo
1155 3039 1265 3120 peiora

173 3145 270 3206 quam
292 3123 431 3186 Arabum
459 3121 498 3182 sit
519 3121 636 3182 insania
668 3121 726 3184 sub
747 3121 882 3203 imperio
899 3140 956 3182 suo
977 3119 1086 3204 positis
1108 3121 1265 3183 orthodo-

173 3206 241 3282 xis,
264 3206 418 3287 episcopis
447 3203 610 3279 videlicet,
640 3203 800 3267 monachis
822 3213 854 3266 et
874 3203 974 3282 laicis,
1006 3203 1151 3287 praelatis
1171 3215 1268 3301 atque

171 3290 319 3352 subiectis
339 3287 483 3368 ostendit,
506 3287 624 3371 ubique
642 3287 874 3352 intercessiones
892 3295 1016 3350 sanctae
1035 3285 1085 3348 dei
1108 3287 1266 3370 genitrrcis

168 3393 214 3436 ac
234 3373 373 3434 omnium
404 3379 583 3434 sanctorum
604 3371 642 3432 'in
664 3371 788 3453 scriptis
810 3378 846 3431 nt
866 3369 989 3433 inutiles
1011 3379 1043 3435 et
1062 3369 1128 3432 sine
1146 3370 1266 3453 scripto
1340 3442 1343 3449 Ι

173 3457 339 3538 repetiens,
358 3476 418 3538 per
439 3477 514 3539 quas
539 3453 683 3518 videlicet
712 3455 802 3516 nobis
823 3462 946 3517 emanat
964 3473 1058 3516 omne
1076 3453 1265 3536 suffragium,

173 3547 211 3602 ct
231 3549 349 3604 saumas
368 3538 514 3621 reliquias
535 3537 778 3602 eorumetfossas
798 3537 922 3600 eiiciens
939 3544 972 3600 et
990 3535 1100 3600 invisas
1122 3534 1265 3617 reddens,

173 3621 277 3686 sicubi
302 3623 482 3706 cuiusquam
513 3621 637 3706 insignis
663 3622 873 3685 audiebantur
895 3618 935 3682 ad
957 3621 1130 3683 animarum
1150 3617 1362 3706 sanita-pam

175 3717 243 3772 tem
263 3715 296 3770 et
313 3727 492 3790 corporum⁴
508 3705 655 3786 reiacere,
676 3705 725 3767 vel
745 3703 827 3767 sicut
846 3700 942 3766 moris
966 3712 1021 3780 est,
1041 3728 1060 3766 a
1079 3703 1131 3787 pic
1145 3703 1268 3783 agenti-

173 3791 235 3855 bus
257 3789 418 3859 bonorari.
470 3811 543 3852 mox
568 3810 643 3870 ergo
675 3796 812 3850 mortem
829 3787 975 3850 adversus
996 3785 1173 3848 huiusmodi
1196 3795 1268 3847 tan.

174 3897 273 3959 quam
295 3869 390 3958 impis
417 3882 557 3958 gerentes
577 3871 775 3951 minabatur,
801 3869 848 3934 sin
870 3879 991 3950 sutem,
1020 3869 1268 3954 proscriptiones

211 4105 238 4177 ¹)
256 4103 443 4179 aequivocum]
463 4103 612 4158 Ludoricus
623 4103 689 4172 imp.
707 4105 735 4156 in
762 4109 907 4176 praecepto
925 4099 1041 4172 quodem
1055 4099 1126 4172 apud
1136 4101 1267 4155 Fiodoar-

249 4173 628 4318 dpnmdgmtzpnfipnapnpptra
652 4175 813 4229 francorum
842 4189 902 4226 cnm
920 4173 1069 4244 aequivoco
1092 4182 1186 4227 nostro
1205 4188 1268 4242 rege
