3050 4900
266 238 340 305 200
417 234 627 301 ANASTASll
658 228 852 299 tustoaut
881 230 1194 299 accessissem

267 414 424 471 commoto
446 414 515 469 toto
539 404 674 467 themate
693 404 813 467 Obsicii
833 412 866 465 et
887 401 1124 485 Gothograeois,
1143 402 1354 487 comproben-

265 494 366 575 sisque
389 490 490 553 multis
511 488 626 571 pusillis
648 495 680 549 et
694 490 814 571 magnis
828 487 1040 569 negotiatoriis
1055 486 1187 569 scaphio,
1208 510 1266 571 per
1286 497 1375 552 ter..

265 598 333 639 ram
354 596 474 657 perque
501 594 587 633 mare
616 570 833 655 Chrysopolim
862 582 1007 631 currunt.
1048 581 1245 633 comantem
1267 572 1354 633 urbis

266 660 364 720 classis
386 660 418 717 in
441 664 537 738 portu
559 656 592 716 S.
614 658 734 716 lllamae
766 654 932 716 stationem
960 653 1090 727 fixisset,
1124 654 1247 737 singulis
1280 656 1356 738 qni-

262 744 383 824 busque
411 740 518 801 diebus
547 759 606 821 per
628 761 678 799 sex
710 759 827 801 menses
849 738 980 797 invicem
1001 748 1225 820 expugnarunt.
1278 760 1351 799 cum

266 847 341 887 voro
364 824 449 883 urbis
473 820 568 883 stolus
591 822 630 882 ad
645 822 751 882 Neorii
772 820 859 883 urbis
880 830 1010 903 portum
1029 823 1189 903 prolectas
1210 824 1356 898 stetisset,

174 908 416 989 penetrantem
436 906 627 967 Theodosius
648 904 837 967 Thracenscs
861 904 998 965 obtinuit
1019 915 1133 987 partes.
1175 906 1364 987 proditioue

270 1012 345 1053 vero
367 992 447 1051 lanta
465 990 530 1073 ¹per
549 999 675 1071 portam
695 987 858 1072 singularis
879 988 962 1048 muri
983 986 1226 1050 blachernarum
1246 990 1357 1051 urbem

269 1075 363 1159 cepit.
406 1082 451 1136 ast
487 1072 584 1155 iniqui
608 1072 724 1133 Obsicii
746 1072 856 1154 populi
878 1093 939 1133 aaa
961 1093 1032 1133 cum
1053 1071 1278 1153 Gotbograeois
1300 1092 1359 1133 no-

269 1170 324 1221 ctu
345 1180 403 1240 per
425 1158 534 1218 domos
552 1155 665 1216 civium
688 1152 907 1230 discurrentes,
939 1152 1104 1216 maximum
1125 1154 1202 1216 nulli
1222 1178 1360 1238 parcen-

269 1250 314 1303 tes
334 1240 487 1303 excidium
503 1242 625 1320 operati
647 1248 729 1301 sarrit.
770 1238 927 1320 principes
942 1247 1055 1313 autem,
1077 1237 1176 1321 quiin
1197 1260 1232 1299 ea
1254 1247 1358 1311 erant,

269 1326 401 1389 Artemii
425 1346 484 1383 una
506 1345 576 1385 cum
598 1326 756 1385 Germano
777 1322 967 1383 sanctissimo
998 1320 1176 1403 patriarcba
1205 1324 1360 1385 Constan-

269 1408 481 1491 tinopolitano
516 1406 757 1486 comprehensos
790 1404 947 1465 duxerunt
974 1403 1004 1465 ia
1037 1427 1138 1467 casam
1167 1406 1295 1467 Artemii
1328 1414 1361 1486 et

271 1514 381 1555 eorum
407 1492 459 1574 qui
483 1512 553 1551 cnm
585 1490 653 1571 ipso
684 1497 785 1551 erant.
837 1509 938 1571 porro
958 1488 1113 1551 Artemius
1135 1488 1181 1551 bis
1203 1488 1282 1566 visis,
1303 1486 1362 1551 de·

271 1576 450 1659 speratione
471 1574 516 1634 sui
539 1572 648 1649 fessus,
673 1581 770 1634 semet
793 1572 895 1653 ipsum
915 1570 1055 1648 tradidit,
1077 1572 1237 1657 verboque
1258 1569 1361 1655 imp'n.

272 1657 376 1721 nitatis
396 1657 534 1739 expetito
564 1657 736 1719 monastico
767 1656 894 1718 indutus
913 1664 959 1717 est
978 1654 1096 1718 habitu.
1139 1678 1234 1739 quem
1254 1656 1363 1717 Theo-

273 1742 376 1805 dosius
399 1742 535 1801 illaesum
557 1760 714 1802 reservans
748 1738 832 1822 apud
859 1738 1106 1801 Thessalonicam
1128 1740 1219 1801 csilio
1241 1738 1363 1821 relega.

273 1824 330 1887 vit.
373 1844 472 1903 porro
501 1819 692 1905 Philippicas
721 1818 887 1907 imperavit
920 1823 1047 1906 quidem
1073 1822 1158 1883 annis
1189 1822 1310 1886 duobus
1331 1833 1364 1885 et

274 1906 428 1968 rnensibus
451 1928 580 1983 novem,
611 1906 764 1969 Artemius
787 1928 863 1967 vero
891 1927 1056 1969 announo
1079 1918 1110 1967 et
1131 1908 1282 1969 mensibus
1301 1906 1365 1965 tri-

274 1990 344 2052 bus.
387 1992 450 2051 Leo
472 1998 635 2071 practerea
649 2013 721 2053 cum
740 1999 817 2052 esset
837 1989 1194 2071 praetorOrientalium,
1240 1986 1365 2050 uoiviam

276 2072 484 2135 auxiliabatur
504 2075 663 2151 Artemio,
686 2095 748 2133 non
771 2082 815 2135 est
842 2074 980 2135 subditus
1001 2073 1188 2134 Theodosio.
1216 2013 1367 2134 ilabebat

277 2166 391 2217 antern'
402 2157 632 2239 conspirantem
652 2156 707 2217 sibi
725 2166 756 2217 ot
771 2168 1011 2218 concurrentem
1028 2156 1232 2218 Artabasdum
1255 2162 1367 2219 Arme-

278 2241 384 2319 nium,
412 2250 592 2322 praetorem
607 2240 881 2317 Armoniacosnm,
901 2240 951 2301 oui
973 2251 1004 2301 et
1025 2240 1196 2323 spopondit
1221 2240 1315 2301 filiam
1336 2258 1368 2303 sc

278 2346 364 2385 suam
386 2324 416 2384 in
438 2346 566 2386 uxorem
588 2325 658 2387 fore
680 2324 845 2398 daturum3
868 2322 953 2407 quod
976 2324 1109 2385 etfacit.

182 2424 270 2500 ptus
364 2424 472 2486 Mundi
496 2446 577 2487 anno
591 2422 684 2500 6208,
708 2424 830 2486 divinae
850 2422 1069 2488 incarnationis
1092 2446 1173 2486 nano
1190 2422 1261 2500 708,
1283 2427 1367 2486 Gor.

278 2530 386 2572 manus
420 2509 783 2590 Constantinopolitanae
815 2509 949 2570 habetur
981 2509 1124 2586 antistes,
1147 2509 1200 2590 qui
1222 2508 1369 2569 ecclesiae

280 2613 393 2654 novom
413 2593 549 2673 praefuit
571 2592 667 2653 annis.
708 2592 900 2662 Theodosius
921 2612 997 2655 vero
1028 2591 1162 2674 inaperat
1182 2613 1264 2654 anno
1286 2613 1368 2665 uuo;
1393 2631 1401 2647 .

280 2677 366 2737 cuius
391 2683 533 2756 tempore
564 2675 722 2736 Masalmas
755 2675 900 2736 adversus
936 2673 1238 2756 Constantinopolim
1270 2675 1369 2737 aciem

282 2757 398 2840 dirigit,
420 2769 451 2820 et
463 2757 819 2838 praemisitSubelimam
839 2777 910 2820 eum
923 2758 1061 2821 exercita
1081 2781 1140 2842 per
1160 2760 1283 2834 siccam,
1300 2760 1370 2820 Hu-

281 2864 403 2902 marum
428 2861 502 2902 vero
525 2861 583 2922 per
605 2852 721 2902 mara·
742 2863 842 2923 porro
855 2842 919 2922 ipse
939 2851 1012 2923 post
1025 2865 1077 2906 eos
1098 2865 1170 2904 cusa
1188 2843 1289 2904 multo
1310 2863 1369 2923 ap.

281 2931 395 3008 paratu
417 2923 519 2984 hostili
543 2925 636 2984 venit.
687 2925 875 2986 Subelimarn
906 2935 1009 2986 autem
1031 2935 1063 2988 et
1082 2926 1256 2988 Bccharum
1273 2928 1370 2986 Amo·

283 3007 366 3068 rium
396 3008 609 3088 pervenientes
639 3009 781 3070 scribunt
809 3007 848 3070 ad
869 3011 1005 3070 Leonem
1025 3019 1204 3094 praetorem
1221 3009 1371 3070 Orienta-

283 3088 359 3150 lium
383 3091 444 3152 ita=
480 3092 641 3152 “novimus
670 3093 743 3174 quia
774 3093 939 3173 imperium
965 3095 1178 3154 Romanorum
1210 3104 1242 3156 te
1272 3092 1371 3154 decet·

283 3175 354 3234 veni
375 3195 449 3254 ergo
468 3173 505 3234 ad
520 3195 584 3252 nos,
608 3184 639 3236 et
659 3175 826 3260 loquamur
848 3198 929 3258 quae
941 3175 981 3237 ad
1000 3199 1108 3259 pacem
1129 3180 1231 3239 sunt.”
1251 3177 1373 3237 intuens

285 3266 386 3318 antem
402 3257 590 3319 Subelirnnm
605 3261 767 3322 Amorium
788 3261 959 3322 exercitum
985 3283 1048 3320 nou
1070 3261 1194 3335 babere,
1215 3271 1248 3323 et
1268 3259 1373 3320 inimi-

286 3341 391 3402 citiam
415 3363 504 3422 poncs
526 3342 738 3424 asragistratum
759 3335 922 3406 iaccro'ob
950 3345 1096 3405 sastilium
1122 3345 1209 3428 quod
1232 3343 1372 3405 Artemio
1433 3392 1436 3399 .

285 3425 475 3504 conferebat,
502 3425 623 3488 obsedit
641 3427 727 3504 illud,
748 3428 852 3488 volens
873 3427 983 3490 illicet
1000 3429 1177 3491 lllasalmam
1199 3435 1374 3509 expectare·

285 3516 480 3568 morantem
505 3519 539 3572 nt
564 3512 832 3594 appropinquavit
862 3512 1003 3590 civitati,
1025 3523 1200 3594 coeperunt
1222 3507 1373 3574 Saraceni

285 3591 426 3652 laudibus
448 3591 607 3654 dillamare
622 3602 802 3678 praetorem
822 3595 958 3656 Leonem
977 3594 1207 3679 imperatorem,
1231 3602 1375 3676 rogantes

287 3683 319 3735 ot
333 3673 389 3736 hos
404 3675 457 3757 qui
472 3677 552 3738 intus
573 3687 672 3753 erant,
693 3676 724 3738 id
747 3678 846 3758 ipsum
866 3677 999 3742 efficere.
1018 3679 1157 3744 videntes
1178 3689 1281 3741 autem
1296 3685 1328 3740 et
1340 3675 1374 3736 bi

288 3758 342 3840 qui
378 3767 468 3820 erant
501 3761 636 3835 Amorii,
660 3759 745 3844 quod
775 3761 920 3823 Saraceni
947 3761 1033 3824 bunc
1064 3784 1172 3825 amore
1200 3761 1373 3834 laudarent,

287 3837 489 3904 laudaverunt
525 3851 557 3906 et
577 3843 644 3926 ipsl.
700 3865 886 3925 cognoscens
910 3865 985 3908 vero
1007 3857 1138 3929 praetor
1160 3843 1246 3930 quod
1266 3844 1376 3906 taxatis

286 3945 323 3984 ao
345 3925 538 4007 principibus
567 3948 630 3988 non
662 3927 859 3990 existentibus
887 3929 1064 4010 periturum
1093 3932 1178 3992 soret
1197 3927 1373 3998 American,

285 4007 436 4088 signilicat
466 4009 643 4071 Subeliman
655 4055 666 4087 ,
687 4011 730 4071 “si
758 4012 820 4072 vis”
843 4013 985 4096 inquiens
1007 4020 1064 4076 “ut
1084 4015 1205 4076 veniam
1226 4012 1266 4074 ad
1287 4023 1320 4074 tc
1341 4021 1376 4073 et

287 4109 367 4174 quae
387 4091 471 4174 pacis
502 4101 574 4158 sunt
601 4094 777 4180 loquetatur,
808 4116 866 4160 cur
888 4097 1011 4163 obsidet
1032 4098 1227 4164 civitatemi⁷'
1270 4104 1303 4158 at
1322 4095 1376 4158 ille
