3050 4900
111 2597 119 2608 '
246 2593 331 2654 enim
349 2592 428 2652 lilius
445 2591 496 2652 Ma
520 2589 573 2653 uhi
595 2588 699 2673 princi

239 324 312 395 222
379 328 588 395 anastasii
619 326 813 393 maronia
841 326 1149 395 ECOEAESIASTICA

239 509 454 575 moverentur,
479 519 542 560 non
564 508 726 583 parcentes
750 496 791 559 ad
819 494 962 577 caedem,
984 504 1016 559 et
1044 495 1334 563 immisericorditer

239 586 379 645 alternae
399 582 545 645 stationes
568 604 604 643 ac
622 582 729 643 domm
751 580 1001 643 incenderentur.

325 670 410 729 luter
430 672 455 743 *t
478 666 554 727 haee
587 674 691 727 autem
714 673 746 726 et
773 664 950 727 huiusmodi
972 662 1146 747 Stephanus
1166 686 1249 750 papa
1267 664 1334 727 Ro·

240 772 349 813 manus
371 752 468 811 multa
489 748 569 810 mala
593 750 632 811 ab
661 748 835 832 hastulpho
859 769 933 832 rege
955 745 1238 831 Langobardorum
1259 770 1336 832 per·

240 855 344 921 pessus
365 834 406 895 ad
436 836 575 898 Francos
604 832 747 915 confugit
775 832 833 893 suh
861 832 999 914 Pipino,
1020 833 1076 915 qui
1099 833 1201 894 maior
1223 833 1335 896 domus

241 928 311 981 erat
329 926 363 982 et
392 919 506 999 primas
540 918 571 977 in
605 917 744 977 omnium
773 915 975 998 dispositione
1001 936 1109 979 rerum
1139 918 1336 979 Francorum

241 1002 357 1085 gentis,
383 1002 494 1083 quibus
527 1000 672 1062 videlicet
701 1000 777 1061 olim
807 1000 904 1061 moris
936 1009 1007 1061 erat
1036 998 1215 1077 dominum,
1236 1000 1336 1062 idest

242 1108 348 1168 regem
368 1106 473 1161 auum,
496 1082 664 1145 secuudum
694 1104 789 1165 genus
816 1082 1006 1169 principari,
1034 1092 1067 1145 et
1097 1084 1141 1145 nil
1173 1104 1265 1167 agere
1283 1083 1335 1146 rel

242 1170 410 1251 disponere
447 1190 517 1229 nam
529 1166 788 1229 irrationabiliter
799 1168 893 1229 edere
908 1176 942 1230 et
963 1167 1083 1244 bibere,
1098 1167 1248 1251 domique
1265 1188 1336 1229 mo·

244 1255 322 1329 rari,
342 1263 375 1314 et
391 1190 527 1313 kalendis
535 1252 606 1311 Maii
625 1250 802 1333 praesidere
821 1272 928 1312 coram
947 1258 1135 1334 satagente,
1155 1261 1187 1313 et
1200 1252 1337 1313 salutare

246 1336 315 1398 illos
337 1345 369 1397 et
389 1334 516 1397 salutari
531 1336 569 1397 ab
586 1334 653 1413 illis,
668 1344 700 1397 et
723 1335 873 1418 obsequia
892 1334 981 1396 solita
1003 1334 1137 1417 impensa
1159 1336 1337 1417 percipere,

245 1427 278 1482 et
308 1419 365 1480 illis
392 1419 473 1481 dona
495 1418 680 1501 rependere,
700 1425 733 1480 et
749 1421 796 1478 sic
813 1439 918 1481 secum
941 1439 1042 1501 usque
1062 1417 1102 1479 ad
1115 1418 1208 1479 alium
1219 1418 1337 1479 Maium

243 1502 397 1579 babitare,
420 1500 537 1564 habere
559 1511 663 1563 autem
676 1500 828 1563 maiorem
847 1500 958 1562 domus
979 1501 1110 1565 consilio
1131 1514 1188 1564 auo
1205 1510 1237 1564 et
1258 1524 1338 1585 gen-

248 1587 287 1649 tis
309 1587 414 1649 omnia
435 1584 635 1647 ordinantem
668 1584 808 1669 negotias
834 1583 1020 1649 dicebantur
1048 1586 1133 1647 enim
1164 1604 1338 1667 exgenere

244 1671 299 1733 illo
317 1666 533 1733 descendentes
556 1668 714 1745 cristatae,
738 1666 826 1753 quod
846 1668 1075 1751 interpretatur
1093 1668 1338 1732 trichorachati:

243 1750 1337 1919 tltst‘ti‘ttltlt‘t,ladittlttlttthttdli?

246 1860 324 1999 clud,
344 1920 434 1981 simul
456 1920 549 1980 etiam
571 1920 611 1982 ab
635 1919 702 2000 ipsu
726 1918 915 2019 adhortatus·
928 1919 977 2018 ire
996 1920 1028 1981 in
1050 1920 1217 1981 Franciara
1238 1929 1272 1982 et
1291 1920 1338 1981 fa·

246 2001 1339 2171 tt'ttltltttt}attttl,'33⁶tslzt2‘tt„t‘tttlttitt

247 2182 319 2255 post
341 2190 445 2253 regem
465 2180 499 2231 et
519 2168 728 2231 debellaverat
754 2170 893 2247 Arabes,
914 2169 970 2253 qui
989 2168 1029 2231 ab
1050 2172 1154 2231 Africa
1177 2170 1209 2230 in
1230 2170 1340 2252 Hispa.

246 2256 332 2317 niam
353 2262 628 2329 transmeaverant,
648 2253 767 2338 quique
794 2260 972 2315 tenuerunt·
986 2274 1082 2351 nsque
1105 2275 1188 2315 nunc
1211 2254 1341 2316 eandem

246 2338 434 2422 Hispaniam,
457 2345 489 2400 et
502 2339 716 2421 probaverant
728 2336 875 2419 praeliari
896 2336 1095 2399 nihilominus
1110 2346 1223 2399 contra
1238 2340 1264 2400 F
1266 2359 1342 2400 ran.

246 2444 310 2488 oon
352 2422 465 2506 quibus
497 2431 650 2486 econtra
684 2419 766 2484 idem
788 2421 917 2502 Pipinus
947 2442 1019 2482 cum
1041 2420 1243 2485 multitudiue
1263 2422 1342 2484 resi.

245 2517 338 2582 stass,
353 2506 471 2568 occidit
490 2505 645 2652 pueudam
659 2507 752 2567 etiam
764 2505 941 2587 principem
955 2525 1084 2568 eorum:
1106 2505 1342 2569 Abderacbman

246 2675 322 2738 fecit
345 2683 449 2736 sutem
468 2673 556 2736 simul
590 2681 623 2736 et
646 2588 1343 2737 mullilddudsh'udatddeddileshldderdbilee:

247 2759 331 2822 iusta
348 2756 537 2820 Rhodanum
558 2755 698 2833 fluvium,
717 2761 750 2818 et
777 2754 978 2817 admirationi
997 2753 1142 2835 babetur,
1164 2768 1196 2819 et
1218 2766 1342 2819 amatur

246 2865 268 2904 a
287 2847 388 2924 geute,
411 2861 474 2904 uon
496 2839 597 2902 solum
615 2845 751 2920 propter
771 2837 833 2902 hoc
854 2837 909 2900 sed
931 2847 964 2909 et
980 2849 1115 2922 propter
1135 2841 1194 2902 alia
1216 2841 1343 2925 praeci-

249 2945 313 3008 pua
334 2932 436 3006 gesta,
460 2931 491 2985 et
517 2921 702 3007 praeficitur
723 2923 810 3004 genti
839 2941 902 2984 uon
927 2921 1108 3005 ignobiliter
1126 2926 1255 3008 primus,
1275 2926 1344 2988 sol-

252 3017 343 3070 vente
363 3005 480 3069 scilicet
501 3028 572 3070 eum
593 3005 771 3089 aperinrio
791 3006 823 3067 ia
840 3027 945 3088 regem
965 3009 1128 3071 commisso
1148 3008 1259 3072 eodem
1268 3009 1343 3072 Ste-

251 3091 374 3174 phano,
399 3089 454 3174 qni
475 3097 508 3152 et
529 3090 668 3154 attondit
689 3087 881 3152 decessorem
901 3090 966 3151 eius
986 3111 1101 3174 regem,
1123 3101 1156 3154 et
1177 3092 1209 3154 in
1230 3112 1344 3154 mona-

250 3174 346 3236 sterio
376 3195 447 3235 cum
474 3173 598 3238 honore
626 3183 658 3238 et
687 3174 796 3256 requie
825 3174 1074 3258 circumscripsit.
1133 3175 1188 3238 hic
1212 3175 1343 3260 Pipinus

252 3258 330 3321 duos
351 3259 430 3320 filios
450 3255 582 3339 habuit,
607 3255 756 3320 Carolum
782 3255 899 3320 scilieet
930 3265 963 3320 et
992 3260 1258 3322 carolomannum
1276 3259 1343 3322 fra-

252 3341 426 3406 tremelus.
1332 3351 1341 3366 '

334 3423 444 3488 Mundi
465 3444 548 3486 anno
568 3421 663 3499 6235,
686 3423 810 3487 divinae
830 3424 1052 3488 incarnationis
1074 3447 1155 3488 anno
1167 3425 1239 3506 735,
1260 3445 1342 3489 anno

251 3531 328 3574 vero
349 3507 473 3591 imperii
495 3507 688 3570 Constantini
711 3509 806 3570 tertio
819 3509 995 3592 Stephanus
1016 3510 1227 3574 Antiocheam
1245 3509 1343 3572 habc-

251 3601 307 3655 tur
325 3595 461 3655 antistes.
501 3591 649 3674 apparuit
669 3601 774 3652 autem
794 3591 915 3675 signum
942 3595 982 3655 ad
1010 3595 1200 3678 aquilonem,
1214 3605 1247 3657 et
1266 3593 1343 3656 ciuis

252 3677 412 3740 descendit
443 3696 502 3758 per
529 3677 622 3753 loca,
650 3675 811 3757 factusque
840 3685 886 3739 est
914 3687 1019 3740 terrae
1045 3687 1149 3741 motos
1171 3679 1202 3740 in
1226 3678 1343 3762 Caspiis

251 3762 362 3843 portis.
404 3759 522 3822 occisus
545 3760 639 3821 etiam
672 3769 718 3822 est
735 3757 851 3821 Vhalid
871 3761 910 3822 ab
932 3762 1107 3842 hrabibus,
1129 3763 1184 3848 qui
1207 3762 1345 3846 praefuit

252 3866 335 3906 anno
357 3866 446 3924 uno,
467 3852 617 3926 tenetque
646 3843 858 3924 principatum
885 3844 975 3905 Hizid
996 3847 1117 3928 Lipsos.
1161 3848 1184 3908 is
1203 3847 1343 3929 pecuniis

252 3927 356 3990 multis
388 3927 523 4012 erogatis
559 3925 698 3988 obtinuit
724 3928 930 4004 Damascum,
957 3937 989 3990 ot
1017 3930 1139 3991 dextras
1165 3930 1287 4013 accepit
1307 3937 1344 3990 ut

288 4099 313 4169 *)
330 4099 409 4169 Quae
430 4099 464 4150 de
485 4099 579 4168 Pipino
600 4097 644 4149 bic
669 4106 826 4160 narrantur,
844 4116 900 4153 non
917 4109 1026 4154 exstant
1041 4101 1115 4173 apud
1134 4101 1342 4174 Theophanen,

324 4168 373 4223 scd
392 4170 467 4240 apud
484 4170 635 4224 Cedsenum
653 4185 680 4238 p.
700 4165 761 4223 453.
799 4170 877 4227 Fara.
