3050 4900
287 269 362 345 406
660 281 704 345 ΙΝ
731 277 1010 344 ΤΗΕΟΡΗΑΝΕΜ
1126 291 1129 298 ’

370 448 509 596 99139,18.
559 449 744 513 Παλλαδίου
769 448 805 512 di
827 448 884 513 τοῦ
906 443 1090 528 ἐπισκόπου]
1111 447 1264 535 Euagrius
1285 451 1382 516 lib-3

286 556 359 619 cap.
425 577 434 594 .

371 633 443 711 920,
465 635 495 694 9.
536 629 706 710 Ὀλύμπιος
733 632 770 694 dl
795 653 843 708 τις
870 624 1054 714 Ἀρτισνός]
1086 627 1266 714 prodigium
1297 633 1382 697 lectu

287 717 454 802 dignusne
476 719 668 778 Damasceno
692 725 773 776 orat.
795 715 815 778 3
838 715 877 779 de
906 714 1087 798 imaginibus
1108 714 1271 796 scriptum.

369 833 451 897 lbid.
471 831 502 894 4.
544 831 580 892 ds
599 831 638 914 τῇ
666 830 843 917 ντροφόρφ]
867 825 1041 911 δεξαμενὴν
1059 829 1154 893 babet
1173 833 1381 894 Damascenns

286 917 410 992 citatus,
428 939 512 1060 puae
526 925 572 976 est
592 916 693 978 balnei
712 918 886 992 lavacrum,
907 935 1028 977 ceuvas
1048 914 1269 998 quodcumque
1294 917 1381 998 aquis

288 1001 426 1082 recipieu
450 1002 475 1062 is
507 999 665 1064 idoneum.
722 1020 837 1082 aquam
858 1019 958 1082 porro
980 999 1179 1060 Graecorum
1201 999 1306 1081 vulgus
1329 1018 1382 1060 νε.

286 1077 345 1160 cdv
365 1082 460 1145 bodie
481 1092 590 1143 vocat:
620 1081 845 1168 olim0quoque
860 1082 903 1143 sic
926 1083 1041 1144 dictam
1063 1090 1154 1163 puto,
1175 1082 1262 1165 quod
1282 1103 1382 1166 equa.

288 1187 359 1228 rum
382 1163 542 1250 Nymphae
564 1163 718 1245 Νηρεΐτλτς
739 1166 825 1250 quasi
841 1167 1003 1249 Aqrsctt'les
1025 1162 1184 1226 audirent.

370 1274 454 1354 ibid.
467 1272 495 1334 5.
538 1273 662 1352 πρῶτος
676 1272 740 1336 τῶν
752 1268 983 1354 Δτσντσρίτοον]
1006 1271 1250 1334 Heleuiauoram
1273 1267 1381 1352 palatii

288 1356 326 1414 ad
348 1357 435 1439 quod
456 1356 603 1418 balneum
623 1365 766 1434 curator,
787 1363 820 1418 et
840 1355 945 1418 balnei
968 1355 1176 1438 praefectust
1200 1355 1383 1415 Damasceui

288 1439 464 1520 interprete
486 1438 641 1502 redditur.

366 1545 447 1606 Ibid.
472 1543 521 1606 13.
569 1543 782 1606 ἐπιτελεῖσθαι
810 1538 962 1627 ᾐτήσατο]
992 1543 1181 1607 Theodorus
1211 1542 1321 1618 lector,
1346 1563 1383 1604 cr

288 1651 352 1712 qno
377 1629 443 1704 ista,
463 1626 640 1710 subiungitt
663 1627 906 1706 ἐπιτελουμένης
936 1628 971 1688 δὲ
993 1621 1048 1688 κατ’
1067 1621 1229 1707 πρότερον,
1248 1621 1329 1708 πλὴν
1347 1627 1383 1699 ἐξ

286 1705 441 1789 αἰτήσεως
453 1705 584 1792 Φήστου
607 1707 710 1790 πολλῷ
731 1709 825 1770 πλέον
838 1702 981 1789 natissa
1001 1709 1056 1789 τῆς
1076 1706 1222 1789 τοιαύτης
1244 1702 1279 1768 τό
1302 1727 1383 1789 φυτ-

288 1791 365 1874 ιλρὸν
386 1787 601 1876 πανηγύρεως.
623 1794 764 1874 quomos‘s
785 1805 873 1854 autea
881 1794 1001 1872 festum
1020 1793 1227 1874 apostolorum
1246 1789 1380 1850 celebra.

286 1891 380 1956 mrsu,
401 1889 503 1938 tamen
523 1871 624 1936 sudio
644 1875 739 1950 Festi,
758 1875 853 1938 multo
879 1875 1059 1960 ampliaret
1078 1873 1266 1960 splendidius
1282 1894 1382 1958 punc·

285 1961 371 2042 gyris
392 1958 451 2020 illa
472 1957 624 2020 celebrari
641 1955 748 2041 eoepit.

369 2072 452 2136 Μ.
478 2071 524 2134 17.
568 2072 693 2152 Φῆστος
716 2065 945 2154 ἀπερχόμενος]
986 2071 1058 2156 ipsis
1087 2093 1168 2157 pene
1188 2071 1289 2134 verbis
1310 2091 1382 2132 cum

287 2152 460 2218 Theodoro
483 2156 638 2217 consentit
658 2153 878 2238 Theophanes.

368 2261 440 2337 nti,
464 2261 512 2322 19.
562 2260 741 2323 ἀνέστειλεν
773 2257 809 2320 τὸ
846 2258 1096 2340 χρυσὰργυρονῙ·
1114 2260 1269 2322 tributum
1296 2281 1377 2322 auro

287 2346 466 2428 promiscue
487 2353 520 2407 et
542 2353 674 2428 argento
695 2341 791 2427 pendi
812 2345 1037 2424 solitum,‚iuit
1063 2336 1298 2424 χρυσάργυρον.
1320 2365 1379 2404 aa.

288 2451 360 2491 rum
380 2429 463 2491 enim
479 2428 580 2491 solum
603 2427 846 2513 nonnunquam,
870 2425 995 2511 quaudo
1023 2449 1061 2491 ue
1097 2427 1198 2489 solum
1215 2435 1380 2523 argentum

285 2513 470 2594 imperatur.
490 2505 717 2593 χρυσάργυρον
745 2512 899 2593 capitibus
921 2452 1046 2595 singtilis
1068 2512 1239 2587 bominum,
1262 2528 1382 2573 tumen·

284 2606 403 2673 torum,
425 2617 591 2678 pecorum,
611 2616 713 2679 neque
741 2616 853 2655 canum
876 2596 970 2655 etiam
992 2596 1139 2677 exceptis,
1163 2604 1231 2655 erut
1252 2594 1382 2676 imposi-

285 2690 372 2739 tum:
394 2680 459 2739 imo
480 2679 520 2738 ab
541 2678 677 2755 exoletis,
701 2678 774 2741 data
798 2679 965 2738 criminum
990 2678 1239 2739 foedissimorum
1259 2676 1382 2737 licentia

286 2760 480 2839 capiebatur.
534 2761 572 2821 de
594 2761 659 2820 eius
686 2762 856 2821 execranda
877 2760 1076 2843 impositione
1098 2762 1244 2835 Zonaras,
1267 2770 1298 2821 et
1320 2760 1379 2821 Ce-

286 2842 401 2902 dreuus
421 2841 560 2903 abunde:
597 2852 759 2907 auctorem
782 2845 1019 2905 Constantinum
1052 2844 1139 2926 lingit
1160 2844 1316 2903 Zosimus:
1338 2844 1379 2905 ab

288 2924 373 2983 illata
403 2924 515 2985 iniuria
538 2924 829 2987 Christianissimum
858 2926 1033 3009 principem
1069 2928 1208 2987 vindicat
1229 2926 1382 3009 Euagrius

288 3007 363 3067 totis
388 3006 511 3068 duobus
533 3008 686 3088 capitibus
709 3010 762 3069 tib.
786 3008 870 3084 340,
894 3010 1040 3071 nimirum
1060 3020 1092 3072 et
1111 3010 1150 3069 41
1176 3011 1271 3071 relata
1294 3011 1382 3091 prius

287 3087 338 3165 39,
361 3092 506 3150 Anastasii
529 3090 610 3151 iussu
632 3090 769 3153 eiusdem
792 3094 1012 3173 abrogatione:
1034 3092 1073 3155 de
1095 3093 1207 3175 quibus
1230 3094 1381 3154 Barouius

288 3194 370 3235 anuo
391 3176 426 3234 C.
448 3171 510 3234 330
530 3196 549 3234 a
569 3170 708 3239 num.33
730 3175 770 3237 ad
793 3170 844 3252 48,
866 3184 967 3241 et'an.
987 3174 1047 3238 491
1071 3197 1154 3237 nuru.
1179 3176 1213 3236 11
1240 3184 1272 3236 et
1291 3176 1337 3237 12

389 3280 467 3340 ibid,
486 3278 536 3341 13.
587 3264 625 3343 id
650 3266 781 3360 κυνήγια
803 3274 968 3366 stenaro}
987 3280 1172 3346 Theodorus
1193 3280 1316 3344 citatus.
1337 3278 1377 3342 sci

288 3358 420 3440 κυνήγια
443 3360 587 3425 ἔπαυσεν.
631 3366 820 3425 truculentas
841 3374 873 3427 et
886 3364 1058 3428 horrendas
1076 3366 1153 3427 circi
1170 3365 1379 3439 vacuationes,

289 3447 400 3529 quibus
420 3445 561 3507 bestiarii
590 3448 756 3509 cuncteris
785 3448 958 3510 certissimo
988 3451 1069 3513 vitac
1097 3448 1239 3534 periculo
1260 3470 1379 3531 pugnas

288 3530 433 3605 inibant,
457 3530 646 3591 Anastasium
678 3532 902 3615 compescuisse
930 3532 1076 3616 intellige.
1124 3530 1274 3593 vacuandi
1296 3532 1381 3594 enim

287 3611 491 3690 exercitium,
523 3624 557 3675 ut
588 3614 624 3675 fil
653 3635 712 3697 per
741 3615 847 3692 silvas,
875 3614 968 3677 laude
997 3618 1125 3701 dignum
1146 3616 1321 3693 aholevisse
1345 3614 1378 3674 iu

288 3695 435 3755 Anastasii
458 3696 609 3779 principis
623 3697 745 3761 laudem
764 3718 854 3759 nemo
877 3701 1024 3761 cordatus
1037 3720 1161 3761 morum
1182 3718 1294 3761 censor
1307 3718 1378 3760 ver-

287 3788 378 3839 teret.
400 3774 546 3857 κυνήγιον
577 3801 699 3861 porro,
724 3780 806 3842 uude
836 3803 906 3843 cum
933 3784 1037 3845 bestiis
1059 3804 1195 3865 pugnam
1218 3780 1378 3857 affirmem,

286 3864 486 3923 auctoritates
508 3862 583 3925 istae
604 3876 783 3946 suggerunt.
796 3864 909 3927 Suidae
931 3887 958 3925 v.
983 3866 1140 3947 κυνήγιον.
1159 3866 1193 3925 ἐν
1215 3864 1259 3947 τῷ
1279 3885 1376 3945 κυνη-

284 3942 366 4028 yu'rp,
384 3946 513 4019 scribit,
534 3944 745 4027 ἑρρηπτοῦντο
768 3942 798 4007 ni
824 3944 1054 4025 βιστοθὰνυτοτ.
1095 3952 1129 4009 iu
1160 3948 1379 4031 arrepbitbeutro

286 4030 421 4090 violenta
441 4040 533 4090 morte
563 4030 724 4090 occisor-sun
744 4030 988 4111 proiicielrautur
1005 4050 1151 4113 corpora:
1174 4040 1209 4092 ut
1229 4030 1376 4091 nimirum

288 4111 342 4191 qui
362 4110 420 4176 sibi
442 4134 549 4176 manus
583 4114 809 4175 consciscerent
840 4112 1072 4194 βταιοθσίνοτοι,
1102 4112 1324 4199 gladiatoribus
1346 4121 1379 4177 et
