3050 4900
547 313 601 375 EX
626 310 884 376 tnuornnnu.
1195 305 1267 376 267

176 481 265 570 quod
286 481 430 545 videlicet
449 491 481 544 et
494 492 565 544 ante
577 482 743 564 imperium
762 481 877 543 multos
896 481 1032 545 seduxits
1054 491 1268 546 verumtamen

178 571 210 629 iu
234 566 402 629 ridiculum
424 565 601 628 habebatur
620 567 682 628 hoc
708 567 773 629 eius
794 567 915 650 liquido
935 567 1100 629 scientibus
1120 567 1269 643 studium,

176 654 223 713 ita
252 659 289 712 ut
318 650 511 733 impudentia
542 651 640 712 multa
670 671 793 732 semper
821 651 953 734 caligosa
979 661 1010 713 at
1032 651 1154 732 polluta
1176 649 1269 712 facies

176 736 243 800 eius
263 746 339 797 tuuc
362 733 575 796 inaccessibilis
596 734 689 796 tieret
708 755 769 818 per
791 734 853 796 dios
880 743 1008 816 septem,
1029 757 1066 796 eo
1090 732 1198 795 dolose
1218 735 1270 795 in.

177 828 229 880 tra
250 816 430 880 cubiculum
451 819 691 899 imperatorium
711 817 862 884 atalante:
885 840 958 880 nam
979 829 1017 896 et
1032 818 1219 880 naturaliter
1241 819 1270 879 ei

176 903 344 964 muliebres
376 899 505 964 aderaut
532 902 699 978 lacrimae,
720 924 796 987 quas
826 902 930 964 multis
952 903 1056 984 pravis
1078 913 1111 964 at
1133 901 1270 982 pseudo.

175 986 354 1049 christianis
375 985 473 1048 inesse
492 985 606 1065 procul
633 985 730 1048 dubio
759 995 896 1063 constat,
918 1009 1097 1069 qaranquam
1118 984 1270 1065 plurimos

176 1089 243 1131 uon
264 1068 403 1131 latuerit.
445 1091 548 1132 meuse
568 1089 646 1132 vero
667 1071 805 1152 Augusto
828 1091 902 1130 cum
921 1071 1065 1132 adversas
1086 1069 1201 1130 Arabes
1216 1090 1270 1130 er.

176 1154 277 1232 iisset,
300 1153 444 1216 occurrit
471 1154 514 1215 eis
534 1151 619 1234 apud
650 1150 791 1214 Cbrasou
819 1152 994 1238 Pbrygiae,
1027 1165 1058 1216 at
1085 1151 1164 1214 inito
1188 1152 1270 1214 bello

175 1245 357 1320 superatur,
376 1235 543 1320 multisque
563 1237 677 1298 amissis
691 1237 924 1320 propemodum
941 1246 974 1300 et
995 1237 1061 1319 ipse
1080 1235 1167 1296 vivus
1188 1237 1272 1298 foret

176 1319 356 1402 capiendus,
381 1319 439 1381 uisi
463 1320 644 1402 principum
665 1319 794 1403 quidam
814 1320 972 1384 fortissimi
995 1320 1080 1384 hauc
1100 1342 1120 1382 a
1139 1321 1274 1384 necmsi-

176 1413 243 1466 tate
262 1405 312 1465 air
331 1403 452 1466 salvare
472 1404 725 1485 praevaluissent.
1161 1407 1165 1414 '

259 1515 351 1573 Auno
379 1509 501 1593 imperii
521 1510 690 1595 Nicephori
711 1512 827 1588 tertio,
860 1509 1017 1574 simultate
1037 1512 1118 1573 facta
1139 1511 1171 1572 in
1194 1511 1273 1574 Par.

175 1593 248 1671 sica,
270 1594 428 1657 descendit
456 1595 595 1657 Arabum
630 1594 691 1656 dur
721 1595 941 1678 pacificaturus
971 1616 1035 1657 eos.
1077 1595 1272 1677 Nicephorus

176 1689 281 1740 autem
302 1679 404 1760 spatio
429 1689 559 1760 reperto
588 1679 764 1742 aedificavit
794 1681 950 1762 Ancyram
975 1678 1115 1740 Galatiae
1135 1687 1168 1741 et
1186 1679 1273 1741 The-

166 1763 269 1823 *basaa
292 1773 324 1824 et
345 1759 529 1824 andrasum.
570 1763 655 1826 misit
674 1764 769 1824 etiam
793 1771 825 1824 et
849 1783 969 1841 cursus,
991 1763 1046 1846 qui
1069 1771 1274 1824 revertuntur·

83 1905 90 1922 ,
174 1845 252 1908 nihil
273 1845 484 1929 proficientes,
505 1845 560 1908 sed
579 1867 597 1909 e
616 1856 729 1910 contra
747 1847 854 1930 potiris
869 1847 1021 1930 plurimos
1043 1845 1251 1909 admittentes.

256 1956 347 2016 Auno
381 1951 507 2034 imperii
537 1954 709 2037 Nicephori
746 1964 885 2038 quarto,
907 1953 1095 2018 duodecimo
1124 1953 1270 2018 kalendas
1280 1993 1307 2048 p,
1316 1973 1367 2032 m

173 2036 312 2115 Martias,
332 2038 476 2098 Tarasius
502 2030 708 2100 sanctissimus
737 2037 918 2120 patriarcha
946 2037 1270 2121 Constantinopolita-

174 2142 232 2182 uus
251 2120 388 2203 gloriose
409 2119 491 2182 diem
512 2120 623 2183 clausit
652 2125 837 2200 ertremnm,
861 2131 893 2184 et
914 2123 1029 2185 elatum
1051 2132 1098 2184 ast
1119 2121 1272 2204 lipsanum

177 2203 244 2265 eius
265 2203 296 2264 ia
317 2213 482 2287 angustum
504 2205 606 2287 ponti,
629 2215 661 2267 et
680 2207 837 2287 sepultum
859 2207 952 2268 estin
973 2208 1163 2268 monasterio
1186 2205 1273 2291 quod

176 2286 245 2370 ipse
265 2296 491 2362 construxerat,
510 2297 624 2372 quarta
646 2289 724 2350 feria
745 2289 867 2372 primae
889 2289 1080 2369 ieiuniorum
1101 2289 1273 2352 hebdoma-

177 2371 235 2432 dis.
277 2380 308 2434 et
328 2384 432 2434 mense
446 2371 557 2455 Aprili,
581 2371 632 2432 die
646 2371 805 2433 dominico
822 2373 920 2434 sancti
941 2372 1082 2455 paschae,
1107 2394 1273 2434 eonsecra-

174 2462 222 2517 tus
246 2456 505 2518 estsanctiasimus
529 2454 709 2537 patriarcha
725 2454 921 2539 Nicephorus
943 2456 1096 2531 aseeretis,
1119 2456 1273 2521 electione

173 2540 270 2601 totius
292 2540 402 2623 populi
424 2562 461 2601 ac
488 2540 688 2602 sacerdotum
709 2538 838 2621 insuper
862 2548 894 2601 et
916 2540 1156 2621 imperatorum.
1199 2562 1272 2603 sune

171 2622 265 2685 Plato
290 2646 328 2685 ac
355 2621 540 2686 Theodorus
576 2622 741 2705 hegumeni
774 2620 956 2685 monasterii
984 2620 1086 2687 Studii
1106 2644 1168 2683 non
1190 2644 1270 2685 con.

170 2716 334 2773 senserunt
354 2708 583 2769 consecrationi
604 2704 784 2789 Nicephori,
807 2706 861 2769 sed
881 2716 913 2767 et
934 2704 1052 2791 oppido
1076 2707 1271 2785 restiterunt,

170 2790 301 2852 schisma
315 2789 508 2869 meditantes,
523 2813 645 2854 eausam
667 2791 761 2854 veluti
778 2788 995 2853 rationabilem
1010 2789 1168 2869 hahentes,
1182 2790 1269 2877 quod
1329 2795 1333 2803 '

171 2896 208 2937 er
231 2873 313 2937 laicis
346 2894 411 2935 nou
441 2885 590 2956 oporteat
620 2882 750 2960 repente
778 2874 818 2937 ad
849 2874 1062 2957 episcopatum
1082 2873 1268 2939 accelerare.

170 2979 250 3042 quos
272 2957 447 3041 imperator
461 2958 654 3043 Nicephorus
677 2958 757 3020 urbe
774 2958 891 3041 pellere
911 2960 1016 3021 ¹volans
1031 2970 1193 3022 correctus
1212 2969 1270 3037 est,

171 3040 356 3124 quibusdam
379 3042 541 3104 consiliam
563 3042 726 3120 dantibus,
748 3042 950 3105 asseverando
981 3063 1045 3105 nou
1066 3044 1137 3105 fore
1158 3042 1269 3103 laudn-

169 3124 266 3187 bilem
302 3126 502 3207 patriarchae
532 3127 746 3203 creationem,
770 3128 792 3186 si
823 3124 1060 3207 praedictorum
1082 3126 1211 3189 reiectio
1235 3137 1268 3191 et

168 3209 250 3271 tanti
278 3206 450 3273 destructio
480 3212 573 3272 fieret
598 3210 796 3290 monasterii,
824 3211 1094 3291 septingentorum
1123 3208 1268 3273 videlicet

168 3292 298 3356 circiter
317 3292 547 3355 monachorum
564 3294 622 3357 sub
644 3291 807 3356 Theodori
830 3294 979 3377 regimine
1001 3291 1234 3359 ordinatorum.

251 3416 381 3480 Eodem-
403 3440 533 3504 quoque
562 3440 646 3483 anno
666 3420 768 3483 movit
798 3420 967 3484 exercitum
997 3418 1103 3481 Aaron
1126 3418 1361 3507 Arabump,743

168 3498 232 3561 dux
251 3499 603 3581 adrersnsltomaniam,
626 3506 658 3565 in
681 3505 800 3566 virtute
820 3502 916 3588 gravi,
939 3512 1155 3566 trecentorum
1174 3503 1277 3585 vide-¹

166 3583 244 3646 lieet
262 3584 400 3664 milium,
420 3596 485 3648 tam
516 3588 781 3671 ablanropboris
808 3612 901 3673 qnam
926 3588 1016 3671 Syria
1040 3596 1071 3650 et
1091 3587 1264 3649 Palaestina

168 3674 202 3729 et
224 3666 323 3752 Libya
346 3679 540 3738 coacervata.
582 3682 615 3733 et
628 3691 700 3733 cum
712 3672 844 3734 venisset
858 3674 982 3757 Tyana,
1008 3670 1183 3733 aedificavit
1202 3669 1278 3731 do:
1340 3702 1360 3719 ,ι

166 3770 254 3812 marn
273 3751 502 3837 blasphemiae,
523 3764 555 3819 et
577 3754 719 3819 obsidens
741 3758 826 3836 cepit
850 3755 1097 3817 tuncllaraclios
1117 3762 1275 3831 castrum,

168 3834 254 3976 guod
278 3846 348 3899 erat
374 3838 465 3901 valde
485 3839 662 3916 munitum,
693 3850 726 3901 ct
757 3838 919 3901 Thebasan
953 3847 985 3900 et
1004 3839 1264 3922 lllalocopean·et

192 3918 388 4003 ideropelum
405 3932 438 3984 et
452 3921 692 3987 dnaadarasum.
734 3923 817 3985 misit
838 3933 940 3985 autem
960 3938 1085 3984 cursum
1108 3921 1271 4005 sexaginta·

166 4000 287 4063 milium
306 4004 504 4083 bellatorum,
527 4014 557 4067 et
580 4004 738 4068 deseendit
765 4028 862 4089 usque
885 4011 1055 4091 Ancyram,
1080 4016 1111 4068 et
1134 4006 1192 4067 hac
1213 4006 1262 4066 vi..

165 4104 198 4144 sa
221 4106 364 4151 reversus
384 4100 439 4152 est.
459 4100 504 4152 ast
520 4091 695 4172 imperator
708 4089 901 4173 Niceplrorus
922 4100 1007 4151 rnatu
1030 4100 1061 4151 et
1083 4090 1262 4172 impossibi-

167 4166 257 4233 litate
276 4169 421 4235 deteutus
441 4174 545 4251 exivit,
566 4183 600 4237 et
619 4172 685 4257 ipsc
708 4174 742 4237 in
764 4173 982 4259 desperatione
1004 4169 1098 4237 fortia
1119 4174 1259 4237 infor-tit.
