3050 4900
574 336 628 399 Ex
655 335 915 401 Trutortmsss.
1098 348 1103 360 ·
1206 334 1278 403 tut

191 524 228 565 es
250 512 325 565 tuno
345 524 422 587 ergo
449 506 556 586 coepit
585 503 647 567 dicl
668 514 701 567 et
723 508 876 588 disputari
893 528 989 591 snper
1007 510 1127 571 cancttc
1139 508 1284 591 lanuginis
1349 560 1355 569 .

189 588 248 649 bus
267 606 370 651 sermo
396 584 608 651 ub'ornnibue
626 610 697 650 cum
721 590 844 652 fiducia.

154 728 158 743 ·
276 698 366 755 Anno
393 694 517 777 imperii
551 696 686 761 Heirene
720 718 793 759 cum
820 698 886 759 lilio
919 700 1031 783 quinto
1059 698 1197 761 trabum
1224 694 1285 759 dur

188 780 291 842 bloses
313 776 513 859 provehitur,
535 780 589 862 qui
612 802 676 842 nno
697 782 739 843 eis
760 782 899 864 praefuit
926 803 1020 843 anno.
1064 780 1287 843 Constantino-

190 863 349 947 politanus
372 882 447 922 vero
467 862 611 923 Turasius
635 864 772 927 babetur
792 867 924 928 antistes.
966 866 1029 927 boc
1046 886 1179 949 qnoque
1204 882 1287 925 anno

191 945 326 1016 callecto
360 946 541 1027 imperatrix
567 947 701 1011 Heirene
729 950 816 1009 omni
839 950 959 1032 populo
982 950 1067 1033 apud
1087 952 1289 1031 Mdguunram

190 1029 270 1091 disis
292 1028 331 1089 ad
353 1048 405 1090 eos
429 1028 543 1109 “scitis,
566 1030 693 1111 fratres,
716 1032 793 1115 quid
811 1034 922 1096 fecerit
948 1032 1064 1095 Paulus
1084 1030 1288 1115 patriarcba;

191 1122 228 1176 et
245 1112 400 1197 siquidem
425 1112 563 1192 vixisset,
594 1136 658 1175 non
682 1115 795 1199 ntique
821 1126 1004 1198 pateremur
1023 1116 1109 1177 bunc
1129 1115 1290 1176 dimittere

191 1195 362 1259 sacerdotii
385 1194 546 1274 thronum,
567 1196 641 1259 licet
654 1199 860 1261 monosticum
880 1198 1024 1261 habitum
1039 1198 1195 1261 induisset.
1240 1195 1293 1259 uia

193 1299 282 1357 vero,
304 1280 395 1341 sicuti
419 1280 478 1341 deo
500 1280 628 1362 placuit,
659 1280 700 1344 de
725 1283 788 1345 vita
816 1282 972 1365 migrarit,
993 1282 1211 1364 provideamus
1254 1300 1291 1340 ο-

192 1364 331 1443 minem,
363 1361 418 1447 qui
438 1362 540 1445 possit
573 1382 701 1446 pascere
722 1387 779 1427 nos
800 1372 832 1429 et
852 1367 1012 1429 ecclesiam
1032 1366 1081 1429 dci
1101 1364 1292 1427 didascalicis

194 1466 380 1509 conservare
399 1444 627 1509 sermonibus.”
647 1450 702 1533 qui
725 1450 915 1513 unanimiter
936 1470 1041 1512 omnes
1061 1446 1207 1510 dixerunt
1226 1468 1291 1507 non

195 1534 265 1593 iore
286 1530 382 1591 aliurn
403 1530 460 1590 nisi
471 1532 632 1593 Taraciam
654 1554 672 1593 a
693 1534 829 1595 secretis.
870 1544 904 1595 at
918 1532 971 1595 illa
992 1538 1045 1595 “et
1066 1535 1142 1593 ποκ’·
1163 1532 1208 1592 ait
1230 1530 1292 1590 “il-

197 1616 261 1676 lum
286 1613 435 1694 eligimus.
475 1614 529 1676 sed
552 1616 690 1693 resultet,
710 1624 741 1677 et
769 1616 853 1678 dicat
873 1637 934 1699 pro
948 1626 1019 1700 'qua
1042 1636 1132 1677 causa
1155 1633 1217 1676 noo
1238 1636 1291 1675 su-

193 1698 286 1781 scipit
307 1697 491 1759 electionem
517 1698 642 1781 imperii
665 1708 696 1760 et
715 1700 813 1760 totius
834 1700 961 1782 plebis?
1003 1708 1035 1761 at
1057 1699 1111 1761 ille
1129 1698 1293 1781 respondit

194 1782 317 1865 populo
342 1780 446 1842 dicens
467 1781 702 1846 “immaculatae
725 1782 796 1844 fidei
824 1792 950 1845 nostrae
965 1782 1213 1845 Christianorum
1235 1802 1290 1841 cu·
1301 1808 1329 1861 p.
1340 1788 1399 1849 ‘11⁰2

195 1864 308 1940 stodes,
330 1874 363 1926 et
384 1882 593 1947 eorumquae
616 1868 648 1927 in
669 1866 804 1948 gloriam
826 1867 877 1929 dei
895 1874 969 1929 sunt
986 1866 1193 1929 aemnlatores
1213 1864 1294 1925 fiue—

194 1949 247 2024 les,
277 1949 483 2029 imperatores
506 1950 616 2027 nostri,
647 1958 798 2033 tanquam
826 1951 967 2012 omnium
997 1950 1030 2011 in
1062 1949 1292 2033 beneplacitum

195 2036 263 2095 eius
285 2042 316 2093 et
337 2032 368 2091 in
389 2033 591 2094 commodum
623 2042 766 2095 nostrum
788 2055 897 2097 curam
924 2034 1082 2111 facientes,
1107 2042 1140 2095 et
1161 2033 1293 2095 maxime

198 2136 284 2177 nnnc
310 2114 516 2177 ecclesiastica
546 2118 671 2198 negotia
694 2115 746 2178 dili
770 2126 861 2180 enter
889 2126 921 2179 ct
941 2118 1073 2181 sollicite
1093 2113 1294 2178 consideran·

197 2210 263 2275 tes,
291 2218 354 2283 qno
375 2218 511 2261 summus
534 2198 678 2262 sacerdos
706 2140 820 2263 ingbac
840 2203 925 2287 regia
946 2202 1027 2264 urbe
1046 2220 1101 2263 sna
1121 2200 1294 2262 constitue-

202 2300 265 2357 rer,
286 2282 314 2341 in
336 2302 408 2343 suae
430 2282 554 2365 pietatis
576 2302 627 2346 me
645 2280 784 2346 animum
813 2296 1054 2368 assumpserunt,
1079 2292 1111 2346 et
1133 2292 1170 2344 nt
1190 2282 1296 2344 mani-

203 2366 278 2427 rurs
298 2364 372 2427 mibi
394 2364 554 2429 diceretur
575 2367 662 2452 qnod
682 2368 835 2429 consiliati
848 2378 922 2431 sunt
939 2376 1184 2453 praeceperunt.
1207 2387 1297 2428 cum·

201 2469 266 2534 que
286 2451 323 2511 ud
347 2451 408 2512 hoc
429 2473 478 2514 me
499 2451 662 2534 indignum
683 2473 746 2514 essa
758 2456 1002 2535 pronuntiarem
1023 2459 1056 2514 et
1076 2449 1194 2512 nullum
1216 2469 1299 2510 con-

201 2553 323 2595 sensum
345 2534 520 2612 efficcrem,
548 2543 661 2620 utpute
683 2536 737 2619 qui
767 2537 874 2620 iugum
893 2537 986 2598 baina
1005 2534 1146 2596 sarcinae
1165 2539 1298 2616 portare

198 2616 248 2678 vel
267 2617 398 2681 sullcrrc
418 2639 482 2681 non
498 2639 630 2702 possem,
654 2620 809 2682 iusserunt
824 2643 877 2683 me
893 2619 1006 2682 adduci
1020 2625 1094 2680 ante
1113 2617 1225 2678 faciem
1242 2634 1297 2678 re-

195 2709 305 2776 strum,
328 2721 390 2783 pro
413 2723 451 2766 eo
473 2702 560 2787 quod
581 2703 671 2765 buius
694 2702 816 2766 consilii
836 2705 995 2766 unanimes
1016 2707 1049 2766 et
1067 2700 1298 2784 comprobato.

199 2805 248 2848 res
270 2786 371 2847 effecti
395 2786 467 2848 sitis.
519 2795 551 2848 et
572 2807 675 2864 nnnc,
696 2811 717 2849 n
742 2787 819 2865 viri,
842 2789 897 2886 qni
921 2787 1014 2850 deum
1034 2785 1147 2847 timetis
1167 2791 1200 2846 et
1216 2801 1297 2846 sem·
1339 2824 1343 2837 ·
1377 2809 1382 2822 ·

199 2889 259 2951 per
277 2868 362 2930 bunc
385 2869 415 2930 in
444 2869 591 2932 cordibus
624 2871 733 2934 vestris
754 2872 894 2948 bebetis,
925 2872 1043 2956 quique
1063 2867 1181 2931 Christi
1198 2883 1298 2930 voca-

197 2954 297 3025 tione,
323 2951 389 3014 veri
413 2952 558 3016 videlicet
588 2953 637 3016 dei
667 2956 788 3032 nostri,
810 2954 1015 3017 nominamini
1033 2951 1213 3030 Christiani,
1234 2951 1297 3030 aio,

198 3035 306 3098 audite
326 3036 429 3099 brevis
448 3037 598 3100 sermonis
619 3037 658 3100 ab
680 3041 847 3124 exiguitate
868 3061 905 3103 ac
920 3039 1099 3102 bumilitate
1119 3045 1226 3098 nostra
1245 3053 1297 3096 ra·

201 3119 331 3182 tionem.
373 3141 432 3204 ego
454 3120 582 3205 quidem
611 3122 762 3207 quicquid
784 3124 844 3205 piis
864 3122 1107 3207 imperatoribus
1129 3119 1299 3181 nostriset

199 3203 383 3286 peremnia
406 3202 587 3266 orthodoxis
619 3207 854 3290 responderim,
885 3217 917 3270 et
947 3209 978 3268 in
998 3209 1170 3286 conspectu
1190 3207 1297 3263 vestro

200 3287 353 3348 orationis
375 3309 463 3350 meae
494 3290 639 3432 apolopia
663 3290 881 3372 respondeam.
936 3293 1053 3352 timore
1073 3287 1238 3370 deprimor
1257 3281 1298 3345 ad

199 3373 460 3434 consentiendum
483 3371 559 3434 buic
579 3373 742 3452 eectioni,
765 3382 798 3438 et
820 3394 935 3438 vereor
954 3393 972 3434 a
992 3373 1072 3435 lucie
1091 3370 1142 3432 dei
1164 3377 1395 3455 currumpunt

200 3453 308 3517 taliter
335 3465 367 3517 et
403 3456 642 3540 quomodolibet
671 3457 968 3540 incircumspectus,
994 3467 1033 3518 nt
1063 3472 1127 3516 non
1160 3449 1297 3517 terribili

200 3538 394 3600 damnationi
417 3541 625 3602 succumbam.
678 3543 703 3604 si
737 3543 820 3604 enim
840 3541 962 3602 divinus
989 3537 1103 3620 Paulus
1124 3536 1296 3621 apostolus,

201 3621 258 3704 qni
282 3620 331 3683 dei
353 3645 443 3685 voces
465 3625 584 3686 audivit
605 3624 787 3708 caelumque
804 3625 912 3686 babuit
929 3623 1127 3697 eradicasse
1147 3631 1180 3682 et
1199 3639 1297 3701 para-

200 3705 259 3766 disi
281 3705 439 3788 inspcctor
459 3707 585 3771 effectus
603 3719 650 3772 est
668 3708 851 3796 audivitque
871 3725 986 3772 arcana
1008 3705 1109 3772 verbu
1130 3713 1163 3769 ct
1182 3711 1298 3789 porta·

200 3787 248 3849 vit
269 3811 382 3852 nomen
407 3791 457 3854 dei
481 3813 588 3854 coram
611 3793 754 3876 gentibus
785 3801 818 3856 et
839 3795 973 3878 regibus,
996 3791 1073 3854 dixit
1092 3811 1143 3850 ne
1170 3789 1296 3863 forte,

201 3891 290 3934 cum
320 3874 418 3934 aliis
444 3875 809 3960 praedicaverim,
836 3877 927 3961 ipse
958 3873 1168 3958 reprobus
1198 3867 1297 3933 elfi-

201 3955 311 4032 clar,
336 3959 496 4040 quomodo
520 3980 602 4042 ego,
637 3961 691 4044 qui
722 3961 754 4022 in
790 3959 910 4022 mundo
943 3964 1142 4021 conversatus
1172 3963 1206 4017 et
1224 3968 1298 4014 cnm

203 4039 289 4102 laicis
310 4052 551 4106 connumeratus
575 4043 606 4105 in
629 4043 841 4126 imperatoriis
874 4039 1190 4105 administrationibus
1212 4037 1297 4100 rnili-

203 4124 291 4198 tavi,
322 4125 366 4187 sio
390 4127 507 4210 ubsque
535 4127 726 4190 iudicatione
756 4138 853 4211 atquo
872 4123 1152 4206 circumspectione
1171 4139 1298 4206 possum

203 4207 324 4272 insilire
344 4207 384 4272 ad
406 4210 575 4276 sacordotii
594 4210 852 4296 magnitudinem,
874 4207 1070 4277 horrendum
1091 4207 1297 4276 conamauad
