3050 4900
460 383 598 452 NOTAE
625 382 912 454 romaniolam.
1158 376 1228 450 621

148 555 196 618 uti
215 554 309 618 etiam
330 553 422 618 Cedr.
443 549 653 637 ἱπποδρόμιον
675 542 725 638 ἦν.
767 551 933 618 ridiculum
951 552 1034 618 enim
1053 561 1090 616 ut
1113 551 1146 614 in
1165 573 1233 614 me-

148 639 198 700 dia
217 638 357 715 Perside,
380 637 505 701 assiduis
526 639 692 721 exagitatus
712 639 846 722 praeliis,
868 659 904 700 ac
925 638 1048 700 iamiam
1067 656 1235 698 conseren-

150 724 204 786 das
225 744 333 784 manus
367 733 531 806 expectans
560 722 736 799 Heraclius,
757 723 877 784 circum
910 721 1087 798 extruxerit,
1109 729 1235 802 tamque

149 807 346 870 destruxerit.
389 816 457 868 erat
471 825 545 888 erqo
566 806 629 868 illio
650 806 750 867 circus
771 827 878 888 regum
895 805 1060 866 Persarum
1083 803 1158 866 ludis
1178 801 1236 863 ad-

149 887 270 966 dictus,
292 889 437 972 idemque
462 887 607 952 Heraclio
629 911 701 950 eum
721 888 784 950 aliis
809 888 872 950 cius
899 889 1037 970 palatiis,
1061 897 1155 970 atque
1176 885 1236 947 do-

147 974 250 1035 mibus
281 973 465 1036 destructus.
511 971 567 1034 sni
595 963 647 1033 ὅτι
660 966 827 1056 ἐδήλωσεν.
851 972 925 1055 Req.
939 981 998 1036 eto.
1012 971 1127 1034 iussisse
1146 970 1237 1030 Cleos-

146 1077 245 1119 mem.

234 1159 307 1240 493,
330 1161 379 1226 11.
429 1157 651 1241 οτροοθεοῖνος
663 1166 748 1242 τρεῖς
759 1155 930 1244 σιτευτούς]
951 1161 994 1222 sio
1013 1157 1143 1223 ctCedr.
1161 1157 1237 1242 Rog.

151 1254 218 1310 eto.
243 1245 336 1329 plane
355 1264 501 1308 'errores
529 1245 697 1306 ridiculum
727 1247 809 1309 enim
831 1255 895 1306 tam
917 1245 1025 1327 exiguo
1046 1263 1176 1305 numero
1199 1241 1239 1302 nd

151 1351 261 1413 Qum
280 1329 448 1390 Persarum
482 1330 757 1410 magnificentiam,
794 1337 825 1392 et
853 1328 975 1390 delicias
997 1347 1065 1388 aves
1089 1325 1238 1389 eiusmodi

151 1433 329 1476 numerare.
351 1417 455 1473 duest.
484 1426 629 1474 trecentas
660 1412 771 1474 habet:
794 1412 934 1496 adeoque
955 1409 1116 1494 imperitus
1136 1409 1237 1471 scriba

154 1507 263 1559 notam
285 1493 473 1556 numeralem
489 1488 523 1574 r'‚
546 1497 577 1555 in
602 1502 686 1572 τρεῖς
700 1496 878 1556 mutaverit.
901 1495 944 1555 sic
963 1493 1160 1577 postmodum
1174 1513 1238 1574 seq.

173 1577 373 1641 .hniusmodi
387 1579 587 1654 struthiones,
608 1579 771 1654 dorcades,
787 1599 889 1662 apros,
905 1597 1052 1660 pavones,
1076 1574 1238 1660 phasiauos

151 1662 342 1726 inventerit
376 1660 407 1722 in
429 1661 490 1723 alio
520 1662 665 1724 Cbosrois
698 1664 815 1745 palatio
845 1661 1035 1742 Dastagerd,
1066 1661 1240 1725 innumera.

151 1747 251 1831 possit
271 1767 306 1808 ea
337 1766 398 1805 uox
426 1755 459 1808 et
483 1743 556 1805 alius
577 1766 645 1805 aves
683 1754 810 1828 praeter
838 1745 1027 1807 struthiones
1056 1743 1237 1828 significare,

151 1837 231 1916 puta
251 1849 328 1914 quas
347 1849 380 1910 p.
403 1826 453 1889 illa
477 1826 538 1889 268
557 1827 735 1910 explicatius
759 1827 909 1892 nominat.

232 1931 305 2014 494,
327 1937 357 1998 2.
398 1941 472 2019 post
491 1957 600 1998 vocem
615 1935 805 2018 Δοοτογὲρδ
824 1935 842 1997 2
863 1937 965 1999 statim
987 1935 1086 2011 linea,
1110 1933 1238 2016 eiusque

154 2021 307 2102 repetitae
327 2021 509 2096 occasione,
539 2019 644 2102 ingens
671 2021 770 2081 factus
794 2020 909 2098 hiatus,
930 2041 966 2082 ex
987 2019 1053 2080 solo
1076 2016 1241 2099 explendus

153 2108 258 2166 Auast.
298 2103 481 2165 “confestim
502 2113 604 2164 motos
619 2104 714 2164 fuerit
735 2103 773 2164 de
792 2103 919 2186 palatio,
942 2101 1027 2186 quod
1049 2110 1115 2162 erut
1136 2101 1165 2160 iu
1178 2103 1243 2162 Da·

153 2189 287 2270 stagerd,
310 2208 382 2248 cum
406 2208 515 2268 magno
537 2186 771 2267 Ctesiphontem
792 2187 950 2248 celeritate
970 2185 1135 2269 petiturus,
1159 2205 1266 2260 ‹siro-2¹
1299 2213 1306 2222 ·

154 2271 209 2334 stis
232 2293 268 2334 ex
288 2271 431 2333 omnibus
459 2269 617 2350 pecuniis,
639 2291 714 2351 quas
736 2270 872 2330 babebat
893 2272 923 2330 in
945 2269 1072 2351 palatio,
1095 2278 1160 2328 tarn
1179 2266 1243 2326 ele.

153 2355 343 2438 phantibus,
377 2375 472 2436 quam
490 2351 637 2430 camelis,
659 2363 754 2436 atque
779 2351 972 2414 burdonibus
993 2351 1154 2412 ministerii
1175 2350 1241 2421 sui;

154 2438 291 2502 scribens
313 2451 345 2501 et
366 2435 487 2520 populo
512 2435 628 2497 Razatb
657 2444 694 2495 ut
723 2435 941 2517 ingrederetur
966 2434 1049 2497 idem
1068 2432 1240 2515 palatinm;

156 2531 189 2584 et
206 2522 386 2604 principum
417 2520 546 2596 domos,
566 2526 598 2580 et
629 2518 780 2602 quiequid
803 2518 834 2578 in
856 2518 901 2579 bis
923 2516 1126 2591 inveniretur,
1147 2517 1241 2579 aller-

156 2614 237 2667 rent.
280 2606 386 2690 itaqne
399 2604 571 2685 imperator
584 2600 745 2663 dimidium
764 2602 891 2685 quidem
912 2602 1080 2662 exercitum
1101 2599 1182 2660 misit
1203 2596 1242 2659 ad

155 2690 338 2773 Dastagcrd,
361 2689 426 2771 ipse
446 2709 522 2748 vero
542 2685 705 2768 paraliam
724 2685 807 2747 viam
827 2684 904 2747 abiit
926 2682 1062 2745 adalind
1083 2682 1242 2764 palatium,
1262 2678 1265 2687 “

157 2772 242 2855 qnod
264 2772 544 2855 cognominabatur
564 2769 778 2832 Bebdarach.'’
800 2791 838 2831 en
861 2767 919 2830 tibi
940 2776 1057 2833 textum
1076 2766 1242 2849 integrum,

155 2876 244 2919 seusu
265 2855 384 2939 alioqui
403 2854 518 2930 hiulco,
542 2860 597 2913 ant
621 2852 716 2913 nullo.

240 2954 321 3016 Istat
346 2952 394 3016 10.
434 2941 530 3033 εὗρον
550 2948 586 3012 di
606 2944 635 3013 oi
655 2944 744 3027 λαοί]
766 2948 860 3011 Barb.
882 2958 940 3012 ete.
963 2948 1017 3011 uni
1035 2967 1141 3029 πιπορ.
1163 2944 1242 3022 ξύλον

156 3030 279 3117 μεγάλα
299 3030 404 3117 diripe.
431 3038 506 3117 Reg.
535 3042 595 3096 ete.
620 3037 723 3097 duest.
756 3056 792 3096 ea
813 3032 889 3095 dicit
908 3032 1061 3095 librarum
1079 3030 1119 3093 70
1139 3043 1171 3093 et
1190 3030 1241 3093 80.

123 3114 132 3131 “
159 3122 254 3183 ctiam
266 3119 412 3203 papate
432 3119 536 3181 hahet.
558 3128 644 3180 certe
662 3117 746 3181 baud
765 3114 809 3178 ita
830 3126 1015 3200 portentose
1035 3124 1072 3177 ut
1095 3113 1133 3177 10
1154 3113 1242 3175 velli

160 3206 252 3265 libras
274 3211 373 3265 essent
393 3202 573 3285 pendentia.

239 3302 322 3365 Ibid.
347 3300 396 3369 19.
426 3293 576 3383 dapidus.
597 3293 652 3372 οὓς
674 3294 806 3385 ἔστενεν]
827 3276 920 3383 plana
940 3292 1070 3381 ἔστησεν
1090 3318 1129 3359 ex
1148 3295 1242 3359 Barb.

159 3386 377 3472 praefigebat,
396 3400 487 3472 arque
504 3384 650 3448 tendebat.

243 3480 315 3561 495,
339 3484 387 3553 18.
436 3475 684 3565 ππρονροπηοοί]
713 3502 773 3544 vor
806 3481 946 3544 insolens.
979 3482 1082 3543 Anast.
1110 3492 1241 3541 umores

161 3566 253 3633 Cedr.
274 3566 468 3647 dyrooaivroov
487 3563 622 3646 πάντων,
641 3565 723 3626 clam
744 3566 897 3627 omnibns.-
928 3573 963 3625 nt
983 3564 1067 3626 forte
1084 3562 1245 3643 scripserit

159 3650 365 3732 Tbeopbanes
384 3640 641 3730 οἷππροκροπητοὶ.
683 3647 805 3709 nemine
830 3647 1028 3731 prohibente,
1050 3648 1244 3710 observante.

162 3733 211 3794 vel
234 3746 320 3796 uerte
342 3727 511 3816 daramprei,
532 3732 618 3816 quasi
638 3731 733 3793 effuso
756 3752 861 3809 cursu,
885 3732 1030 3815 lavetque
1050 3729 1136 3815 qnod
1158 3728 1246 3790 addit

162 3827 286 3893 anotor,
304 3818 469 3880 confecisse
489 3838 550 3878 uua
567 3814 617 3877 die
637 3806 678 3876 14
697 3813 804 3892 millia,
820 3837 874 3898 qui
894 3816 980 3898 prins
1003 3810 1246 3897 aegraqniuque
1351 3835 1352 3839 ¹

163 3901 343 3962 conficeret.
399 3900 484 3985 qnod
518 3896 620 3961 reddit
650 3918 747 3957 novus
788 3899 919 3980 interpr.
944 3918 1004 3983 per
1029 3911 1162 3973 cratem,
1183 3905 1245 3957 ete.

163 4005 228 4044 non
249 4005 374 4063 possum
393 3986 539 4066 probare.
595 3984 708 4061 φυγεῖν
736 3976 792 4041 τὸν
813 3974 962 4063 Χοσρόην
990 3974 1054 4041 α’πό
1075 3972 1245 4062 προσοὶποο

163 4067 223 4129 τοῦ
243 4068 398 4145 βασιλέως
412 4066 508 4145 Ῥωμ.
529 4065 563 4127 s'u
583 4064 647 4125 τῶν
667 4062 702 4125 ἐν
724 4065 778 4147 τῷ.
801 4066 878 4147 neg.
901 4074 959 4127 etc.

246 4163 319 4242 496,
336 4166 382 4225 ¹5.
424 4165 483 4245 τοῦ
496 4160 641 4245 Τίγριδος
652 4162 806 4247 ποταμοῦ]
829 4166 904 4247 Reg.
918 4154 996 4243 μενοὶ
1017 4152 1131 4243 ἑτέρων
1143 4160 1245 4241 τριοῖν.

163 4248 246 4323 τινὲς
267 4248 303 4311 di
325 4248 388 4311 coir
410 4249 560 4330 Ποροοῖν.
