3050 4900
589 380 738 449 NOTAE,
1141 372 1214 449 481

214 545 287 626 464,
318 550 367 617 10.
410 542 568 631 Anuprirn]
598 558 734 635 optatus.
759 552 911 632 harath,
930 564 961 614 et
978 551 1221 651 iconihm,·q¹m

135 634 291 695 mittuntur
317 632 363 695 nd
375 633 529 713 civitates,
550 636 603 697 nei
620 638 769 717 regiones,
791 636 881 699 obvii
901 636 1014 697 adeon
1027 636 1134 719 pepedi
1153 655 1222 695 nem

132 720 226 778 cereis
254 730 284 777 et
308 719 442 777 incensis.
495 720 665 801 Gregorius
691 716 830 802 dialogus
858 718 945 801 epist.
969 722 985 785 1
1019 718 1060 779 nd
1085 719 1223 781 Leonem

137 801 287 877 locurum,
310 795 349 859 sci
373 793 516 879 tacetve
537 820 595 863 σον
617 800 829 877 κατεδέξαντο.
880 802 1024 885 imagines
1046 809 1114 862 tuas
1132 820 1224 863 exce-

132 894 259 966 perunt.
283 881 422 945 lauretae
437 882 508 945 ideo
522 883 668 969 imagines
683 882 771 968 quod
781 885 854 965 imp.
874 886 963 946 lauro
985 883 1165 947 redimitum
1185 904 1223 945 ao

134 964 379 1047 triumphantem
398 976 665 1049 representarent:
687 968 726 1030 de
740 967 851 1051 quihus
864 968 1120 1050 pluraBaronius
1140 985 1223 1028 nono

135 1046 197 1111 603
219 1072 301 1109 num.
330 1053 346 1116 1
378 1058 410 1111 et
429 1070 514 1147 seqq.
536 1050 685 1126 Laccrda,
704 1050 876 1131 Meumius,
901 1061 933 1113 et
953 1051 1021 1128 alii,
1040 1049 1224 1113 Pancirolns

133 1132 265 1195 maxime
297 1133 328 1194 in
350 1134 440 1194 notit.
472 1154 547 1217 amp.
570 1155 637 1217 cap.
658 1133 707 1196 24.
757 1154 816 1195 cnr
838 1132 934 1195 Prisci
955 1134 1120 1215 imaginem
1141 1134 1225 1195 Prn-

132 1216 191 1277 sini
209 1215 387 1298 extulerint,
410 1216 508 1278 refert
521 1218 714 1301 Nicephorus
729 1216 788 1281 CP.
802 1216 983 1299 patriarcha
998 1216 1056 1280 suh
1075 1216 1225 1280 historiae

134 1298 267 1361 initium.

215 1400 288 1484 455,
310 1403 339 1468 9.
383 1400 458 1469 ddi
487 1400 638 1487 τύραννος
663 1401 917 1482 normannos]
948 1404 1065 1471 horum
1084 1406 1224 1469 omnium

132 1490 261 1553 nomina
282 1490 454 1573 mortisque
482 1490 669 1574 supplicium
695 1490 794 1553 resen
822 1488 995 1555 chronicon
1017 1490 1163 1555 Alexand.
1183 1488 1225 1553 ad

131 1596 247 1635 annum
270 1573 394 1636 Phocoe
413 1574 552 1636 tertium.

211 1682 293 1743 Ihid.
316 1686 365 1751 17.
407 1680 442 1745 ἐν
460 1682 505 1742 τ’
524 1676 632 1767 positos
661 1678 844 1761 denneho]
867 1680 1042 1744 chronicon
1060 1678 1224 1743 Alexandr.

131 1764 179 1839 εἰς
199 1761 256 1827 τὸν
272 1766 380 1843 pensor
400 1760 455 1827 τὸν
478 1704 669 1843 h'drpomhn.
726 1785 866 1847 repono,
887 1763 934 1837 εἰς
961 1760 1016 1826 τὸν
1034 1765 1141 1840 μῶλον
1161 1764 1225 1827 Bo.

129 1849 273 1927 rponr'ov.
316 1858 362 1910 est
395 1857 499 1909 antem
525 1848 647 1926 μῶλος,
671 1846 721 1907 vel
740 1846 879 1925 μοῦλος,
913 1848 967 1931 qni
989 1848 1071 1909 ltalis
1089 1849 1116 1908 ii
1134 1848 1225 1929 molo,

129 1932 225 1994 Gallis
243 1933 272 1993 le
294 1934 383 2009 mole,
400 1946 507 2015 portus
520 1952 621 2013 agger,
642 1928 696 2015 qui
710 1931 817 2013 portni
834 1930 983 1992 nimirum
1003 1930 1092 1992 nimis
1112 1940 1224 2013 operto

132 2014 334 2077 retundendis
358 2017 441 2077 ultra
467 2014 630 2090 fluctibus,
648 2022 679 2075 et
705 2015 907 2096 protegendis
930 2016 1009 2075 citra
1031 2014 1117 2076 illum
1136 2013 1226 2073 navi.

128 2098 187 2161 hus
211 2099 369 2159 obiicitur.
410 2106 447 2159 ut
462 2094 645 2179 Edepont'ou
670 2096 834 2180 legendum
852 2119 888 2159 ex
908 2098 998 2160 dictis
1020 2097 1061 2159 ad
1080 2116 1151 2183 pog.
1165 2090 1226 2157 943

130 2202 286 2244 coelicum.

212 2288 284 2365 456,
306 2288 336 2351 3.
375 2284 521 2369 ’Ῑωὰννην
538 2286 683 2363 Τζίπζαν]
704 2308 739 2350 ox
763 2288 821 2349 isto
844 2287 923 2350 duos
943 2287 1107 2367 componit
1128 2286 1227 2349 chro-

130 2372 223 2435 nicon
245 2371 391 2435 Alexand.
414 2392 484 2432 cum
506 2371 599 2433 Barb.
624 2370 695 2433 cod.
719 2367 863 2452 Ἰωάννην
883 2371 938 2433 xci
961 2368 1087 2446 Τζίταν.

213 2489 291 2552 Ibid.
309 2487 339 2551 4.
380 2486 591 2572 Ἀβδιονμᾶν]
614 2487 696 2550 idem
716 2487 887 2549 correctius
912 2479 1081 2556 Θεοδόσιος
1099 2478 1117 2544 d
1137 2485 1221 2547 Σον.

129 2571 289 2652 βαδιουβᾶ
309 2573 368 2634 soii
388 2567 564 2651 peyr'mpov
595 2571 779 2634 Theodosius
805 2571 948 2652 magistri
970 2567 1156 2634 redemimus
1180 2569 1222 2630 dc

131 2657 218 2717 cuins
238 2678 368 2719 monere
391 2655 606 2718 exPanoirolli
631 2665 698 2718 not.
720 2657 794 2736 imp.
816 2649 1218 2736 oap.16ratiocinondnm.

213 2779 291 2842 ibid.
345 2772 526 2860 Σκόβαρον]
567 2779 676 2842 chron.
708 2777 853 2840 Alexand.
883 2769 1039 2854 'Ardpe'ec⁸
1070 2770 1089 2837 d
1117 2775 1221 2838 Atat.

129 2883 245 2944 στριος,
260 2859 284 2963 ‘d
306 2860 433 2943 incisim
451 2861 689 2960 roinopdpoi.
711 2859 851 2923 Arzaieas
870 2861 1006 2980 illustris,
1027 2873 1221 3005 ppgnomentp

129 2943 290 3090 hill.
312 2947 511 3092 iiiiilli'.
534 2945 1037 3092 llll?litttittitttts.
1056 2965 1166 3006 ''⁰⁰¹⁰‘'
1188 2967 1205 3006 ⁰

214 3137 295 3198 ibid.
317 3137 345 3198 5.
388 3131 630 3217 χαρτοφὺλακα]
648 3137 852 3210 scriniarium,
872 3133 1037 3207 citeriorum,
1057 3147 1088 3196 et
1100 3135 1219 3196 dmrtn·

128 3241 194 3282 rum
216 3220 363 3282 custodem
394 3222 543 3282 existimo.
593 3219 779 3282 Hormisdae
810 3237 913 3300 porro
934 3216 1086 3298 palatium
1107 3218 1218 3280 domin

129 3305 189 3363 fuit
211 3307 295 3384 prius
317 3303 505 3364 lustiniano:
530 3301 567 3363 de
584 3325 646 3388 qua
669 3303 845 3386 Procopius
874 3309 955 3361 orat.
978 3301 994 3358 1
1020 3299 1060 3362 de
1079 3299 1144 3363 eins
1166 3321 1219 3364 ae.

130 3385 238 3448 diliciis
260 3387 313 3449 ubi
334 3387 373 3450 de
394 3387 579 3467 Augustaeo.

211 3493 291 3556 [biii.
307 3492 337 3556 9.
380 3487 398 3554 d
420 3492 563 3570 Πρίσκος
584 3485 629 3572 μή
660 3485 841 3574 ὑποφέρων]
868 3490 1062 3574 Nicephornr
1081 3491 1218 3573 patriar.

130 3575 187 3637 cha
217 3578 257 3640 ad
287 3597 400 3638 annum
421 3573 481 3637 610
511 3575 685 3637 executioni
713 3573 859 3637 mandata
887 3576 1043 3652 referens,
1066 3596 1146 3660 qnae
1163 3572 1218 3635 hic

130 3661 161 3722 io
183 3661 345 3722 consilium
366 3658 508 3721 adducta.
567 3659 604 3720 de
627 3657 751 3720 Africae
780 3677 881 3740 porro
911 3657 1083 3721 rebellione
1104 3657 1217 3722 chron.

130 3743 275 3807 Alexand.
297 3744 337 3806 nd
361 3765 476 3806 annum
496 3742 619 3803 Phocoe
641 3739 671 3804 7.

212 3851 282 3930 457,
306 3853 336 3915 5.
377 3847 433 3913 nni
450 3843 481 3912 oi
501 3849 562 3928 μὲν
572 3847 703 3929 Πέρσαι
717 3841 791 3934 ἔξω]
811 3847 974 3912 historiam
995 3847 1036 3911 ah
1060 3845 1120 3909 hae
1144 3865 1216 3910 sen.

130 3935 229 3998 tentia
250 3933 443 4019 Nicephorns
463 3935 654 4016 auspicatur.

209 4041 292 4106 Ibid.
331 4033 575 4123 ἅπνσηάζουσιν
598 4037 834 4126 ’Ascordum
858 4038 1033 4104 chronicon
1053 4035 1215 4106 Alexandr.

127 4123 168 4189 ad
190 4146 304 4186 annom
324 4125 448 4188 Phocoe
463 4125 494 4187 8.
745 4141 750 4148 '

209 4233 288 4298 ibid.
306 4231 355 4296 19.
395 4233 451 4294 nei
473 4225 503 4294 oi
525 4225 685 4316 liptionos
707 4221 843 4314 ὕβρισαν
856 4223 961 4314 enh]
982 4229 1038 4313 qui
1058 4229 1214 4314 arripien-

90 4349 104 4370 ⁸
235 4355 412 4430 stropham
427 4357 465 4412 11.
981 4349 1016 4406 ³1
1102 4335 1108 4350 ’
