3050 4900
292 340 362 413 198
451 347 663 413 Anns‘rnsu
687 345 882 413 merome
912 342 1220 411 rcctffirASTrcA

291 532 421 609 argento
445 534 614 610 ceteroque
637 528 791 607 apparatu
814 522 945 606 repertis
972 542 1070 605 usque
1092 520 1131 583 ad
1151 540 1279 582 auserim
1300 540 1380 601 por.

137 644 142 655 ·
195 620 355 697 laeenam
378 610 604 687 discurrentes,
631 616 764 693 totaque
789 606 911 669 Thrace
945 606 1063 689 praeda
1093 611 1262 680 evacuata,
1286 599 1382 665 illaesi

290 715 362 755 cum
384 694 552 755 innumeris
573 692 741 775 pecoribus
762 692 803 753 ad
826 690 957 772 propria
978 696 1051 751 saut
1071 688 1198 751 reversi.
1238 687 1381 749 similiter

290 786 322 838 et
345 776 459 839 Arabes
489 774 644 838 Misthiem
676 782 829 857 ceperunt
861 784 894 835 st
913 775 974 835 alis
995 781 1113 851 castra,
1143 773 1242 833 multa
1264 770 1382 852 pracda

290 858 475 921 familiarum
497 860 704 945 plurimarum
726 866 759 921 et
778 879 932 941 pecorum
952 855 1225 919 innumerabilium
1245 855 1337 917 facta.

374 976 464 1039 Anno
486 976 608 1057 imperii
629 973 797 1057 Philippici
815 972 952 1036 secundo
975 974 1076 1035 movit
1096 971 1264 1034 exercitum
1277 971 1380 1033 Habes

291 1068 403 1122 contra
423 1060 620 1138 Romaasiam,
641 1068 674 1121 et
697 1058 782 1141 cepit
810 1057 1006 1119 Antiochiam
1028 1056 1161 1119 Pisidiae
1191 1077 1263 1117 cum
1283 1057 1381 1115 multa

290 1142 424 1227 praeda,
447 1151 478 1206 et
499 1164 639 1207 reversus
670 1151 724 1205 est.
775 1142 873 1203 factus
904 1148 1008 1203 autem
1029 1152 1075 1201 est
1099 1148 1131 1203 et
1151 1146 1380 1201 terraemotus

289 1228 321 1288 in
345 1227 443 1309 Syria.
486 1226 611 1288 biennio
633 1246 709 1285 vero
733 1225 855 1307 imperii
877 1222 1044 1307 Philippici
1065 1223 1097 1285 in
1117 1223 1164 1285 his
1188 1231 1380 1299 transeunte,
1422 1274 1426 1280 .

289 1312 438 1392 circoque
460 1310 605 1371 natalicio
629 1317 852 1385 consummato,
873 1330 946 1369 cum
965 1308 1087 1370 Prasini
1105 1307 1257 1387 vicissent,
1279 1306 1380 1365 risam

289 1403 336 1455 est
353 1394 536 1473 imperatori
562 1394 691 1456 sabbato
717 1400 909 1475 pentecostes
933 1392 1070 1474 equitem
1090 1407 1162 1450 cnm
1182 1389 1380 1471 susceptione

235 1521 238 1528 -
289 1498 326 1537 ac
346 1477 469 1559 organis
491 1477 623 1559 ingredi,
645 1486 677 1538 et
695 1476 793 1537 lavari
816 1476 846 1535 in
874 1476 1002 1558 publico
1031 1476 1144 1536 balneo
1165 1473 1326 1555 Zeuxippi,
1347 1484 1380 1535 et

288 1583 359 1621 cum
382 1562 498 1621 civibus
518 1560 682 1643 prosapiae
711 1560 857 1641 autiquae
885 1558 1051 1640 prandere.
1094 1579 1165 1619 cum
1186 1567 1289 1617 autem
1310 1579 1379 1617 me.

289 1644 369 1705 ridie
393 1644 577 1729 quiesceret,
602 1652 731 1725 repenle
751 1664 812 1726 per
831 1664 959 1703 auream
970 1652 1097 1724 portam
1116 1640 1260 1701 introivit
1279 1642 1378 1701 Rulus

286 1729 406 1809 primus
419 1736 591 1787 stratorum
604 1726 764 1811 Obsequii,
775 1734 1048 1809 ....cognomento
1058 1726 1161 1785 Bsarali
1175 1733 1206 1787 et
1214 1722 1378 1785 Theodori

287 1810 413 1891 patricii
435 1812 559 1891 blyacii,
582 1832 651 1871 cum
672 1810 783 1873 taxatis
806 1830 887 1893 quos
908 1808 1045 1872 hahebat
1065 1809 1096 1867 in
1108 1808 1232 1869 Thrace
1253 1806 1377 1868 thema.

287 1895 326 1955 tis
348 1894 404 1969 sui,
422 1904 453 1955 et
475 1894 618 1956 festinans
634 1894 671 1953 ia
702 1895 852 1975 palatium
872 1893 990 1956 invenit
1016 1892 1225 1974 Philippicum
1246 1890 1377 1953 meridie

184 2010 211 2065 p,
228 1978 507 2060 5ssquiescentem,
530 1985 562 2038 et
584 1978 843 2059 comprehensum
864 1998 935 2038 eum
955 1976 1043 2037 duait
1063 1996 1185 2037 sursum
1207 1974 1238 2034 in
1264 1983 1376 2036 orato-

288 2060 370 2121 rium
391 2058 604 2137 Prasinorum,
625 2068 657 2121 et
677 2061 739 2121 illic
761 2062 826 2121 eius
849 2060 955 2122 oculos
975 2060 1069 2136 erait,
1093 2058 1178 2120 nullo
1198 2058 1323 2119 sciente.
1345 2057 1376 2119 in

287 2143 456 2203 crastinum
486 2151 607 2218 sutem,
641 2142 673 2204 id
706 2153 751 2205 est
782 2154 981 2227 pentecoste,
1004 2152 1190 2205 coacervato
1210 2142 1242 2201 in
1264 2158 1378 2223 magna·
1430 2141 1439 2155 ‘

287 2225 415 2289 eeclesia
446 2226 566 2311 populo
593 2234 762 2289 coronatus
792 2236 838 2288 est
870 2228 1024 2303 Artemius
1056 2224 1175 2307 primus
1194 2249 1211 2285 a
1233 2226 1374 2301 secretis,

284 2318 408 2372 mastato
436 2310 561 2371 nomine
593 2312 773 2371 Anastasius.
821 2308 950 2372 sabbato
985 2332 1061 2371 vero
1081 2318 1153 2391 post
1173 2318 1374 2391 pentecosten

286 2394 383 2456 oculis
408 2395 546 2476 privatus
568 2403 600 2457 et
614 2392 801 2456 Theodorus
816 2397 957 2480 myaces,
977 2400 1010 2456 et
1032 2393 1168 2455 secundo
1191 2392 1318 2454 sabbato
1342 2392 1374 2453 id

285 2479 384 2561 ipsum
409 2479 540 2558 pertulit
561 2480 713 2564 Georgius
728 2477 934 2561 Buramphus,
956 2489 988 2540 et
1009 2480 1039 2540 in
1061 2477 1184 2540 exilium
1203 2476 1376 2538 missisunt

249 2650 253 2658 ἶ
284 2561 369 2644 apud
390 2563 638 2624 Thessalonicen.

366 2678 474 2739 Mundi
498 2677 682 2752 sanantibus,
704 2676 826 2740 divinae
848 2676 1070 2739 incarnationis
1094 2698 1175 2738 anno
1196 2674 1268 2751 706,
1290 2697 1374 2737 anno

285 2781 361 2821 vero
396 2762 517 2843 imperii
546 2761 675 2822 Artemii
704 2762 810 2841 primo
841 2761 1030 2822 incursiones
1052 2762 1208 2822 Masalmas
1229 2758 1374 2821 adversus

283 2843 465 2904 Bononiam
488 2845 595 2918 movit,
617 2853 648 2904 et
669 2842 833 2924 dispoliata
855 2843 976 2906 Galatia
998 2845 1093 2905 rediit
1112 2866 1182 2905 cum
1202 2843 1318 2924 praeda
1340 2851 1373 2904 et

283 2925 388 3004 spoliis
410 2927 519 2987 multis.
561 2937 606 2987 ast
622 2929 776 2988 Artemius
796 2928 1023 3011 magistratibus
1045 2929 1076 2987 in
1099 2927 1293 3010 equestribus
1313 2927 1374 2986 mi.

285 3009 357 3068 litiis
379 3007 508 3086 idoneis,
532 3019 564 3072 et
585 3010 822 3072 rationabilibus
852 3011 884 3072 in
916 3013 1008 3074 rebus
1037 3011 1177 3072 civilibus
1210 3009 1372 3086 ordinatis,

284 3093 345 3153 iam
368 3093 509 3175 requiem
540 3095 672 3175 degebat
701 3091 839 3176 adeptus.
881 3116 1016 3178 cuanuc
1038 3094 1153 3156 Arabes
1173 3100 1284 3154 contra
1306 3095 1374 3155 Ro.

284 3177 419 3236 suaniam
442 3187 527 3240 terra
549 3180 627 3238 mari
653 3199 691 3238 ue
712 3187 923 3254 armarentur,
956 3179 1038 3240 misit
1058 3178 1232 3260 imperator
1251 3177 1373 3259 princi-

285 3281 339 3342 pes
361 3261 391 3321 in
414 3262 536 3344 Syriam
558 3259 597 3321 nd
610 3201 733 3330 Visalisl,
757 3263 842 3344 quasi
863 3283 924 3344 pro
945 3261 1092 3345 hisquae
1114 3261 1153 3324 ad
1170 3282 1278 3343 pacem
1296 3283 1374 3343 per-

286 3343 387 3404 tineat
409 3344 590 3420 locuturos,
623 3343 779 3406 Danielem
806 3345 949 3407 videlicet
980 3345 1063 3407 intcr
1091 3346 1176 3420 alios,
1198 3345 1374 3427 Sinopiteu,

286 3427 455 3511 patricium
484 3440 515 3491 et
537 3429 729 3510 praelectum
752 3428 858 3505 urbis,
877 3429 1023 3490 mandans
1045 3428 1073 3492 ei
1097 3429 1262 3511 diligenter
1285 3429 1375 3489 inve·

260 3509 401 3592 ,stigare
421 3509 461 3572 de
488 3521 576 3572 motu
598 3533 709 3576 eorum
739 3520 772 3572 et
801 3513 917 3574 virtute
946 3523 1058 3574 eontra
1088 3513 1273 3574 Romaniam
1297 3533 1375 3573 con·

287 3593 445 3656 struenda.
499 3596 552 3678 qui
582 3618 653 3656 cum
675 3595 797 3658 abiisset
817 3605 849 3657 et
872 3605 1044 3671 remeasset,
1066 3596 1221 3658 nuntiavit
1242 3597 1375 3678 impera-

184 3679 352 3774 ¹„qqqtori
372 3700 515 3759 magnum
539 3689 650 3741 eontra
673 3680 787 3761 regiam
811 3680 923 3741 arbem
943 3701 1001 3762 per
1023 3689 1141 3742 terram
1164 3689 1197 3742 et
1217 3701 1303 3741 mare
1324 3679 1374 3740 in-

174 3775 176 3780 ·
288 3771 494 3822 strumentum
520 3784 639 3830 eorum.
697 3772 772 3823 tunc
804 3765 854 3824 ille
882 3763 1043 3846 praecepit
1073 3783 1137 3848 quo
1166 3763 1377 3847 unusquisqne

289 3854 428 3927 sumptus
450 3867 548 3928 usque
579 3845 619 3906 ad
641 3847 769 3908 triennii
790 3857 910 3929 tempus
931 3848 1062 3910 sollicite
1082 3856 1297 3929 praepararet,
1319 3844 1376 3928 qui

291 3935 395 3988 autem
419 3927 479 3990 hoc
499 3949 562 3988 non
585 3929 777 4010 possederit,
798 3931 837 3991 ab
860 3931 948 4004 urhe,
970 3931 1080 4015 inquit,
1106 3929 1251 3992 discedat
1292 3950 1376 3991 con-

290 4009 391 4071 stituit
410 4022 513 4073 autem
536 4013 731 4094 praepositos
753 4013 999 4076 construentium
1020 4035 1121 4090 naves,
1142 4025 1175 4076 ct
1195 4014 1301 4095 coepit
1322 4035 1378 4076 ae-

293 4091 419 4154 dilirare
440 4095 607 4156 dromones
629 4108 660 4158 et
688 4095 787 4158 <lieres
817 4097 958 4178 igniferas
987 4107 1018 4158 ct
1037 4097 1182 4159 maxinme
1204 4097 1325 4172 trieres,
1345 4109 1378 4168 et

294 4178 464 4240 aseritimns
487 4178 611 4262 quidem
639 4181 801 4246 renovarit
829 4201 955 4262 muros,
975 4180 1117 4245 similiter
1140 4189 1244 4246 autem
1264 4191 1299 4256 et
1316 4193 1381 4246 ter-
