3050 4900
289 361 359 440 stu
443 375 656 442 snssrasu
684 373 879 440 armonia
907 370 1215 440 acmrsusrrcs

221 599 227 617 ,
284 545 524 622 vinculatorum,
545 545 748 627 compatienti
770 545 946 614 cordetuo
966 543 1246 608 misertusvlncala
1267 541 1378 608 dissol-

269 631 351 710 ⁸uit,
372 629 560 711 diligentiam
588 629 699 690 tribuit
727 637 758 690 et
788 627 927 712 requiem
958 627 1137 710 impertitus
1165 638 1233 704 est,
1262 627 1306 688 it'a
1340 636 1377 688 ut

283 734 388 775 omasus
410 735 480 774 oum
501 711 635 773 lacrimis
649 720 815 772 exorarent
837 711 930 772 ctiam
949 711 1084 773 Persidis
1107 732 1178 772 eum
1200 712 1271 773 fieri
1295 710 1375 773 libo-

281 806 430 872 ratorem,
453 795 562 858 mundi
585 796 860 857 exterminatorem
883 794 1095 856 trucidantem
1115 795 1289 858 Cbosroeu.

366 893 455 964 ¹Anno
486 901 608 983 imperii
637 901 772 962 Heraclii
807 910 927 986 quarto
958 899 1081 962 decimo
1103 901 1256 964 Cbosrucs
1279 901 1378 964 Sara-

280 985 411 1068 blaggan
432 994 612 1068 praetorem
637 983 821 1061 constituit,
852 983 956 1045 risum
985 985 1196 1046 facinorosum
1225 991 1258 1046 ct
1275 985 1377 1070 typho

280 1071 412 1128 multum
434 1068 565 1146 elatum,
590 1067 777 1152 tradensque
805 1068 835 1128 ei
862 1067 1050 1148 exercitum,
1080 1087 1133 1130 eos
1154 1067 1300 1131 videlicet
1321 1069 1377 1153 qui

282 1151 432 1214 dicuntur
458 1149 710 1236 Cbosrohegelae
742 1171 779 1212 ac
806 1151 988 1227 Peroaitae,
1015 1152 1048 1212 in
1069 1151 1232 1212 Albaniam
1264 1150 1380 1213 direxit

281 1233 426 1296 adversm
449 1234 636 1297 Heraclium.
689 1254 760 1296 cum
785 1255 826 1296 ne
862 1232 989 1320 ingressi
1011 1243 1111 1297 essent
1132 1235 1164 1294 iu
1184 1235 1259 1297 lines
1280 1234 1376 1296 Alba..

280 1317 359 1396 niae,
383 1339 444 1379 non
465 1326 538 1379 sunt
570 1319 634 1379 ausi
666 1317 707 1380 ad
729 1256 908 1380 bdlandum
942 1326 1015 1380 autc
1035 1318 1144 1380 faciem
1174 1318 1373 1399 imperatoris

278 1409 373 1472 stare,
397 1398 449 1462 sed
469 1401 625 1464 clausurus
648 1409 820 1464 tenuerunt
842 1421 923 1484 quae
944 1401 1066 1462 ducunt
1083 1401 1115 1461 in
1127 1401 1298 1481 Persidem,
1318 1422 1374 1465 er-

279 1485 420 1546 timantes
436 1484 464 1546 ei
486 1483 658 1548 obsidendo
679 1482 828 1550 insidiari.
870 1493 998 1546 atvero
1019 1484 1189 1561 Heraclius,
1210 1506 1282 1546 cum
1300 1505 1374 1547 mou

277 1565 545 1646 coruscasset,
567 1569 727 1650 proiectus
757 1566 796 1628 de
818 1565 947 1629 Albania
976 1587 1037 1649 per
1056 1567 1170 1650 thios
1192 1588 1318 1651 campos
1339 1576 1374 1630 et

278 1649 351 1712 escis
374 1647 502 1732 largiter
522 1655 679 1714 affluentes
701 1650 867 1712 transitum
895 1650 927 1711 in
954 1649 1114 1713 Persidem
1133 1649 1277 1728 faciebat,
1299 1651 1374 1713 licet

277 1733 485 1819 longinquitas
514 1735 631 1798 multae
663 1733 800 1817 spatium
828 1733 897 1796 viae
930 1733 1128 1816 transegerit.
1170 1735 1373 1818 Sarablaggas

181 1830 353 1904 „trevere
372 1838 432 1899 per
452 1822 585 1879 drotum
616 1818 678 1879 iter
705 1823 839 1898 utpote
868 1817 1127 1899 compendiosum
1146 1819 1314 1902 satagebat,
1336 1826 1374 1879 ut

277 1910 525 1984 praeoccuparet
557 1921 627 1962 eum
659 1900 690 1962 in
718 1899 851 1961 Persidis
879 1901 1017 1982 regione.
1070 1899 1232 1963 Heraclius
1266 1909 1370 1964 autem

275 1985 423 2045 monebat
444 1983 596 2066 populum
607 1983 712 2046 dicens
732 1983 905 2060 “novimos,
926 1985 1051 2060 iratres,
1068 1984 1155 2068 quod
1169 1985 1279 2046 militia
1291 1985 1372 2046 Per-

192 2139 195 2150 Ι
275 2089 379 2128 sarum
401 2067 432 2126 iu
452 2065 547 2128 deviis
569 2067 643 2130 locis
675 2087 844 2149 pererrans
865 2072 929 2128 tam
950 2087 1067 2150 equum
1088 2087 1199 2129 eorum
1223 2068 1369 2129 dissolvat

275 2171 369 2234 quam
391 2149 472 2231 ipsos
493 2158 626 2214 enervet.
671 2170 726 2212 nos
744 2159 849 2212 autem
870 2151 1047 2211 festinemus
1070 2161 1183 2212 contra
1203 2151 1366 2213 Clsosroeu

274 2253 449 2316 properare
468 2231 558 2294 valde
578 2231 734 2311 celeriter,
758 2241 794 2294 ut
813 2254 849 2296 cx
870 2233 1041 2316 improviso
1064 2233 1218 2296 irruentes
1242 2234 1273 2296 in
1296 2255 1369 2295 eum

274 2316 434 2378 turbemus
449 2315 562 2382 illum.’'
603 2325 637 2378 at
656 2336 733 2378 raro
752 2317 888 2400 populus
901 2315 1077 2378 huiusmodi
1098 2318 1267 2398 spernebat
1287 2337 1368 2379 con-

168 2466 172 2481 ,
272 2401 384 2477 silium,
405 2407 437 2463 et
460 2400 754 2463 maximcLaaorum
775 2408 807 2461 et
827 2400 1043 2483 Habaagorum
1061 2407 1155 2483 atque
1173 2401 1368 2464 Hiberorum

273 2492 515 2546 concertatores.
557 2484 631 2545 binc
660 2486 691 2545 iu
727 2504 890 2546 aerumnas
923 2483 1088 2545 incidunt:
1117 2486 1261 2565 pervenit
1283 2486 1367 2547 enim

272 2576 305 2630 et
322 2568 507 2629 Sarbaraaus
538 2588 609 2628 cum
628 2567 749 2649 populo
781 2588 860 2640 suo,
883 2588 962 2650 quos
989 2564 1075 2628 omni
1097 2567 1228 2629 armavit
1247 2568 1368 2633 virtute

273 2651 424 2713 chosroes
457 2659 490 2712 et
521 2648 686 2712 destinavit
705 2670 766 2731 per
796 2650 974 2711 Armeniam
1006 2652 1152 2711 adversus
1173 2650 1363 2713 Heraclium.

272 2734 470 2816 Sarablaggas
500 2754 577 2795 vero
607 2732 798 2815 sequebatur
828 2741 902 2815 post
927 2742 1051 2815 tergum
1076 2731 1224 2811 Heraclii,
1247 2742 1280 2795 et
1302 2754 1366 2796 aon

272 2826 318 2879 est
339 2838 411 2877 cum
431 2838 470 2878 eo
493 2815 524 2876 in
547 2816 728 2877 corallictum
750 2834 902 2897 egressus,
926 2826 1089 2898 expectans
1109 2818 1192 2881 uniri
1210 2817 1366 2879 sarbara.

273 2922 326 2961 aaa
346 2908 379 2961 et
400 2899 443 2962 ita
467 2899 659 2959 constituere
677 2898 842 2981 praelium.
863 2900 991 2996 cognito
1014 2908 1118 2962 autem
1140 2900 1275 2962 Romani
1286 2904 1366 2963 Sar-

272 2985 404 3044 barsena
428 2983 546 3063 impetu
569 2982 607 3042 ad
628 2991 745 3042 metum
771 3002 914 3045 conversa
935 2990 1017 3059 sunt,
1036 2992 1070 3047 et
1090 2982 1129 3045 ad
1149 2982 1244 3064 pedes
1264 2984 1366 3067 impe·

274 3068 388 3127 satoris
409 3086 481 3126 oum
509 3064 643 3127 lacrimis
700 3064 894 3144 rociderunt,
926 3066 1055 3129 scientes
1077 3067 1170 3150 quale
1190 3067 1305 3129 malum
1324 3068 1366 3129 sit

273 3171 336 3221 non
364 3150 477 3211 cedere
512 3169 634 3208 serrum
671 3086 789 3209 domini
816 3150 1046 3227 voluntatibus,
1078 3158 1110 3211 et
1137 3151 1365 3233 poenitentiam

273 3243 396 3314 agentes
418 3254 514 3330 super
546 3230 756 3294 inobedientia
777 3254 850 3310 sua,
877 3254 971 3317 quam
991 3230 1138 3316 nequiter
1158 3244 1365 3316 perpetrave-

273 3328 356 3381 rant.
386 3326 417 3378 et
439 3316 582 3377 dicebant
604 3322 750 3375 “manum
764 3325 849 3377 tuam
863 3316 912 3391 da,
933 3314 1068 3393 domine,
1087 3316 1271 3400 priusquam
1291 3338 1367 3400 per·

273 3420 375 3461 eamus
404 3398 528 3461 miseri:
556 3398 693 3461 cedimus
724 3399 807 3462 euim
837 3398 896 3462 tibi
927 3398 958 3459 in
980 3399 1216 3483 quibuscunque
1233 3420 1367 3483 praece-

174 3520 201 3574 p,
212 3498 263 3560 477
274 3482 384 3566 peris.’'
425 3491 501 3544 tuuc
519 3482 692 3564 imperator
705 3482 889 3543 acceleravit
909 3482 1060 3564 congredi
1079 3502 1151 3543 cum
1166 3484 1366 3569 Sarablagga,

272 3568 453 3650 priusquam
475 3566 622 3627 uniretur
641 3565 761 3648 populo
782 3564 931 3638 Sarbari;
958 3576 990 3627 et
1009 3564 1113 3627 multis
1133 3567 1366 3629 incursionibus

272 3648 416 3710 adversus
436 3672 505 3710 euru
528 3649 616 3711 factis
638 3658 730 3710 nocte
748 3669 786 3709 ao
807 3646 858 3710 die
879 3648 963 3709 buno
984 3649 1016 3710 iu
1037 3649 1238 3711 formidinem
1258 3670 1364 3733 pepu-

272 3736 318 3809 lit,
339 3745 370 3794 et
387 3744 475 3795 retro
498 3733 638 3816 utrisque
659 3732 786 3793 dimissis
808 3732 1090 3795 eontraCbosroeu
1111 3732 1264 3796 velociter
1284 3737 1366 3795 inae·

272 3826 361 3877 cutus
384 3826 440 3877 est.
484 3816 547 3877 duo
572 3834 647 3876 vero
669 3836 704 3876 ex
720 3817 865 3876 Romanis
879 3838 912 3879 se
934 3816 975 3877 ud
994 3815 1103 3878 Persas
1124 3818 1307 3893 conferunt,
1328 3824 1363 3878 et

270 3900 458 3979 persuadeat
479 3900 520 3961 eis
545 3898 675 3959 credere
696 3901 854 3959 Romanos
874 3920 910 3961 er
932 3898 1100 3961 formidine
1118 3900 1236 3982 fugere.
1256 3900 1363 3961 couti-

270 3984 316 4065 git
335 3994 439 4043 autem
461 3983 502 4043 eis
528 3991 560 4043 et
590 3981 682 4042 elium
704 3981 815 4043 audire
842 4002 1014 4059 rumorem,
1032 3982 1106 4044 Saiu
1126 3982 1247 4046 scilicet
1265 4004 1364 4067 prae-

270 4066 347 4125 toris
367 4068 535 4127 Persarum
566 4064 734 4128 adrentum
764 4086 835 4127 eum
859 4066 919 4128 alia
948 4066 1059 4127 militia
1079 4067 1112 4127 in
1128 4066 1287 4128 auxilium.
1331 4076 1365 4127 et

161 4222 164 4227 1
269 4148 331 4209 boc
352 4158 517 4231 comperto
549 4146 749 4232 Sarablaggas
781 4158 813 4211 et
844 4150 999 4212 Sarbarus
1021 4149 1227 4211 decertabant
1260 4150 1365 4212 Hera-

269 4232 363 4293 clium
383 4232 530 4317 instigare
548 4230 587 4295 ad
601 4232 769 4315 praelium,
789 4233 974 4318 priusquam
986 4232 1169 4317 perveniret
1180 4232 1255 4297 Saiu
1273 4242 1306 4296 et
1330 4232 1363 4295 iu
