3050 4900
279 251 348 320 152
424 250 635 314 anaema
665 251 860 317 urseolus
889 250 1201 318 ECCLFSlASTlCA

274 441 406 502 invicem
427 439 564 523 separati
586 449 666 500 sunt.
710 448 741 500 et
763 439 915 500 Sarbarus
939 437 1066 522 quidem
1089 438 1200 500 timens
1223 461 1282 520 per
1305 463 1367 500 no.

273 535 354 594 ,stem
378 531 465 585 retro
489 543 628 586 reversus
650 532 716 598 est,
750 523 924 607 imperator
944 530 1050 584 eutem
1069 521 1189 604 populo
1209 544 1267 585 suo
1288 545 1364 584 coa·

272 613 399 670 eervnto
437 605 476 666 ad
520 607 629 668 orbem
658 607 846 692 properavit
877 605 1061 683 Sebastiam,
1096 615 1130 666 et
1173 627 1246 668 eum
1283 607 1364 689 Alyn

271 691 400 752 iluvium
422 697 656 766 transmeasset,
688 689 720 750 in
741 689 804 751 hoe
825 687 939 772 gaudio
969 689 1066 749 totius
1089 687 1197 749 biemie
1218 698 1365 770 tempore

268 781 481 834 commoratus
504 781 557 834 est.
607 793 709 854 porro
734 771 887 834 chosroes
906 773 1011 834 lurcos
1031 771 1124 844 misit,
1146 782 1178 833 et
1198 773 1271 833 tulit
1291 773 1362 834 tbe.

268 877 376 920 sauros
392 867 574 918 cunctarum
589 856 787 917 eeclesiarum
805 857 940 938 regionis
955 877 1034 938 qnae
1044 857 1100 916 sub
1112 855 1212 916 Persis
1226 863 1272 918 est
1282 848 1362 916 eon.

267 942 399 1017 stituta,
430 950 461 1002 et
491 940 622 1022 cogebat
652 940 841 1000 Christianos
873 939 1007 1000 Nestorii
1035 939 1105 999 fieri
1132 939 1361 1002 sectatomad

266 1022 541 1108 perstringendum
561 1023 624 1084 sive
648 1023 882 1105 percellendum
903 1022 1138 1104 imperatorem.

348 1124 438 1184 Antio
469 1123 591 1206 imperii
627 1121 761 1183 Heraclii
795 1119 834 1182 16
857 1122 1012 1183 Clrosroes
1033 1123 1201 1183 Persarum
1223 1143 1277 1184 rex
1299 1145 1359 1185 no.
1398 1153 1402 1162 ¹

264 1227 336 1267 vam
356 1207 431 1268 fecit
453 1206 604 1281 militiam,
626 1205 778 1287 praelium
795 1206 938 1284 initurus,
959 1205 1143 1288 peregrinos
1166 1225 1202 1265 ae
1224 1206 1305 1267 cives
1327 1219 1360 1270 et

263 1310 368 1350 servos
391 1308 426 1350 et
450 1291 534 1350 omni
557 1290 683 1350 natione
704 1291 785 1351 laeta
815 1289 968 1350 electione
989 1309 1193 1360 coacervans;
1215 1311 1277 1371 qna
1293 1290 1358 1352 ele.

167 1373 368 1446 nmatione
379 1373 450 1433 Sein
472 1373 589 1434 traditu
605 1373 757 1454 praetori,
782 1373 839 1432 alia
857 1371 898 1432 50
913 1370 996 1432 milia
1018 1394 1053 1433 ex
1065 1371 1217 1454 phalange
1229 1374 1359 1436 Sarbari
1397 1450 1402 1456 ⁶

264 1457 360 1518 electa
379 1457 487 1519 tollens
503 1456 576 1518 huie
587 1458 726 1531 sociavit,
743 1455 977 1538 nominavitque
995 1455 1062 1515 illos
1076 1477 1187 1516 aureos
1208 1457 1359 1536 cumulos,

263 1549 294 1600 et
308 1539 366 1600 lios
383 1539 528 1602 adversus
544 1541 769 1620 imperatorem
785 1538 905 1600 direxit.
917 1539 1197 1619 porroSsrbarnm
1217 1561 1287 1600 cum
1307 1562 1358 1602 re.

264 1623 349 1704 liquo
373 1624 512 1688 exercitu
539 1643 596 1684 suo
619 1633 730 1682 contre
756 1622 1059 1704 Constantinopolim
1086 1622 1188 1700 misit,
1212 1623 1359 1705 quatinus

261 1707 408 1780 ilunnos,
431 1706 487 1790 qui
516 1714 615 1768 essent
644 1705 676 1767 in
695 1705 882 1780 Occidente,
906 1725 984 1786 quos
999 1709 1113 1766 Avares
1135 1713 1259 1783 vocant,
1285 1728 1357 1768 cum

260 1788 450 1872 Vulgaribus
467 1795 499 1851 et
507 1789 623 1852 Scluvis
642 1797 736 1872 etque
748 1787 918 1870 Gipedibus
936 1787 1107 1849 concordia
1129 1789 1273 1868 sociaret,
1295 1791 1355 1850 sic·

261 1893 323 2012 «pm
346 1869 494 1933 adversus
514 1872 625 1935 urbem
659 1879 880 1955 properarent,
907 1880 939 1932 et
959 1871 1041 1932 bene
1061 1871 1250 1933 unanimiter
1271 1873 1356 1934 obsi-

261 1963 383 2016 ‹erent.
406 1977 478 2015 eam
502 1966 605 2017 autem
621 1957 681 2017 hoc
697 1955 853 2017 didicisset
865 1953 1050 2036 imperator,
1074 1957 1243 2016 exereitum
1264 1977 1356 2018 suum

260 2035 378 2118 triplici
400 2047 493 2121 parte
521 2037 653 2101 divisum
692 2038 862 2099 transmisit
893 2037 931 2100 ad
961 2037 1200 2100 custodiendum
1231 2039 1355 2117 urbem,

259 2121 444 2202 quibusdam
466 2132 570 2184 autem
599 2122 720 2185 traditis
749 2120 923 2182 Theodoro
951 2121 1044 2182 fratri
1064 2143 1121 2182 suo
1143 2131 1255 2183 contre
1279 2123 1353 2183 Sain

259 2202 376 2266 bellare
392 2205 571 2288 praecepit,
593 2203 756 2266 'humiliori
778 2225 856 2266 vere
885 2213 979 2287 parte
1000 2203 1066 2285 ipse
1088 2215 1216 2286 accepta
1238 2205 1269 2266 in
1289 2208 1353 2267 La.

257 2288 353 2348 sieam
374 2296 545 2374 properat,
574 2299 607 2350 et
626 2289 656 2352 in
679 2290 744 2373 ipsu
769 2288 883 2384 degens
908 2287 1030 2348 Tarsos
1050 2286 1089 2349 ab
1110 2287 1252 2366 Oriente,
1274 2310 1355 2372 quos

258 2368 411 2434 Chuanros
446 2381 635 2455 evincupant,
666 2373 696 2434 in
731 2371 878 2433 auxilium
908 2371 1051 2432 advocat
1097 2371 1170 2432 Saia
1191 2393 1269 2434 vero
1290 2393 1354 2433 una

257 2474 328 2515 enm
352 2456 476 2517 noviter
497 2458 598 2519 eleeto
623 2457 760 2519 exercitu
783 2454 967 2537 perveniens
999 2456 1039 2517 ad
1062 2455 1194 2517 fratrem
1214 2458 1353 2537 impera·

255 2538 334 2600 toris
356 2540 561 2603 Theodorum
580 2540 619 2601 ad
641 2542 758 2601 bellum
779 2540 921 2601 armarit.
963 2537 1023 2599 deo
1045 2546 1149 2599 autem
1168 2561 1227 2620 per
1249 2541 1350 2601 inter.

255 2622 405 2685 cessiones
430 2644 554 2708 semper
584 2622 742 2685 laridabilis
776 2620 825 2683 dei
858 2620 1017 2703 genitricis
1047 2622 1241 2704 opitulante,
1264 2622 1350 2685 bello

256 2706 430 2780 commisso,
454 2708 574 2789 grando
593 2704 784 2767 mirabiliter
798 2715 909 2766 contra
924 2704 1076 2765 barbaros
1091 2706 1204 2766 accidit
1221 2727 1351 2767 eorum·

256 2808 317 2869 que
337 2788 489 2871 plurimos
510 2789 658 2872 perculit.
703 2797 833 2849 atvero
862 2786 941 2847 acies
961 2788 1175 2849 Romanorum
1196 2790 1351 2873 tranquil.

254 2868 342 2931 litate
364 2870 465 2952 potita
490 2880 546 2932 est.
591 2878 718 2933 vertunt
746 2880 850 2933 autem
872 2872 1003 2934 Romani
1032 2872 1149 2947 Persas,
1172 2880 1204 2934 et
1225 2872 1348 2934 interii.
1390 2904 1399 2922 ι

254 2950 342 3013 ciunt
361 2954 594 3017 multitudinem
616 2956 788 3037 copiosam.
830 2953 893 3015 hoe
913 2963 1078 3036 comperto
1106 2955 1260 3017 Chosroes
1284 2958 1348 3017 ira.
1462 2978 1468 2989 ·

158 3034 352 3123 p.t86seitur
371 3048 482 3101 contra
497 3039 580 3115 Sain,
603 3038 656 3121 qui
679 3060 715 3099 ex
737 3038 837 3100 multo
859 3036 952 3098 animi
968 3036 1091 3099 defectu
1114 3039 1146 3098 in
1163 3040 1346 3121 languorem

253 3118 391 3181 incidens
421 3123 575 3193 rnoritur;
609 3122 695 3183 cuius
719 3142 835 3204 eorpus
866 3122 947 3183 iussu
979 3121 1127 3182 Clrosrois
1156 3122 1278 3183 salitum
1308 3122 1348 3185 ad

253 3224 324 3263 eum
347 3204 482 3265 delatum
504 3212 566 3279 est;
588 3226 680 3289 quem
704 3204 754 3266 ille
774 3214 935 3267 mortuum
946 3204 1052 3265 multis
1071 3204 1212 3267 submisit
1232 3207 1349 3268 verbe-

252 3286 349 3349 ribus.
391 3308 491 3369 porro
513 3286 645 3349 Charari
673 3288 819 3371 disruptis
841 3288 957 3370 Caspiis
985 3291 1087 3371 portis
1106 3288 1265 3350 Persidem
1287 3290 1348 3350 ad-

250 3380 327 3433 eunt
351 3372 382 3431 in
405 3373 562 3451 regionem
584 3371 757 3456 Adrabigse
780 3394 840 3432 nna
873 3392 943 3433 eum
968 3381 1116 3454 praetore
1136 3393 1192 3433 suo
1212 3374 1343 3450 Zilrebil,

251 3454 305 3539 qni
326 3452 476 3536 dignitate
506 3456 656 3516 secundus
685 3479 701 3515 a
733 3454 892 3537 chagan03
925 3462 957 3515 et
986 3456 1017 3517 in
1049 3477 1255 3538 quaecunque
1275 3456 1344 3518 loca

248 3539 484 3619 peragrabant,
511 3548 572 3600 tam
603 3540 710 3601 Persas
732 3536 1007 3619 deprehendebant
1039 3560 1131 3620 quam
1152 3540 1289 3601 civitates
1310 3552 1344 3603 et

247 3621 333 3683 villas
356 3622 419 3703 igni
436 3620 609 3683 tradebant.
652 3622 812 3705 profectus
834 3643 910 3682 vero
931 3623 1105 3703 imperator
1126 3645 1144 3681 a
1166 3624 1274 3683 Lazica
1295 3624 1342 3685 bis

248 3706 401 3767 occurrit.
454 3704 573 3767 Zilrebil
608 3716 711 3765 etitem
743 3706 804 3765 lroc
825 3705 891 3764 viso
925 3704 1099 3765 accelerans
1121 3706 1343 3788 complectitur

247 3786 363 3847 collum
385 3788 448 3849 eius
469 3799 502 3849 et
513 3789 625 3850 adorat
640 3810 721 3865 curn,
736 3788 836 3847 Persis
857 3788 990 3848 civitatis
1007 3790 1243 3869 aspicientibus:
1268 3792 1341 3850 uni..

246 3890 352 3933 versus
370 3884 477 3948 autem
487 3874 666 3935 Tuscorum
688 3873 823 3955 popolus
839 3869 869 3932 iu
887 3880 1005 3931 terrem
1017 3872 1172 3949 cadentes,
1194 3895 1230 3934 ae
1244 3874 1341 3955 proni

246 3972 341 4037 snper
363 3956 473 4019 faciem
493 3956 617 4033 extenti,
638 3948 860 4038 imperatorem
891 3954 1051 4016 honorant
1074 3957 1196 4018 honore
1218 3956 1272 4040 qni
1294 3966 1340 4023 est

247 4038 330 4118 apud
363 4040 489 4120 gentiles
520 4048 690 4103 extraneus.
743 4037 885 4099 similiter
914 4040 1074 4121 principes
1103 4060 1215 4100 eorum
1243 4062 1338 4121 supra

246 4128 315 4185 suia
337 4122 577 4189 cousceinleotes
594 4122 704 4186 coelem
717 4122 871 4186 schemate
890 4123 1074 4209 procidant.
1098 4122 1212 4193 obtulit
1233 4132 1339 4188 autem
