3050 4900
251 277 325 352 352
412 333 415 342 .
620 277 663 342 ni
690 275 967 346 reuocatam

251 460 383 524 Valente
412 477 490 518 coss.
510 477 529 518 a
551 452 655 539 priino
686 455 747 518 iiiiii
769 477 880 518 eorum
898 455 1022 540 imperii
1043 477 1124 518 anno
1146 455 1341 542 Procopium

252 545 292 607 ab
312 544 355 606 eis
376 541 520 604 defecisse
543 561 591 602 res
604 549 678 600 nota
699 548 753 617 est,
767 549 800 602 et
822 541 908 600 omni
928 541 1023 602 dubio
1038 541 1135 602 aliena
1158 541 1240 624 apud
1253 545 1342 604 Mar.

252 627 398 692 cellinnm
430 624 482 684 lib.
502 618 561 700 96,
592 622 755 684 Socratem
789 619 878 685 lib.4
898 645 966 707 cap.
988 623 1008 686 3
1030 631 1062 686 et
1084 625 1217 688 ldatitim
1237 627 1269 686 in
1292 628 1343 688 fa-

251 714 315 774 stis.
356 727 458 770 mense
484 725 611 790 quoqne
639 705 817 788 Septembri
849 709 1019 770 tumultum
1053 709 1092 770 ab
1128 729 1166 770 eo
1196 709 1256 770 ΕΡ.
1286 731 1342 772 er-

252 795 350 856 citum
373 791 488 852 babent
508 788 601 850 iidem
626 787 755 850 ldatiiiui
776 779 856 867 iasii,
879 798 911 852 et
932 790 971 852 de
992 813 1030 854 eo
1060 793 1203 854 nuntium
1223 791 1341 854 Valcn.

252 887 317 938 tem
339 873 491 956 accepisse
512 892 583 932 cum
605 870 768 956 Vaporati's
788 875 917 934 aestibus
935 871 1067 936 Ciliciae
1088 876 1156 936 iam
1177 876 1277 936 lenitis
1297 875 1344 936 nii

251 959 438 1024 Antiochiae
469 969 663 1038 percurreret
680 955 784 1036 sedes,
817 952 878 1018 hoc'
898 964 962 1032 cst,
990 957 1116 1020 ineunte
1136 967 1286 1020 autumno
1309 962 1342 1020 et

253 1042 401 1105 Octobris
434 1039 540 1099 diebus
571 1038 787 1100 demonstrant
817 1039 988 1101 Marcellini
1020 1041 1050 1102 in
1080 1040 1217 1102 medium
1249 1042 1342 1102 allatii

252 1127 365 1188 verba:
387 1121 508 1184 missum
528 1142 655 1204 qnoque
677 1122 709 1182 in
732 1121 846 1184 Gallias
866 1123 1017 1204 Procopii
1040 1123 1077 1186 nd
1088 1123 1342 1188 Valentinianum

254 1217 361 1292 capnt,
382 1208 513 1268 instante
532 1205 675 1288 Lapicini
697 1213 729 1266 et
751 1207 849 1266 lovini
868 1207 1040 1284 consulatu,
1064 1207 1095 1268 id
1115 1217 1169 1284 esi,
1189 1209 1341 1269 Gratiano

255 1303 287 1354 et
305 1287 496 1374 Dagalaipho
532 1307 607 1348 coss.
638 1309 720 1350 anno
743 1289 882 1351 Valentis
914 1301 947 1352 et
969 1291 1176 1354 Valentiniani
1205 1291 1341 1354 secundo

252 1380 362 1437 narrat
384 1373 414 1434 in
436 1371 634 1454 sequentibus
653 1371 737 1434 idem
757 1372 961 1434 Marcellinus.
1028 1383 1200 1458 eapropter
1220 1374 1260 1438 ad
1281 1397 1341 1436 an.

254 1481 309 1521 uos
329 1457 505 1539 superiores
527 1456 742 1516 narrationem
766 1454 846 1516 lianc
868 1397 1074 1518 revocandam
1100 1467 1214 1523 unctor
1232 1457 1343 1520 Theo-

253 1543 379 1626 phanes,
406 1537 431 1598 si
453 1537 632 1600 mendacem
652 1537 916 1622 Philostorgiuin,
938 1548 992 1602 aut
1012 1542 1107 1604 alium
1127 1540 1255 1604 similem
1275 1563 1340 1602 nou

252 1622 465 1706 exscripsisset,
486 1621 684 1704 significaret.
855 1631 859 1640 '
1020 1648 1024 1658 ·

338 1723 427 1806 87,4.
468 1721 540 1789 τότε
561 1725 616 1790 isui
634 1725 790 1789 eiciam
813 1722 864 1790 sir
874 1727 1033 1814 Κυζίκου]
1057 1729 1133 1794 haec
1150 1734 1234 1796 circa
1242 1733 1341 1795 Eleu.

128 1857 133 1871 .
255 1815 333 1876 sium
354 1823 426 1896 post
452 1809 608 1872 devictum
637 1809 831 1894 Procopium
864 1821 947 1894 gesta
975 1834 1058 1875 anno
1090 1817 1226 1880 Valentis
1245 1818 1341 1878 tertio

253 1903 428 1980 potnerunt
444 1893 623 1977 obtingere:
649 1894 754 1976 primo
778 1893 903 1976 quidem
922 1897 1117 1980 tyrannidem
1138 1900 1236 1962 movit
1258 1901 1342 1960 Pro·

256 1980 375 2062 copias,
395 1975 529 2038 secundo
551 1986 725 2061 prostratus
746 1977 840 2054 obiit,
868 1977 1053 2042 duodecimo
1073 1981 1216 2046 kalendas
1240 1983 1343 2058 lulius,

253 2063 297 2124 ait
316 2060 487 2122 chronicon
509 2059 769 2122 Alexandrinum
804 2061 898 2124 tertio
929 2062 1025 2146 igitur
1044 2087 1061 2124 n
1081 2065 1259 2147 Septembri
1279 2066 1340 2131 ini·

254 2148 333 2209 tium
356 2146 499 2220 ducente,
522 2143 703 2226 episcopatu
722 2165 786 2206 sese
807 2166 919 2208 exuere
939 2145 1046 2228 potnit
1072 2148 1220 2228 Eleusini,
1241 2160 1301 2212 etc.

335 2252 415 2316 iiiii.
442 2249 490 2313 10.
532 2249 638 2329 διῆγεν
661 2247 789 2331 Οὐάλης
819 2245 1005 2330 ὄβασιλεύς
1031 2253 1068 2317 s’r
1088 2253 1360 2338 Moesiacorum·

252 2335 317 2420 tsi]
338 2335 377 2398 de
396 2356 458 2420 qun
487 2334 684 2396 Marcellinus
715 2335 769 2396 lib.
792 2333 841 2396 27.
861 2336 934 2397 dein
953 2337 1068 2416 Mysia,
1089 2339 1140 2400 sibi
1160 2341 1340 2402 Martiano-

247 2421 330 2507 polis
349 2433 408 2499 est,
438 2439 460 2481 a
478 2438 578 2481 sorore
604 2419 740 2481 Traiani
754 2419 906 2505 principis
931 2421 978 2483 ita
996 2425 1217 2503 cognominata
1257 2443 1341 2485 anno

253 2503 377 2589 imperii
411 2503 507 2565 tertio
545 2498 585 2599 ad
611 2523 680 2600 cani
707 2502 871 2599 Valentem
902 2502 932 2601 in
968 2505 1100 2567 Gotthos
1128 2516 1340 2590 pugnaturum

251 2584 413 2733 pprtiiwde
442 2586 602 2669 Procopio
632 2596 767 2649 victoria
797 2584 956 2649 divertisse
999 2588 1109 2651 scribit
1142 2589 1340 2653 Marcellinus

339 2773 421 2839 Ibid.
439 2772 487 2835 11.
528 2765 659 2850 σεισμὸς
679 2769 716 2835 δὲ
733 2765 897 2853 γενόμενος
914 2772 987 2837 καθ’
1007 2764 1080 2858 ’ὅλης
1092 2774 1148 2859 τῆς
1164 2772 1235 2858 γῆς]
1256 2798 1339 2839 anno
1463 2812 1472 2827 ·

252 2857 463 2951 Valentiniani
493 2856 620 2939 primo,
648 2856 714 2939 ipso
734 2859 852 2940 collega
877 2858 979 2923 fratrc
996 2860 1127 2923 Valente
1147 2862 1340 2923 consulatum

254 2950 400 3027 gerente,
424 2939 510 3000 illum
537 2947 641 3000 terrae
662 2949 799 3017 nictum,
820 2950 853 3003 et
882 2941 1085 3006 Alexandriae
1107 2944 1340 3007 inundationem

253 3027 349 3089 visam
368 3024 465 3086 refert
484 3022 656 3084 Ammianus
677 3024 731 3085 lib.
753 3021 815 3109 967
845 3023 885 3085 ad
918 3026 1026 3087 Iuliani
1047 3036 1191 3126 tempora
1211 3038 1341 3091 revocat

254 3132 322 3173 eam
342 3108 531 3170 Soaomenus
558 3102 656 3167 tino
684 3128 752 3189 cap.
772 3106 802 3167 9.
854 3106 894 3167 ad
914 3108 1123 3173 Valentiniani
1156 3134 1271 3173 annum
1292 3130 1339 3173 se-

254 3193 392 3255 cundnm
414 3197 555 3251 removet
574 3190 797 3273 Hieronymus,
829 3189 884 3273 qui
905 3212 976 3253 cnm
997 3192 1188 3277 Theophane
1209 3194 1339 3257 tertium

254 3301 273 3339 a
294 3272 473 3357 Septembri
501 3272 679 3355 auspicante
713 3294 807 3356 quain
835 3272 924 3335 facile
947 3284 1050 3357 potest
1079 3278 1248 3341 conciliari.
1290 3278 1338 3339 le·

254 3359 371 3443 gendos
395 3358 477 3419 idem
499 3355 705 3439 Hieronymus
728 3357 759 3416 in
770 3356 935 3421 Hilarionis
950 3361 1022 3437 vita,
1043 3371 1075 3424 et
1094 3364 1126 3423 iii
1147 3362 1254 3423 lsaiam
1268 3382 1338 3443 cap.

226 3481 232 3491 ·
256 3443 305 3518 15,
328 3462 448 3503 necnon
465 3438 604 3501 Orosius.
625 3441 769 3500 Socrates
792 3442 874 3501 inter
894 3436 1043 3505 tumultus
1065 3468 1082 3505 n
1102 3435 1262 3527 Procopio
1283 3466 1340 3507 er-

253 3527 363 3588 citatos
393 3534 511 3585 terrain
545 3530 632 3585 tanta
660 3524 855 3584 concussione
888 3546 902 3583 a
927 3525 1050 3604 itatem,
1080 3536 1111 3589 et
1139 3550 1226 3589 mare
1255 3527 1338 3589 ultra

253 3609 431 3693 praefinitos
451 3626 590 3667 carceres
614 3607 727 3667 elatum
750 3606 868 3669 indicat
890 3548 977 3670 liba
995 3631 1062 3696 cap.
1084 3608 1115 3691 3,
1129 3613 1265 3675 anterius
1286 3610 1339 3673 ni-

254 3694 370 3755 mirum
393 3712 485 3775 quam
504 3696 613 3751 auctor
632 3688 833 3771 Theophanes
853 3699 976 3754 statuat.

334 3797 388 3876 89,
399 3796 434 3859 4.
474 3796 634 3872 πέμπουσι
653 3794 689 3859 δὲ
709 3796 766 3858 aas*
784 3790 863 3876 πρὸς
877 3799 1044 3883 Aspicies]
1064 3800 1260 3863 actnLiberii
1284 3820 1337 3860 re.

254 3882 318 3943 fert
338 3883 461 3943 incante
479 3880 682 3963 Theophanes
697 3878 736 3940 ad
753 3901 871 3941 annum
893 3884 1017 3946 Damasi
1038 3884 1193 3965 pontilicis
1203 3883 1338 3946 Romani

258 3963 309 4041 17,
329 3966 435 4027 eadem
455 3964 605 4025 Beronins
626 3962 664 4025 sd
685 3985 800 4025 annum
813 3964 951 4027 Valentis
974 3967 993 4029 i
1015 3968 1128 4031 Christi
1148 3964 1219 4029 365.
1261 3964 1339 4027 baec

255 4058 364 4193 ppctodr
383 4057 561 4193 opppptpne
582 4044 621 4109 ad
642 4069 757 4110 annum
770 4047 906 4113 Valentis
934 4043 966 4129 4,
987 4060 1022 4113 iit
1043 4060 1111 4134 post
1133 4052 1263 4115 alteram
1279 4070 1339 4111 no-

288 4152 320 4193 m
362 4152 444 4194 ecar
485 4153 560 4193 iar.
