3050 4900
511 378 565 443 EX
593 376 851 443 satornana
1156 376 1232 447 ΜΩ

137 535 260 593 sanctas
284 540 317 593 et
335 527 526 594 venerabiles
556 532 701 617 imagines
732 532 900 595 concilium
920 532 1061 609 iriquum
1082 531 1144 597 338
1167 538 1233 617 epi.

138 636 311 698 scoparum
342 616 544 697 congregavit
577 617 608 677 in
642 616 757 699 palatio
787 618 931 692 llieriae,
958 639 1093 699 quorum
1112 620 1231 699 primus

138 708 210 763 erat
238 698 410 780 Ephesinus
444 698 523 759 filius
554 700 707 783 Apsimari
742 708 774 763 et
799 701 935 761 Pastillus
965 702 1147 783 Pergensis,
1178 704 1233 785 qui

139 782 226 865 apud
247 804 279 843 se
300 804 380 863 quae
409 782 469 842 sibi
500 785 563 843 visa
582 792 654 844 suut
674 782 941 866 dogmatizarunt,
963 784 1048 845 nullo
1070 795 1233 867 praesento

134 888 173 929 ex
195 864 355 927 catholicis
376 864 510 945 sedibus,
533 869 672 929 Romana
692 868 811 929 scilicet
831 879 862 929 et
876 868 1076 943 Antiocheae,
1100 870 1236 931 Alexan*

139 949 233 1011 drina
252 948 316 1010 sive
337 948 626 1033 Hierosolymitana.
680 975 699 1011 a
719 960 834 1035 quartu
857 951 924 1013 idus
944 952 1131 1013 Februarias
1153 952 1232 1012 inci.
1314 976 1318 985 ·

137 1034 261 1115 pientes
277 1031 529 1113 perduraverunt
544 1055 641 1117 usque
658 1032 694 1094 ad
710 1046 828 1097 sextam
842 1036 910 1096 idus
925 1039 1072 1119 Augustas
1097 1036 1231 1097 eiusdem

135 1116 288 1199 septimae
310 1114 500 1177 indictionis.
526 1117 664 1199 quicum
681 1118 905 1179 inBlachesnas
929 1117 978 1179 dci
999 1118 1155 1201 genitricis
1170 1118 1231 1178 iro.

136 1210 198 1261 stes
222 1198 456 1277 convenissent,
478 1198 614 1261 ascendit
635 1200 853 1263 Constantinus
874 1204 1048 1284 imperator
1069 1203 1099 1261 in
1121 1203 1232 1262 ambo-

137 1306 235 1363 nem,
258 1293 365 1344 tenens
397 1284 634 1345 Constantinum
656 1285 854 1367 monachum,
886 1288 939 1369 qui
958 1286 1019 1347 fuit
1039 1286 1140 1367 Sylaei
1163 1288 1328 1368 epi-nabit

133 1387 258 1448 scopus.
302 1388 374 1427 cum
393 1376 519 1443 orasset,
540 1388 618 1429 voce
634 1390 743 1451 magna
765 1368 982 1449 pronuntiavit
1004 1368 1105 1430 dicens
1127 1371 1232 1431 “Con-

135 1451 274 1511 stantino
299 1448 461 1511 universali
485 1450 683 1533 patriarchae
702 1453 816 1514 multos
834 1456 958 1513 annos.”
980 1463 1011 1513 et
1032 1451 1102 1513 dein
1123 1475 1231 1513 ascen.

138 1534 193 1599 dit.
208 1534 381 1616 imperator
406 1554 476 1594 eum
491 1533 694 1597 Constantino
719 1538 870 1599 scelerato
890 1534 1032 1617 praesule
1055 1545 1085 1597 et
1106 1535 1232 1618 reliquis

136 1617 294 1701 episcopis
316 1618 433 1694 sorum,
455 1624 487 1679 et
509 1616 758 1679 exclamaverunt
777 1619 966 1701 divulgantes
987 1642 1073 1678 suum
1094 1620 1232 1680 cacodu.

137 1722 208 1763 xam
230 1698 381 1762 haeresim
412 1701 443 1760 in
476 1705 772 1783 conspeetu'totius
794 1703 910 1784 plebis,
943 1702 1232 1764 anathematizantes

134 1786 333 1845 Germanum
354 1784 576 1845 sanctissimum
600 1797 633 1847 et
646 1786 837 1867 Gregorium
857 1789 1009 1870 Cyprium
1030 1796 1062 1848 et
1087 1789 1234 1847 loannem

135 1866 370 1951 Chrysorroam
380 1868 614 1949 Damascenum,
636 1878 783 1955 nepotem
797 1872 933 1949 Mamur,
954 1870 1038 1933 siros
1057 1878 1180 1932 sanctos
1200 1880 1234 1933 et

140 1952 335 2013 reverendos
356 1952 528 2035 magistros.

224 2058 336 2121 Mundi
358 2079 439 2121 anno
456 2054 548 2135 6246,
574 2058 697 2123 divinae
716 2060 939 2123 incarnationis
959 2083 1042 2123 annu
1057 2056 1129 2137 746,
1150 2081 1235 2123 asino

136 2162 218 2203 vero
240 2142 364 2225 imperii
387 2142 582 2205 Constantini
602 2141 650 2221 14,
672 2144 893 2206 Constantinus
916 2145 1237 2227 Constantinopolita-

139 2246 200 2286 nus
221 2224 357 2289 habetur
378 2225 517 2304 antistes,
564 2228 595 2288 ui
626 2228 665 2289 12
694 2229 840 2291 ecclesiae
868 2230 1005 2311 praefuit
1033 2231 1130 2290 annis.
1175 2230 1238 2289 boo

142 2328 275 2391 quoque
309 2330 390 2371 anno
415 2250 575 2389 naemei,
607 2311 662 2394 qui
686 2320 717 2373 et
737 2312 900 2387 Abulabas,
922 2321 1064 2373 mortuus
1086 2321 1141 2385 est,
1164 2334 1238 2372 cum

143 2392 168 2456 5
189 2392 367 2474 praefuisset
387 2396 481 2455 annis.
536 2400 667 2478 eratque
693 2396 825 2458 Alidelas
847 2396 947 2457 trater
976 2394 1039 2456 eius
1062 2393 1093 2454 in
1116 2394 1238 2456 itachia

140 2473 217 2536 loco
239 2477 445 2559 blasphemiae
465 2479 613 2560 ipsorum.
655 2479 765 2539 scribit
787 2498 863 2562 ergo
878 2478 1077 2554 Abumuslim,
1100 2479 1238 2560 quierat

140 2561 176 2622 in
197 2560 337 2640 Perside,
363 2561 610 2623 conservandum
637 2561 695 2623 sibi
718 2561 821 2623 locum
851 2561 1057 2644 principatus,
1079 2561 1158 2620 sicut
1179 2560 1238 2620 sibi

140 2651 232 2704 sorte
255 2644 356 2705 fuerat
378 2643 552 2726 deputatus.
602 2645 658 2730 qui
688 2665 759 2706 cum
789 2643 943 2706 didicisset
971 2643 1118 2704 abdelam
1139 2642 1237 2706 hlium

143 2727 259 2806 Halim,
282 2729 411 2788 fratrem
426 2749 501 2788 vero
513 2727 615 2811 Sallen,
634 2751 787 2791 summum
809 2736 989 2810 praetorem
1002 2728 1125 2810 Syriae,
1147 2728 1239 2810 prin·

142 2811 285 2890 cipatnm
306 2811 365 2872 sibi
388 2811 591 2890 affectantem,
614 2823 647 2874 et
669 2813 856 2874 veniendum
872 2811 911 2870 ad
932 2811 1134 2872 obtinendam
1157 2812 1238 2872 Per.

141 2893 264 2972 sidem,
286 2893 564 2978 adversantemque
585 2896 708 2976 Persis,
741 2907 775 2958 et
799 2897 954 2956 faventem
982 2893 1031 2953 bis
1062 2895 1117 2978 qni
1147 2902 1239 2955 erant

140 2977 257 3060 Syriae
278 2975 641 3062 quiqae'auxiliabantur
657 2979 694 3058 ei,
717 2979 879 3040 concitatis
898 2978 1083 3040 exercitibus
1100 2976 1161 3040 suis
1181 2999 1240 3061 ag·

142 3059 291 3144 graditur
311 3081 382 3123 eum
404 3063 488 3144 apud
511 3063 665 3140 Nitaibin,
693 3072 725 3126 et
747 3065 830 3124 victo
850 3083 889 3123 eo
912 3062 1103 3123 Abumuslim
1124 3061 1238 3122 multos
1248 3087 1276 3142 p.
1285 3069 1338 3124 661

141 3145 298 3227 peremits
320 3155 412 3207 erunt
433 3147 514 3206 enim
536 3146 640 3228 plures
654 3169 690 3209 ex
713 3146 758 3206 his
780 3147 882 3207 Sclasi
903 3156 934 3208 et
955 3145 1151 3206 Antiocheni.
1192 3154 1240 3206 ast

143 3227 278 3292 Abdelas
297 3228 378 3289 solus
398 3230 497 3292 salvus
519 3251 678 3292 remanens
695 3240 766 3312 post
787 3249 902 3312 paucos
919 3229 983 3289 dies
999 3227 1091 3309 petiit
1107 3227 1240 3289 verbum

142 3313 293 3393 accipere
314 3313 352 3372 ab
374 3313 473 3375 altero
497 3312 625 3391 abacta,
650 3317 748 3378 tratre
767 3313 923 3388 Munnaed,
947 3312 1087 3372 veniente
1111 3310 1141 3370 in
1159 3311 1238 3371 Per.

140 3393 243 3458 sidem
265 3395 366 3456 studio
392 3396 490 3457 multo
512 3419 530 3456 u
553 3396 766 3480 Maclra,·quo
794 3397 827 3457 iu
855 3393 1042 3457 domuncula
1063 3395 1241 3475 putrefacta

144 3487 272 3540 retruso
295 3479 388 3540 effodi
416 3479 614 3541 tundamenta
643 3479 840 3562 praecipiens
868 3479 952 3539 laune
972 3479 1052 3537 clam
1073 3476 1239 3538 interiecit.

145 3581 249 3646 porro
273 3563 464 3623 Abumualim
490 3563 656 3624 furientem
680 3563 826 3624 adversus
847 3562 965 3622 Arabes
986 3561 1096 3644 Syriae
1117 3581 1178 3642 pro
1200 3579 1239 3619 eo

145 3645 237 3728 qaod
260 3645 291 3705 in
314 3645 545 3727 Maurophoros
574 3647 801 3709 insurrexerint
828 3653 861 3707 et
879 3643 992 3705 multos
1016 3645 1048 3704 in
1068 3642 1239 3704 Palaestina

142 3737 179 3788 et
199 3727 309 3789 Emesa
334 3739 367 3790 et
393 3727 546 3790 maritima
569 3730 724 3812 ceperint,
752 3738 846 3812 atque
866 3727 896 3788 in
921 3749 973 3788 eos
996 3727 1119 3788 irruere
1138 3723 1240 3786 medi-

140 3819 264 3872 tantem
283 3809 426 3874 cohibuit
458 3834 529 3874 cum
547 3813 742 3877 exercitibus.
796 3810 901 3872 atille
924 3810 1020 3871 iratus
1042 3810 1178 3872 Abdelae
1198 3807 1239 3868 ad

142 3894 331 3956 interiorem
348 3895 504 3958 Persidem
527 3916 598 3958 cum
615 3894 816 3958 multitudine
838 3895 1031 3975 properavit.
1053 3914 1147 3976 qnem
1165 3913 1239 3953 oum

143 3977 347 4040 vehementer
381 3980 432 4042 ille
456 3987 629 4056 metueret,
660 3978 791 4041 accersit
823 3999 895 4039 eum
916 3976 1060 4037 suasoriis
1082 3975 1185 4037 serbis
1207 3983 1240 4038 et

143 4061 304 4142 precibus,
327 4071 423 4146 atquo
444 4063 515 4144 ipsis
539 4061 762 4125 execrabilibus
789 4060 941 4143 principis
960 4080 1071 4121 eorum
1094 4059 1239 4142 symbolis

145 4141 327 4222 destinatis,
356 4148 445 4228 virga
480 4145 625 4208 videlicet
651 4153 745 4228 atque
776 4143 917 4204 sandaliis
945 4141 1241 4224 pseudoprophetae

142 4229 301 4308 Maumcd,
325 4241 468 4312 expetens
491 4237 527 4292 ut
546 4229 585 4292 ad
607 4249 638 4292 ss
660 4228 710 4290 viu
724 4228 815 4291 unius
832 4216 893 4289 diei
913 4225 1141 4304 diverteretur,
1162 4247 1240 4313 (ura-
