3050 4900
433 394 571 461 NOTAE
600 393 888 462 possesiones.
1123 392 1194 462 577

109 569 279 654 Ἀντιοχείᾳ
297 567 353 632 ἄπ’
376 570 483 634 arros
509 568 746 651 ἄποσχίσανεες.
794 573 847 657 qni
866 585 936 657 post
962 586 1134 655 provectum
1156 575 1201 636 ari

108 657 306 740 episcopatum
325 654 473 716 Ennot'nm
494 656 644 717 Arianam
674 657 866 725 Antiochiae,
894 677 925 714 se
943 657 984 717 ab
1003 655 1047 716 eis
1066 679 1197 740 separa.

109 752 226 800 verant.
267 757 332 820 quo
354 747 387 800 ct
407 739 717 819 indicaturpriorem
729 738 819 801 luisse
829 737 950 800 Paulini
972 740 1197 821 episcopatum,

111 841 166 882 nec
186 821 243 881 nisi
263 820 424 882 schismate
446 822 485 881 ub
507 843 545 884 co
578 824 694 882 facturn
714 821 874 883 hlcletium
896 823 1095 902 episcopum:
1117 846 1199 907 quae

109 913 141 966 et
161 904 242 966 rutio
265 905 305 964 sit
325 920 386 966 cur
406 905 621 967 occidentales
649 905 870 985 propensiores
902 907 1018 964 luerint
1041 907 1071 966 in
1091 907 1198 967 Pauli·

110 1009 193 1064 num,
214 987 337 1071 sintque
359 989 559 1069 postmodum
580 989 704 1071 grunius
730 990 831 1070 questi
862 987 894 1047 in
915 987 1095 1050 Flavianum
1117 1011 1197 1070 pro.

113 1071 206 1132 ducto
228 1071 390 1133 schismate
410 1071 527 1134 Meletii
549 1091 775 1148 successorem,
798 1078 833 1132 ut
854 1079 967 1131 ructor
986 1072 1069 1132 infru
1091 1074 1198 1135 Tiseo.

111 1153 186 1216 dosii
207 1175 278 1214 sun.
303 1152 354 1217 15.

194 1258 262 1339 105,
286 1259 334 1322 15.
379 1261 412 1336 ἐξ
434 1259 608 1343 ἐμφανείας
636 1257 692 1341 εῆς
713 1259 870 1339 παναγίας
890 1253 1052 1336 dcccdccc]
1072 1266 1200 1323 sanctis-

112 1343 190 1404 sima
210 1344 263 1404 dei
277 1347 421 1424 genitrice
452 1367 537 1406 sitam
559 1346 627 1406 ittn
647 1347 808 1420 virtatem,
830 1365 870 1404 ac
884 1347 1087 1425 praesentiam
1108 1348 1199 1407 echi.

109 1425 197 1486 ίιιιιιτ.
218 1427 263 1486 sic
285 1428 398 1488 Christi
421 1449 471 1490 sn.
494 1423 566 1505 409,
584 1427 799 1489 chulcherie
821 1427 865 1486 sit
886 1427 1056 1489 exSosom.
1077 1421 1124 1489 iu
1145 1429 1202 1491 καί

110 1508 198 1582 θιιάς
218 1509 390 1592 ἐμφανείας
417 1507 563 1590 η’ξιοίιτο·
605 1532 683 1595 qaae
701 1511 816 1572 divina
836 1511 953 1572 visione
973 1510 1157 1591 ὤμοιιν-σοιν.

194 1614 263 1694 108,
282 1614 313 1682 3.
354 1610 570 1700 φθονήσαντας
597 1615 643 1714 ‘i
669 1611 844 1696 πράγματι]
875 1617 970 1678 Barb.
993 1616 1086 1702 Peyr.
1107 1616 1198 1678 Cedr.

110 1709 168 1764 etc.
190 1699 246 1760 etsi
265 1700 334 1760 Pul.
361 1696 591 1780 προστάγματι.
622 1699 699 1760 illud
720 1700 840 1762 melius.
885 1701 994 1761 videns
1013 1701 1060 1761 rei
1079 1702 1200 1762 invidia

108 1796 211 1844 ιιιοιοι.
240 1777 295 1844 τὸν
323 1779 549 1862 οονεακτήριον
567 1777 660 1860 λόγον
687 1776 931 1860 ἐπιδειξάμενος.
949 1786 1085 1844 oratione
1106 1785 1199 1860 etta,

109 1889 145 1926 ac
163 1867 262 1944 dicta,
286 1889 347 1949 qrta
364 1866 541 1927 discesseras
559 1867 630 1927 bene
645 1880 838 1950 precaretur,
861 1887 900 1926 ac
917 1869 989 1926 vale
1009 1868 1129 1929 diceret.
1154 1869 1199 1927 sic

110 1948 255 2009 nimirum
285 1948 364 2030 ipse:
394 1945 636 2027 προιρεπτικοὸς
667 1943 744 2030 ἡμῖν
775 1943 965 2028 pristinam
997 1948 1118 2030 λόγους,
1138 1945 1199 2028 s'yui

110 2029 185 2109 ὑμῖν
203 2028 358 2093 ἀποδώσω
386 2028 443 2092 τὸν
463 2026 695 2112 συντακτηριον.
746 2053 894 2092 sermones
916 2033 1070 2108 instruite,
1092 2034 1202 2116 quihus

113 2116 267 2177 abeuntem
283 2116 514 2199 prosequamini
521 2137 533 2191 ,·
555 2137 608 2196 ego
620 2116 707 2179 vohis
718 2115 950 2176 valedictorinm
963 2116 1098 2178 reddam.
1121 2115 1200 2178 male

112 2197 263 2259 Buccerd.
284 2200 388 2260 habt'ta
407 2199 446 2258 de
462 2219 540 2280 pace
559 2199 677 2278 agenda
697 2201 856 2274 orationc3
886 2197 958 2282 Xyl.
977 2203 1016 2260 de
1035 2200 1199 2260 concordia

109 2281 328 2343 mratintcnda:
350 2281 540 2362 Buroniiqne
557 2284 734 2379 interpres:
757 2289 794 2341 ut
815 2291 846 2341 ct
870 2285 972 2343 Anasi.
992 2285 1201 2366 compositorio

107 2387 253 2426 sermone.
272 2365 468 2443 προσέθηκεν
488 2365 532 2447 τῷ
550 2365 698 2445 σνμβολῳ
718 2358 776 2442 τήν
795 2357 961 2441 θεολόγιιιν
980 2365 1039 2423 τοῦ
1059 2358 1197 2440 ursina·

109 2468 181 2519 τος·
233 2447 401 2535 doctrirtam
429 2447 608 2530 despicitur
629 2449 727 2508 sartcti
756 2447 875 2507 deitate.
900 2448 1000 2508 asinus
1024 2446 1128 2511 reddit
1150 2449 1201 2510 in·

111 2543 210 2614 terpr.
230 2544 367 2595 sanctam
386 2530 425 2592 de
446 2533 553 2616 spirita
576 2545 681 2592 sancto
699 2530 876 2595 doctrinam.

195 2636 265 2717 109,
291 2636 339 2703 18.
381 2630 490 2721 φήμης
518 2637 662 2716 ψευδοῦς
680 2630 882 2718 ἐξελθούσης]
903 2636 1078 2717 cumfalsut
1098 2656 1201 2699 aanor

103 2722 330 2805 praebuisset.

189 2828 270 2894 1th.
296 2824 347 2889 19.
396 2826 652 2907 α’νασυρθὲνεες]
681 2828 782 2910 pulum
813 2826 945 2907 detecti,
970 2846 1008 2890 sc
1028 2826 1197 2912 prodeules

107 2911 214 2996 quales
236 2911 268 2972 in
287 2910 458 2973 catholicos
481 2923 591 2976 essent.
613 2913 669 2974 καί
690 2909 832 2974 ἕκαστον.

194 3025 266 3102 lli,
286 3024 318 3088 8.
366 3022 505 3101 ἐκώλυσε
532 3022 589 3090 τὸν
614 3024 670 3089 c’ni
696 3027 752 3109 τῆς
778 3028 946 3106 μετανοίας
976 3019 1199 3105 πρεσβύτερον]

107 3110 256 3174 Nectario
270 3110 486 3195 presbyterum
502 3111 713 3193 poenitentiae
725 3112 940 3194 praepositum
957 3110 1112 3169 amoventi
1140 3108 1202 3167 ini-

108 3198 206 3277 quior
227 3194 304 3255 milri
327 3195 407 3255 visus
436 3195 471 3262 Ρ,
493 3198 603 3272 Goer,
636 3216 708 3255 cum
729 3217 795 3257 rem
818 3194 869 3255 ille
891 3192 1070 3274 disciplinae
1092 3190 1201 3271 egerit,

110 3277 252 3361 nihilque
273 3276 345 3340 inde
358 3278 442 3360 apud
465 3280 619 3361 antiquos,
642 3279 726 3339 velut
744 3278 956 3361 poenitentiae
976 3282 1202 3334 sacramentum

108 3362 212 3443 ipsum
233 3360 378 3438 violarit,
405 3371 497 3423 notae
518 3362 702 3443 reportarit.
751 3362 811 3423 suit
833 3380 955 3441 semper·
973 3356 1107 3418 Nectarii
1130 3376 1201 3416 san.

107 3454 160 3506 cte
183 3446 354 3523 memoris,
374 3444 566 3528 modumque
586 3446 672 3505 illum
699 3443 911 3527 poenitentiae
942 3439 1095 3522 publicae,
1117 3440 1201 3501 unde

107 3526 142 3588 id
164 3526 298 3590 scandali
328 3536 436 3590 ortum
471 3538 565 3605 essct,
587 3531 673 3590 velut
694 3538 815 3590 tantum
839 3527 915 3588 iuris
935 3519 1073 3605 humani,
1095 3532 1127 3601 et
1148 3544 1199 3583 cc-

106 3612 294 3673 clesiesticee
316 3612 555 3690 consuetudinis,
580 3612 611 3671 in
636 3634 701 3690 sus,
721 3612 773 3673 cui
794 3612 863 3673 iure
882 3606 1083 3693 patriarchali
1106 3628 1199 3689 prue-

107 3694 241 3773 sitlebet,
261 3695 389 3759 ecclesie
410 3696 537 3759 abolere
553 3697 666 3778 potuit.

193 3802 279 3869 tbtd.
291 3806 339 3872 19·
391 3803 521 3876 οἰκείαις
539 3799 636 3882 χερσὶ
656 3799 781 3882 λαβαῖς]
806 3800 854 3862 rix
874 3796 985 3861 adduci
1008 3804 1201 3892 possum‚'ut

105 3884 149 3949 de
170 3886 301 3969 leprosis
319 3888 505 3969 peculiarius
526 3888 687 3969 accipiam,
709 3888 821 3969 quibus
841 3885 905 3966 ipse
928 3884 1067 3945 munibus
1077 3878 1201 3943 Placrlla

107 3974 246 4052 Auguste
266 3972 477 4047 ministraret3
499 3980 531 4034 et
553 3994 614 4032 non
629 3972 724 4052 magis
745 3969 783 4030 dc
800 3988 938 4049 corpore
959 3966 1083 4041 mutilis,
1107 3973 1139 4023 at
1162 3984 1202 4023 ue

105 4053 183 4197 iilis
204 4054 377 4199 dehillibuu
406 4056 508 4119 scobis
531 4057 658 4130 sorsnn,
691 4053 876 4135 foetidisque
905 4048 1056 4113 eiusmodi
1085 3985 1203 4109 molhis

119 4160 138 4197 ο
164 4150 270 4199 oranti
295 4158 339 4205 ns.
418 4162 425 4185 ι

203 4250 271 4321 113,
284 4250 331 4310 19.
375 4242 429 4305 διὰ
450 4246 491 4307 τὰ
512 4240 637 4330 μητιέτα
650 4244 806 4329 στρατοῦ]
825 4256 951 4328 propter
970 4237 1120 4302 exercitas
1141 4258 1203 4298 mc·

216 4368 394 4439 Theophanes
414 4371 450 4424 tt.
967 4362 1000 4416 ³7
