3050 4900
308 349 378 446 'tos
457 373 666 442 isurun
697 373 893 440 ursroau
922 369 1230 440 accrasusnca

306 545 440 626 urcium,
464 543 551 630 quod
570 553 616 608 est
637 545 733 606 insula
754 565 864 628 magna
893 546 973 606 latri.
1016 545 1126 628 quibus
1147 542 1259 604 auditis
1279 539 1394 622 clinga.

301 645 380 706 nus,
401 627 537 691 collectis
566 629 782 712 potentatibus
812 629 892 705 suis,
916 628 955 691 ad
982 629 1121 688 Romana
1143 647 1218 688 rura
1240 625 1396 710 procedit,

306 721 469 859 snas
487 710 966 860 inas·

307 880 396 944 iactis
420 877 550 942 fluvium
569 886 808 958 transmearunt,
835 886 867 939 et
887 878 1002 940 bellum
1025 887 1175 976 praetore
1195 877 1303 938 Prisco
1323 895 1399 936 cnm

308 959 439 1044 chagani
469 961 539 1024 liliis
570 961 725 1024 inierunt:
751 963 964 1024 comentiolus
991 982 1074 1023 enam
1096 962 1268 1022 infirmatus
1290 959 1322 1020 in
1340 958 1399 1018 Bi·

308 1045 442 1107 minacin
475 1045 573 1108 insula
601 1045 737 1107 sedebat.
786 1067 920 1128 eumque
953 1065 1013 1128 per
1032 1045 1143 1105 multas
1161 1043 1256 1106 horas
1277 1042 1398 1104 bellans

211 1125 456 1215 pusterulae
477 1136 510 1190 et
530 1127 576 1190 sol
599 1129 744 1190 trecentis
771 1131 986 1191 Romanorum
1015 1127 1209 1209 interemptis
1230 1125 1399 1188 occubuis-

309 1222 363 1288 set,
388 1218 539 1296 quattuor
559 1212 770 1274 barbarorum
789 1211 872 1274 milis
895 1212 1071 1294 perierunt.
1115 1211 1300 1272 intrinsecus
1318 1227 1397 1270 vero

308 1295 436 1358 militiae
465 1283 630 1358 ordinatae
659 1295 773 1356 iterum
802 1295 918 1356 bellum
948 1294 1111 1376 incipiunt,
1132 1302 1165 1356 et
1185 1294 1300 1355 iterum
1322 1303 1397 1354 octo

308 1379 395 1440 milia
414 1379 623 1441 barbarorum
656 1378 847 1440 interimunt
895 1377 1038 1440 similiter
1061 1385 1094 1439 et
1114 1377 1209 1439 tertia
1233 1376 1284 1438 die
1302 1396 1399 1459 prae-

309 1463 418 1524 liantes
440 1462 478 1524 ob
504 1461 720 1524 excelsioribus
731 1461 865 1522 Romani
885 1461 925 1523 ad
938 1462 1091 1522 barbaros
1103 1465 1307 1536 accesserunt,
1325 1458 1400 1520 lios-

310 1567 373 1630 que
392 1554 547 1608 vertentes
567 1544 608 1607 ad
627 1553 769 1628 stagnum
789 1552 885 1629 atque
930 1545 1065 1621 ellentes,
1082 1547 1197 1606 svam
1208 1545 1321 1606 multos
1341 1563 1401 1604 ue·

310 1639 464 1692 caverunt
484 1649 519 1690 er
540 1627 607 1706 illis,
630 1628 714 1689 inter
735 1647 817 1724 quos
834 1635 867 1707 et
887 1565 1016 1710 allegari
1037 1627 1140 1688 nemts'
1161 1637 1234 1688 snut
1253 1626 1399 1703 ultano.

310 1711 458 1796 munique
478 1709 806 1772 illustremvictorrasn
827 1710 1007 1774 induerunt.
1049 1708 1203 1795 chaganus
1223 1729 1302 1772 vero
1323 1729 1400 1771 coa-

311 1793 443 1858 cervatis
465 1794 583 1856 viribus
604 1793 737 1878 copiosis
758 1803 872 1856 contra
891 1795 1048 1856 Romanos
1066 1793 1296 1878 progreditnrs
1316 1792 1400 1854 bello

311 1874 416 1940 satem
441 1883 585 1939 manente
612 1885 741 1940 vertunt
761 1877 894 1939 Romani
924 1877 1087 1955 barbaros,
1108 1886 1140 1940 et
1160 1877 1302 1938 omnibns
1325 1875 1402 1937 insi.

311 1961 452 2044 gniorem
473 1959 552 2022 lianc
573 1961 751 2023 retulerunt
765 1961 938 2022 victoriam.
962 1961 1083 2022 interea
1100 1961 1224 2024 Priscus
1248 1967 1404 2044 quattuor

311 2043 435 2104 milibus
457 2043 627 2126 praemissis
649 2043 758 2106 Tisson
779 2047 806 2121 ‘l
826 2063 947 2104 amnem
975 2051 1164 2106 transmeare
1185 2051 1217 2105 et
1237 2044 1404 2126 explorare

311 2127 524 2188 harbarorum
534 2127 696 2208 praecepit
711 2133 824 2188 motus.
835 2134 867 2188 st
879 2147 956 2188 aero
968 2127 1096 2188 barbari
1108 2126 1185 2188 nilsil
1197 2145 1309 2188 eorum
1321 2145 1403 2210 qnae

312 2210 395 2270 fucta
417 2210 543 2271 fuerant
575 2218 812 2294 cognoscentes,
834 2210 946 2271 festum
970 2209 1053 2272 diem
1072 2209 1272 2272 celebrabant
1291 2217 1324 2271 at
1342 2229 1403 2290 pa-

314 2293 393 2354 riter
413 2293 670 2355 convivabantur.
712 2294 743 2354 in
764 2291 822 2355 lios
831 2292 962 2355 Romani
983 2294 1125 2355 clanculo
1145 2291 1314 2355 incidentes
1334 2313 1404 2353 ma-

313 2377 430 2438 rimum
452 2376 575 2459 operati
604 2383 676 2436 sunt
698 2387 835 2438 mesum:
863 2377 993 2459 triginta
1019 2377 1137 2462 qnippe
1154 2377 1238 2438 milia
1259 2375 1403 2458 Gipado-

315 2480 386 2523 rum
406 2461 680 2544 barbarorumque
701 2461 837 2522 aliorum
868 2461 1063 2538 occiderunt,
1084 2472 1117 2523 et
1139 2462 1265 2543 copiosa
1285 2458 1405 2544 praeda

315 2544 538 2627 comprehensa
564 2552 771 2605 revertuntur
788 2543 829 2605 ad
850 2542 1002 2605 Priscum.
1025 2544 1179 2627 chaganus
1201 2552 1305 2605 autem
1327 2564 1405 2605 rur-

314 2648 363 2691 sus
387 2626 600 2709 potentatibus
633 2628 796 2690 cumulatis
828 2629 915 2688 venit
945 2627 986 2688 ad
1007 2630 1137 2703 latrum,
1158 2635 1191 2689 et
1218 2627 1298 2689 inito
1318 2626 1404 2689 bello

215 2748 242 2801 p,
255 2710 444 2783 mbarbari
464 2716 655 2792 superantur
682 2717 714 2771 et
743 2709 775 2771 in
808 2711 905 2771 amnis
925 2707 1049 2772 fluentis
1071 2720 1232 2788 necantnr,
1252 2718 1405 2795 perenut-

317 2814 378 2877 que
398 2792 488 2853 simul
512 2814 583 2853 cnm
612 2792 657 2851 bis
685 2790 813 2873 plurimi
847 2810 975 2877 qnoque
1004 2794 1158 2856 Sclavinis
1188 2794 1275 2855 vivos
1297 2802 1404 2855 antem

320 2875 528 2938 obtinuerunt
555 2879 691 2935 Avarum
720 2874 846 2957 quidem
866 2876 928 2936 tria
949 2877 1051 2955 milia,
1079 2876 1297 2939 sclavinorum
1326 2896 1405 2939 vero

319 2958 514 3041 octingentos
546 2964 578 3019 ct
607 2955 765 3041 Gipedum
784 2958 846 3019 tria
864 2958 968 3038 milia,
989 2980 1047 3022 nec
1069 2980 1132 3021 non
1151 2970 1185 3021 et
1205 2960 1268 3023 duo
1287 2960 1406 3021 barba.

318 3061 439 3103 rorum.
481 3060 582 3122 porro
605 3039 759 3123 chaganus
783 3040 823 3102 sd
843 3042 1029 3104 Mauricium
1042 3045 1265 3125 imperatorem
1289 3045 1407 3127 legatos

319 3126 418 3203 misit,
438 3132 546 3208 captos
569 3124 709 3207 recipere
736 3122 827 3185 nisus.
866 3135 899 3187 st
929 3125 979 3187 ille
999 3126 1139 3191 nondum
1168 3134 1328 3212 comperta
1353 3130 1407 3187 in-

319 3208 400 3293 clyta
425 3208 640 3269 Rornanorum
660 3206 795 3269 victoria
818 3208 928 3271 scribit
950 3208 1059 3274 Prisco
1085 3210 1174 3295 quod
1192 3213 1307 3273 Avares
1328 3210 1406 3273 elas-

319 3312 399 3377 gsno
421 3290 568 3354 redderet
589 3296 721 3353 tautum.

403 3374 524 3437 Eodem
545 3394 672 3459 qnoque
686 3394 769 3436 anuo
788 3374 839 3437 vir
859 3374 987 3459 qnidam
1000 3374 1186 3439 monachico
1206 3376 1406 3439 circumami-

222 3466 389 3553 gemetica
410 3457 518 3519 habitu
549 3467 582 3519 et
610 3458 640 3518 in
660 3458 811 3540 religione
829 3460 950 3537 clarus3
979 3460 1088 3539 spatha
1116 3458 1272 3521 denudata
1292 3483 1312 3520 a
1331 3460 1406 3521 foro

321 3538 816 3707 tltltltsttttltlgltl
835 3542 1408 3688 litttllfflttttslttt'lt‘t

320 3708 395 3771 liter
413 3714 446 3769 et
466 3704 662 3769 Herodianus
693 3707 845 3769 Mauricio
875 3646 1074 3785 mauratel,
1083 3730 1165 3793 quse
1192 3709 1250 3771 sibi
1284 3710 1409 3771 uenat

320 3799 462 3867 ventura,
480 3788 645 3874 praedixit.
690 3790 881 3875 imperatore
903 3813 981 3855 sero
1006 3802 1103 3855 noctu
1123 3792 1307 3855 discalceato
1328 3792 1410 3854 leta.

322 3876 405 3939 niam
424 3894 496 3936 cunr
516 3882 584 3937 tota
605 3874 684 3936 nrlss
703 3884 824 3957 agente,
843 3884 876 3937 st
889 3884 1070 3938 transeunte
1089 3875 1129 3937 ad
1149 3876 1303 3959 Carpisna
1324 3876 1408 3951 loca,

321 3960 552 4021 tumultuantur
571 3976 606 4019 ex
620 3958 823 4021 multitudine
837 3959 973 4043 quidam,
997 3968 1031 4021 st
1051 3968 1163 4021 contra
1185 3960 1409 4041 imperatorem

322 4042 437 4184 lapides
458 4042 585 4117 iaciunt,
607 4041 652 4121 ita
676 4049 712 4103 nt
730 4042 781 4103 vir
794 4042 1053 4124 imperatorcum
1064 4042 1241 4105 Theodosio
1263 4044 1327 4107 lilio
1349 4063 1407 4105 suo

321 4144 353 4187 ss
366 4133 493 4187 caretur
513 4130 546 4187 et
566 4125 742 4191 orationem
762 4128 936 4211 compleret
963 4124 1048 4209 apud
1066 4126 1261 4196 Blachernas.

356 4245 504 4318 ¹)lllssuns
524 4244 585 4297 Vst
