3050 4900
538 338 590 403 mi
617 336 880 433 rnnoennnp
1077 378 1085 407 i
1183 334 1257 407 sss

162 526 220 587 lios
238 522 395 586 insecutus
417 530 464 587 est
490 544 589 609 usquo
609 524 649 588 ad
670 546 801 590 amnem.
852 533 886 590 et
907 547 981 591 cum
1000 527 1132 591 venisset
1150 526 1258 612 Eplis-

162 630 231 673 suni
252 614 285 669 et
308 608 390 691 apud
413 606 463 669 dei
477 606 582 669 locuni
602 610 761 673 orationes
777 611 905 688 fecisset,
926 612 1150 673 commercium
1176 634 1259 674 nun-

162 693 320 771 dinarum,
343 689 429 777 quod
451 701 576 753 eentum
592 700 662 754 erut
682 694 750 755 anri
764 694 926 772 librarum,
949 695 1076 756 indulsit
1096 694 1135 755 ad
1156 696 1260 757 famu·-

163 777 263 839 latum
291 778 325 837 S.
346 775 469 837 loannis
502 777 647 858 apostoli.
701 779 839 861 Angusto
863 798 940 839 vcro
970 797 1073 841 inense
1093 780 1262 841 coronavit

163 862 339 943 imperator
353 857 552 922 Theodotem
571 858 797 925 cubiculariam
816 862 848 925 in
874 866 1058 947 Angustam,
1078 872 1110 926 et
1125 861 1262 945 despon-

162 944 243 1007 savit
264 965 331 1007 euni
351 942 471 1027 inique·

250 1069 339 1129 Anno
362 1062 486 1147 imperii
504 1065 551 1129 sui
565 1072 664 1143 seito,
686 1064 857 1129 indictione
877 1066 991 1150 prima,
1013 1066 1185 1149 celebrarit
1202 1068 1264 1130 im-

162 1162 297 1238 perator
320 1149 540 1211 Constantinus
560 1170 632 1211 cum
652 1147 819 1213 Tlieodote
846 1153 1029 1233 nuptiarum
1051 1152 1210 1236 principia
1230 1153 1263 1214 in

164 1238 283 1321 palatio
306 1234 336 1295 S.
349 1236 469 1295 Mamae
490 1253 550 1316 per
565 1233 629 1295 dies
645 1233 853 1331 quadraginta
866 1236 1137 1319 prolongatarum.
1159 1256 1264 1299 mense

163 1342 243 1385 vero
262 1316 375 1400 Aprilis
395 1316 532 1380 eiusdem
556 1316 735 1380 indictionis
756 1328 915 1380 nocturno
930 1330 1075 1401 tempore
1095 1322 1195 1381 factus
1217 1328 1264 1381 est

164 1410 394 1467 terraemotus
429 1401 459 1461 in
489 1400 585 1461 insula
608 1400 702 1461 Creta
728 1399 819 1462 vuldo
845 1404 1011 1483 torribilis,
1033 1424 1137 1465 mense
1158 1413 1263 1466 autem

164 1490 250 1551 binio
272 1486 371 1547 iactus
394 1495 441 1547 est
461 1484 734 1567 Constantinopoli
764 1485 857 1547 nimis
877 1484 1049 1549 horribilis.
1092 1485 1263 1549 Cardamus

165 1580 330 1655 praeterea
359 1568 502 1629 dominus
522 1567 692 1651 Vulgariiic
722 1566 922 1633 denuntiavit
948 1570 1134 1654 imperatori
1159 1569 1265 1632 dicens

165 1662 242 1717 “aut
265 1654 371 1717 tribue
392 1652 469 1735 inibi
490 1660 603 1733 pactu,
626 1660 681 1713 ant
711 1651 834 1715 venium
856 1651 896 1714 ud
916 1674 1047 1717 auream
1067 1674 1165 1737 usque
1183 1671 1265 1737 por·

165 1748 243 1817 tam,
264 1746 298 1803 et
320 1736 473 1798 demoliar
483 1735 666 1797 Thracem.’'
709 1744 756 1797 ast
779 1736 822 1797 im
865 1743 955 1801 rator
972 1738 1076 1820 posita
1097 1736 1213 1821 equina
1232 1737 1265 1799 in
1311 1794 1315 1801 .

165 1844 280 1905 mappa
303 1827 445 1883 stercora
479 1816 649 1879 transmisit
668 1818 718 1895 ei,
740 1756 882 1903 “quelli''
913 1820 1056 1905 inquiens
1077 1824 1132 1883 “te
1153 1817 1266 1883 decere

165 1914 258 1990 pacta
283 1901 449 1987 praevidi,
471 1901 625 1963 transmisi
653 1902 720 1973 tilii.
774 1924 884 1965 verum
916 1906 991 1988 quia
1012 1924 1101 1967 senex
1123 1924 1167 1978 es,
1189 1906 1266 1965 nolo

167 2001 204 2053 ut
225 1989 363 2071 fatigeris
394 2008 491 2070 usque
519 1986 558 2048 ad
582 1986 660 2047 haec
682 1985 767 2063 loca,
789 1986 844 2049 scd
865 2008 924 2069 ego
947 1989 1039 2051 venio
1061 2008 1161 2071 usque
1182 1991 1268 2051 Mar·

168 2074 255 2150 cella,
278 2082 310 2135 et
332 2083 368 2133 tu
389 2070 453 2146 exi,
477 2075 509 2131 et
553 2067 681 2152 nicquid
708 2068 895 2133 iudicaverit
916 2071 992 2135 deus
1011 2072 1098 2134 fiat-’²
1140 2080 1268 2135 etcum

169 2158 296 2219 misisset
317 2155 492 2239 imperator
514 2091 553 2214 od
575 2152 728 2214 ulteriora
754 2152 905 2232 themata,
939 2154 1092 2238 congessit
1112 2156 1268 2237 populum

169 2263 260 2303 suum
281 2249 312 2301 ct
333 2238 419 2301 venit
441 2258 538 2321 usque
561 2228 770 2313 Versinitiini,
793 2245 825 2298 et
845 2237 1016 2301 Condamus
1039 2258 1137 2320 usque
1158 2240 1199 2302 ud
1218 2239 1367 2316 lo·p.t2⁹

172 2348 247 2387 cuin
268 2321 435 2394 Abroleva5
469 2328 501 2383 et
529 2340 601 2382 cum
627 2319 823 2397 formidaret,
843 2324 957 2384 mansit
985 2322 1018 2383 in
1039 2341 1180 2387 nemore.
1222 2328 1270 2385 ast

172 2408 345 2492 imperator
360 2406 541 2468 confortato
563 2404 684 2494 populo
700 2424 756 2468 sno
778 2403 857 2466 abiit
870 2425 969 2489 usqne
988 2405 1029 2467 ad
1050 2405 1154 2466 locum
1162 2404 1269 2466 Abro-
1381 2426 1386 2436 ·

168 2493 279 2574 levam,
303 2491 435 2554 invitans
459 2509 530 2550 eum
551 2509 611 2571 per
632 2487 695 2550 dies
718 2487 827 2550 decem
848 2495 883 2550 et
901 2498 1033 2572 septem.
1076 2496 1110 2548 ut
1130 2489 1183 2550 ille
1203 2509 1268 2548 non

168 2587 216 2644 est
237 2597 338 2653 arnus,
360 2574 414 2638 sed
437 2571 601 2656 repedavit
622 2572 715 2655 fugax
738 2568 778 2632 ad
800 2590 867 2632 sua.

250 2689 371 2755 Eodem
393 2709 521 2774 quoqne
547 2673 629 2750 nnn'o
662 2695 695 2750 et
722 2685 837 2750 Arabes
867 2695 1024 2750 venerunt
1050 2707 1085 2750 us
1109 2708 1149 2750 ne
1170 2689 1271 2750 Δωσ-

169 2778 262 2854 rium,
282 2785 315 2837 et
335 2793 408 2836 cum
426 2773 502 2834 niliil
523 2771 739 2854 profecissent,
761 2771 878 2836 reveni
899 2778 982 2851 suut,
1003 2709 1123 2856 praeda
1145 2769 1177 2833 in
1202 2771 1267 2833 cir.

168 2879 367 2944 cuniquaque
389 2856 569 2941 regionibus
593 2857 686 2918 iactu.

253 2977 375 3038 Eodem
397 2981 502 3036 antem
527 2992 610 3033 anno
639 2971 730 3033 Plato
751 2967 936 3032 Sacudionis
967 2968 1062 3033 abbas
1082 2992 1116 3034 sc
1134 2969 1269 3032 abscidit

171 3083 189 3122 a
211 3058 433 3121 communione
461 3055 581 3118 Tarasii
604 3051 815 3138 patriarchae,
834 3073 897 3152 pro
927 3075 966 3116 eo
987 3052 1072 3151 quod
1093 3055 1268 3136 imperato·

172 3167 237 3206 rem
261 3145 292 3205 in
316 3140 569 3204 communionem
591 3139 756 3222 receperit,
779 3147 812 3200 et
838 3137 1010 3199 institutori
1031 3137 1164 3199 tondere
1186 3159 1267 3200 uxo-

172 3251 240 3291 rem
261 3227 324 3290 eius
346 3225 494 3300 istoriam,
517 3231 550 3286 et
583 3221 695 3306 ioseph
724 3221 880 3284 monacho
904 3229 936 3282 et
957 3220 1062 3284 abbati
1086 3219 1268 3282 monasterii

173 3309 259 3396 quod
279 3309 455 3394 appellatur
484 3305 703 3370 Tanchathara
731 3324 888 3370 coronare
914 3325 986 3366 eum
1007 3325 1079 3366 eum
1100 3302 1268 3366 Theodoto

171 3394 380 3480 praeceperit.
423 3389 597 3476 quodcum
619 3388 776 3453 didicisset
795 3387 981 3476 inperator,
1003 3387 1096 3452 misso
1109 3385 1266 3448 Bardanin

171 3479 306 3564 patricio
331 3485 362 3540 et
382 3473 559 3540 scholarum
581 3473 775 3550 domestico,
804 3480 898 3556 atque
920 3473 1036 3534 Ioanne
1064 3469 1180 3534 comite
1199 3469 1267 3530 Ob-

171 3563 282 3646 nequii,
301 3561 466 3624 Platonem
486 3558 663 3622 introduxit
682 3558 715 3619 in
738 3556 859 3632 urbem,
879 3561 913 3616 et
933 3553 1058 3618 reclusit
1078 3557 1161 3616 iutra
1180 3552 1267 3615 clau·
1318 3579 1321 3584 ·

172 3655 234 3710 stra
257 3647 289 3707 iu
312 3644 429 3728 templo
452 3641 604 3725 principis
629 3639 768 3718 militiae,
791 3635 879 3723 quod
900 3648 947 3702 est
969 3638 1002 3700 in
1022 3637 1150 3724 palatio.
1192 3633 1266 3699 reli·

173 3751 252 3814 qnos
276 3749 353 3791 sero
378 3725 547 3788 monachos
569 3747 641 3788 cum
656 3721 822 3808 nepotibus
842 3723 907 3785 eius
920 3744 1082 3806 percussos
1100 3719 1192 3784 exilio
1213 3739 1268 3782 re-

172 3812 287 3896 legavit
308 3811 392 3896 apud
412 3809 685 3887 Thessalonicam
713 3807 829 3952 apibus
860 3806 1069 3870 auxiliabatur
1085 3812 1189 3866 mater
1206 3803 1267 3863 im.

172 3897 350 3980 potatoris,
371 3905 521 3979 tunquam
554 3893 600 3956 liis
622 3891 676 3976 qui
707 3891 774 3952 fiio
794 3909 853 3954 suo
872 3891 1057 3956 resistebant
1077 3897 1110 3954 ct
1130 3885 1268 3950 confuu-

174 3979 302 4044 debant.

256 4107 347 4168 Anno
368 4127 446 4170 sero
469 4099 593 4186 imperii
616 4099 663 4163 sui
679 4096 823 4182 septimo,
844 4117 949 4159 mense
968 4115 1044 4157 vero
1056 4093 1303 4178 Septembri0,p.
1318 4093 1375 4159 isc

173 4211 311 4275 egressus
331 4199 378 4255 cst
404 4192 579 4274 imperator
611 4203 684 4248 cum
710 4190 812 4247 matre
833 4202 907 4259 sua,
937 4188 974 4244 ut
995 4177 1152 4243 odeiieret
1182 4177 1267 4262 apud
