3050 4900
311 311 380 379 112
454 313 665 382 anastasii
693 311 888 384 utstontt
915 314 1230 386 Eccumrtsrrcn

305 485 413 560 modo,
435 485 571 564 domina,
592 486 638 550 lais
660 487 814 572 rationem
835 486 959 566 redde,'’
979 495 1012 552 ct
1032 487 1216 552 ostendebat
1233 489 1262 552 ei
1278 508 1388 572 equos.

305 581 336 632 at
358 590 434 632 uero
456 571 630 654 imperator
651 572 775 654 rogavit
798 595 870 634 enm
888 593 993 634 secum
1007 572 1206 650 manducare,
1226 583 1258 635 ct
1279 573 1390 654 pacili-

303 653 366 716 cati
390 663 469 716 sunt.
511 653 621 718 eodem
640 675 718 718 vero
752 675 836 718 anno
861 657 976 718 factum
1000 665 1046 718 est
1072 656 1188 718 bellum
1208 657 1294 718 circa
1312 657 1389 716 Sar-

303 735 420 820 gathon
450 741 665 802 Romanorum
696 748 793 824 atque
820 740 987 804 Persarum
1004 761 1169 825 magnum,
1189 748 1222 804 ct
1245 740 1389 804 vicerunt

302 819 446 896 Romani.

385 921 476 982 Nono
496 940 577 982 anno
600 921 724 1004 imperii
747 921 852 985 lmtini
875 920 1040 985 llormisda
1065 944 1119 986 rex
1138 922 1304 986 Persarum
1326 925 1387 984 ttr-

201 1001 469 1080 pullariorum
503 1005 613 1067 ducem
635 1007 801 1068 Persarum
823 1005 970 1068 ordinans
995 1006 1078 1068 misit
1098 1009 1313 1068 Romanorum
1335 1027 1388 1066 re-

299 1088 425 1172 gionem
453 1090 661 1171 depopulari;
695 1090 749 1173 qai
780 1087 895 1171 praeda
926 1087 1025 1152 multa
1053 1098 1145 1172 capta
1167 1111 1310 1152 reversus
1333 1099 1387 1150 est.

300 1192 364 1255 quo
386 1181 549 1254 comperto
572 1173 713 1251 lustinus,
736 1181 950 1235 consternatus
971 1173 1055 1235 mole
1073 1173 1274 1250 calamitatis,
1300 1173 1387 1254 capti

298 1275 402 1317 sensus
417 1254 599 1338 languorem
621 1257 765 1332 incurrit,
785 1267 818 1320 ct
833 1264 960 1340 pactum
977 1257 1082 1319 lacere
1099 1258 1181 1340 petit
1193 1257 1387 1332 Hormisdue,

299 1338 406 1422 quiid
429 1339 497 1402 fieri
521 1361 602 1402 anno
622 1341 785 1402 consensit.

380 1437 489 1500 Mundi
508 1459 589 1499 anno
609 1435 702 1516 6067,
721 1439 843 1501 divinae
859 1438 1083 1502 incarnationis
1098 1461 1181 1502 anno
1198 1437 1272 1514 567,
1291 1437 1386 1500 lasti-

298 1541 355 1620 ''¹¹’·
388 1522 562 1664 “dmm
590 1522 1386 1669 Ti¹³⁶¹³ltat⁰tlt¹tntt⁰tllttttmltlltt

297 1605 410 1748 ddideiri
430 1626 780 1772 Hissddssmidpdnam
800 1650 832 1750 in
853 1687 960 1752 diebus
976 1690 1152 1773 insignibus.
1195 1697 1265 1752 erat
1281 1699 1385 1752 autem

296 1769 471 1868 imperator
500 1771 631 1854 pedibus
664 1781 794 1856 captas,
830 1792 867 1834 ae
894 1793 953 1856 per
982 1771 1044 1836 lanc
1075 1773 1171 1858 magis
1198 1773 1230 1834 in
1267 1773 1384 1836 lectulo

297 1875 411 1917 limem·

198 1957 288 2026 11181
360 1945 553 2017 ‘Undecimo
576 1954 699 2038 imperii
719 1955 768 2019 sui
789 1977 871 2018 anno
890 1927 1065 2019 construxit
1084 1957 1217 2018 lustinus
1238 1977 1384 2038 magnum

142 2049 145 2056 '
295 2037 526 2124 aquaeductum
562 2039 720 2119 Valentis,
755 2049 789 2104 et
826 2039 953 2123 largitus
998 2047 1045 2102 cst
1070 2039 1142 2103 urbi
1173 2039 1383 2124 dapsilitatem

295 2143 457 2206 aquarum.

377 2229 572 2294 Duodecimn
596 2230 721 2313 imperii
740 2229 788 2294 sni
808 2251 889 2293 anno
904 2230 1036 2292 lustinus
1055 2229 1230 2313 imperator
1247 2252 1383 2315 synago.

293 2335 364 2397 gam
385 2315 613 2394 Hebraeorum,
636 2335 717 2399 quae
750 2323 820 2376 erat
841 2315 1113 2396 Constantinopoli
1134 2315 1166 2375 in
1187 2315 1384 2396 Clralcopra-

246 2424 250 2433 ’
294 2397 354 2476 tiis,
375 2397 509 2461 ablatam
529 2399 568 2461 ab
601 2397 642 2461 eis
661 2398 735 2461 fecit
756 2397 917 2461 ecelesiam
948 2397 1093 2461 dominae
1114 2408 1236 2462 sanctae
1258 2407 1384 2463 nostrae

292 2480 343 2545 dei
362 2482 543 2566 genitricis3
565 2504 645 2567 quae
664 2504 793 2565 magnae
810 2482 954 2566 proxima
974 2491 1021 2547 est
1039 2484 1195 2545 ecclesiae.

373 2590 606 2653 Tertiodecimo
627 2592 749 2674 imperii
769 2590 878 2655 lustini
901 2611 1001 2669 anno,
1022 2592 1139 2653 loanne
1159 2589 1381 2653 Constantino-

290 2674 432 2757 politano
454 2676 602 2737 defuncto
633 2676 797 2757 episcopo,
817 2674 988 2758 Eutychiae
1011 2675 1132 2757 recepit
1151 2674 1265 2737 iterato
1287 2675 1380 2736 thro-

292 2780 367 2819 num
387 2758 529 2820 eundem.
570 2766 700 2821 atvero
721 2760 895 2839 imperator
917 2758 1100 2835 infirmatus,
1121 2766 1155 2821 et
1172 2757 1342 2840 pauxillum
1361 2780 1380 2817 a

292 2840 443 2922 languore
456 2839 603 2916 dimissus,
622 2838 863 2903 advocavittam
899 2841 1057 2903 ontificem
1076 2849 1109 2903 et
1120 2851 1261 2903 senatum
1284 2864 1379 2925 qnam

291 2946 398 2985 omncs
419 2922 595 2985 sacerdotes
616 2935 648 2987 et
662 2926 755 3001 cives,
776 2933 809 2986 et
828 2863 964 2987 adducto
983 2924 1112 2986 Caesare
1126 2924 1255 2985 Tiberio
1277 2926 1381 3006 palam

293 3008 435 3071 omuibus
455 3006 624 3090 appellavit
644 3030 716 3070 eum
743 3010 983 3091 imperatorem,
1006 3007 1051 3069 laia
1074 3008 1266 3070 sermonibus
1289 3028 1378 3069 usust

291 3096 385 3155 “ecce
406 3091 491 3171 deus,
513 3092 567 3175 qui
587 3091 741 3155 benefecit
761 3091 829 3153 tibi.
869 3092 954 3155 hurac
981 3090 1121 3153 habitum
1145 3091 1219 3153 deus
1242 3090 1299 3152 tibi
1321 3090 1379 3152 de-

291 3176 357 3253 dit,
389 3198 452 3239 non
477 3196 552 3258 ego:
585 3173 707 3237 honora
739 3174 847 3253 illum,
879 3186 916 3238 ut
948 3184 984 3235 tu
1003 3196 1130 3258 quoqne
1153 3174 1316 3237 honoreris
1338 3174 1378 3236 ab

291 3260 368 3341 ipso.
390 3260 515 3323 honora
534 3267 667 3321 matrem
687 3268 785 3336 tuam,
805 3280 885 3343 qnae
903 3257 1071 3341 aliquando
1094 3267 1148 3319 tua
1168 3256 1293 3319 domina
1308 3258 1378 3320 luit.

291 3344 372 3405 nosti
392 3343 479 3427 quod
502 3342 640 3425 primum
664 3343 728 3406 eins
741 3364 846 3405 servus
867 3342 971 3419 fueris,
993 3363 1076 3403 nunc
1096 3351 1202 3403 autem
1224 3340 1313 3403 silius.
1336 3363 1378 3403 ne

190 3426 453 3508 anaugmtutern
482 3424 513 3487 in
544 3426 757 3511 sanguinibus;
780 3448 820 3489 ne
843 3426 1049 3487 communicer
1069 3425 1103 3486 in
1123 3422 1314 3497 homicidio;
1338 3446 1379 3485 ne

289 3510 404 3573 malum
425 3530 486 3593 pro
506 3512 588 3573 malo
613 3508 740 3581 reddas;
761 3532 801 3572 ne
819 3508 850 3571 in
872 3510 956 3572 malo
976 3508 1156 3571 inimicitiae
1174 3506 1279 3569 similis
1300 3508 1378 3569 mihi

204 3612 209 3625 ·
290 3594 462 3663 efficiaris„
482 3614 540 3676 ego
563 3595 654 3675 enim,
676 3602 713 3657 ut
732 3592 840 3671 homo,
862 3592 1003 3675 culparis
1028 3591 1143 3655 etenim
1163 3600 1196 3653 et
1217 3590 1377 3674 culpabilis

289 3681 388 3743 lactus
405 3702 472 3741 sum
494 3686 527 3740 et
548 3680 655 3759 recepi
674 3676 842 3739 secundnm
855 3686 983 3760 peccata
1000 3698 1079 3754 mea,
1100 3672 1153 3736 sed
1175 3696 1295 3735 cansam
1318 3674 1378 3751 ha·-¹

289 3766 372 3828 heho
394 3786 466 3827 cum
490 3762 537 3825 his
584 3761 616 3822 ui
637 3762 697 3823 hoc
717 3762 792 3823 mihi
815 3762 976 3833 fecerunt,
996 3767 1069 3821 ante
1087 3758 1225 3820 tribunal
1249 3758 1377 3820 Christi.

290 3869 353 3911 non
375 3851 476 3911 elevet
508 3857 540 3909 tu
597 3845 766 3909 inhabitas
797 3844 1060 3929 quemadmodum
1083 3864 1143 3903 me.
1184 3842 1229 3903 sie
1251 3840 1378 3903 attende

290 3932 433 3995 omnibus
451 3932 531 3995 sicut
551 3930 619 3993 tibi.
659 3930 738 3991 scito
760 3929 837 4013 quid
860 3928 976 4003 fueris,
997 3924 1120 4010 etquis
1141 3924 1237 3986 modo
1259 3926 1376 3987 existas.

289 4036 330 4077 ne
348 4016 518 4099 superbias,
538 4022 570 4077 et
592 4034 654 4075 non
667 4014 819 4096 peccabis.
862 4011 942 4075 uosti
960 4011 1027 4108 quis
1052 4007 1162 4070 luerim
1182 4017 1214 4069 et
1238 4012 1306 4092 qais
1325 4008 1377 4069 la-

289 4109 358 4162 ctus
377 4099 531 4163 extiterim
564 4107 596 4161 et
618 4097 753 4161 existam.
804 4118 910 4159 omnes
932 4096 979 4157 ista
1001 4092 1055 4153 lilii
1079 4092 1124 4153 tui
1146 4102 1218 4153 sunt
1231 4101 1264 4153 et
1284 4093 1374 4153 servi.

290 4184 345 4249 scis
368 4182 453 4269 quod
488 4202 564 4267 prae
595 4182 761 4247 visceribus
787 4181 862 4247 meis
887 4176 1110 4244 honoraverim
1139 4186 1182 4239 te.
1224 4175 1280 4238 laos
1303 4197 1375 4238 cum
