3050 4900
267 299 343 374 aba
635 309 677 372 tlt
711 303 988 372 morulanti

269 500 415 640 temtpore
437 491 617 557 includitur.
662 494 808 571 attende,
830 495 954 575 amabo,
974 491 1141 554 canoniam
1165 491 1237 554 enni
1265 513 1364 576 prac-

266 597 320 641 aen
362 623 370 639 .

351 706 423 779 115,
446 705 495 770 13.
542 697 698 784 περιελών
716 701 773 764 acl
794 697 835 764 ad
857 695 1022 784 γενόμενα]
1059 701 1189 764 maxima
1212 699 1277 764 dno
1299 699 1360 764 lla..

267 785 343 872 pitia
366 806 384 848 a
404 782 581 848 ‘Ibeodosio
606 787 725 883 Romae
743 783 864 849 sublata
882 787 950 882 tuse
971 794 1080 848 narrat
1098 785 1244 883 §cerates
1266 783 1317 846 lib.
1338 785 1360 848 5

266 868 433 1028 ltalia
457 867 1361 1038 1311111ἱῖΐοιῑέρέὲῗὲϊὲιξᾛξξῖί,(ὲῖζΐῖξξῗ

267 1037 434 1100 retricibus
455 1044 663 1116 constructae,
676 1033 716 1098 ad
732 1055 808 1119 quas
820 1034 969 1112 extranei,
992 1032 1042 1097 vel
1061 1035 1122 1097 eibi
1138 1035 1290 1118 capiendi,
1310 1035 1360 1096 val

267 1119 403 1183 lihidinis
425 1117 591 1201 explendae
611 1141 702 1182 causa
722 1118 871 1219 profecti,
897 1118 1039 1181 insidiosa
1062 1118 1196 1201 quadam
1217 1117 1361 1179 machina

266 1225 302 1266 er
330 1203 514 1268 meretriciis
544 1205 694 1287 cauponis
725 1223 758 1264 rn
786 1201 953 1288 pistrinum
983 1203 1190 1289 praecipitati,
1215 1201 1360 1263 adsum·

265 1307 347 1349 marn
369 1307 469 1371 unque
488 1295 677 1350 senectutem
698 1286 828 1365 molere,
852 1286 942 1348 etita
958 1285 1072 1347 iniurie
1092 1285 1220 1368 publico
1241 1285 1360 1346 servire

265 1370 468 1454 cogebantur.
508 1371 653 1436 alterum.
674 1370 818 1433 mulieres
850 1369 882 1430 in
904 1370 1059 1432 adulterio
1083 1368 1297 1452 deprehensas,
1318 1367 1360 1429 ad

265 1455 402 1537 lupanar
421 1454 529 1515 ductas
556 1455 757 1536 impudenter
778 1473 884 1518 rumne
912 1455 1047 1516 scortari
1069 1452 1228 1532 iubebant,
1254 1474 1289 1514 ac
1310 1449 1361 1512 in-

265 1538 360 1600 terim
383 1537 459 1598 dum
478 1535 631 1620 flagitiare
653 1536 766 1620 copula
777 1536 1038 1614 committeretur,
1058 1537 1184 1622 pulsatis
1206 1537 1361 1597 tintinna·
1420 1562 1426 1571 ⁸

263 1621 358 1701 buliu,
381 1621 413 1681 in
427 1640 540 1683 novam
560 1621 764 1705 ignominiam
783 1619 929 1683 lubenter
943 1619 1055 1702 lapsae,
1076 1631 1108 1683 et
1123 1641 1182 1702 per
1200 1619 1262 1680 vim
1282 1619 1360 1680 sub.

264 1715 354 1767 actae
375 1704 555 1765 inurebant.
606 1725 642 1766 er
674 1703 720 1767 bis
749 1703 923 1786 corrigitur
954 1704 1088 1766 Cedreni
1109 1702 1213 1778 locus,
1236 1721 1300 1786 qno
1320 1702 1361 1763 de

290 1787 403 1850 latrinis
421 1787 486 1848 aive
506 1788 670 1872 mancupiis
691 1807 783 1871 agens
798 1787 908 1850 scribit
928 1781 1127 1866 ἕμνιὴιιτοιιτα
1149 1787 1215 1863 ζῶα
1234 1788 1359 1848 aninra.

262 1809 320 1948 lla,
345 1879 474 1955 praeter
496 1871 540 1932 saa
569 1869 601 1932 in
622 1872 665 1932 eia
686 1871 831 1949 detenta,
861 1891 932 1932 curn
954 1871 1058 1954 potins
1079 1869 1289 1948 ἐμπίπτοντας
1308 1865 1360 1942 ξέ-

265 1973 341 2027 νους
363 1955 502 2016 scribere
529 1949 686 2016 debuerit.
737 1954 778 2018 de
799 1952 960 2036 mancipiis
990 1963 1023 2016 et
1043 1953 1236 2036 mancipibus
1261 1951 1359 2014 codex

263 2035 421 2100 Theodoa.
445 2036 499 2098 lib.
520 2041 559 2103 12
580 2037 629 2098 lit·
646 2039 694 2118 16,
714 2035 754 2102 de
773 2037 880 2101 iisdem
901 2037 958 2098 aab
978 2037 1134 2118 pistorum
1155 2037 1282 2098 nomine
1301 2033 1357 2098 lib.

267 2119 308 2186 14
328 2119 378 2181 tit.
400 2117 420 2181 3
441 2127 474 2182 et
487 2119 518 2184 5.
560 2119 618 2181 ista
638 2142 727 2199 vero,
750 2121 875 2186 devicto
896 2121 1041 2200 Maximo,
1062 2119 1116 2184 diu
1138 2119 1197 2182 iarn
1213 2142 1232 2184 a
1249 2118 1359 2182 Theo-

269 2202 359 2277 dosjo
382 2211 567 2288 perpetrata
586 2203 781 2268 demonstrat
804 2207 958 2269 Socraten.

353 2329 422 2408 116,
447 2329 496 2394 16.
546 2319 693 2408 ἔμβολον]
727 2328 941 2392 ambulacrum
963 2327 1004 2392 ab
1031 2328 1134 2390 imbre
1154 2336 1187 2390 et
1207 2297 1361 2409 temporie

267 2410 379 2474 iniuria
393 2420 510 2475 tectum
530 2420 585 2475 eat
627 2406 769 2496 ἔμβολος,
793 2409 855 2475 u'nd
877 2414 937 2476 rori
954 2405 1132 2493 ἐμβάλλειν,
1151 2411 1239 2557 pund
1258 2409 1362 2472 homi·

267 2516 320 2558 nea
340 2495 424 2559 intro
445 2518 478 2559 ae
499 2496 638 2559 mittant.
690 2489 709 2558 ὅ
735 2496 935 2579 πατριάρχης
964 2496 1126 2576 διέρχεται
1174 2491 1206 2557 ui
1228 2493 1284 2557 aori
1307 2492 1362 2555 de·

267 2578 337 2657 ξιοῦ
357 2574 512 2661 ἐμβόλου,
541 2580 587 2640 ait
607 2581 848 2665 euchologium:
875 2583 982 2643 transit
1004 2581 1183 2663 patriarcba
1206 2602 1227 2641 a
1247 2576 1362 2639 deutra

263 2664 392 2745 penicu-
434 2661 571 2724 Codinns
599 2664 631 2723 in
654 2663 733 2747 orig.
758 2664 818 2727 ΕΡ.
838 2660 1015 2725 ἐσκέπασαν
1035 2656 1141 2725 indam
1161 2658 1217 2735 τὰς
1237 2656 1361 2738 ἀψῖδας

267 2741 458 2825 ἀμφοτέρων
485 2746 548 2807 coir
580 2744 688 2824 μερῶν
712 2744 774 2809 ruia
799 2740 951 2825 ἐμβόλων.
992 2744 1110 2831 apsides
1127 2747 1294 2831 portianam
1318 2742 1362 2804 ala

268 2838 395 2911 rumque
408 2840 502 2911 parte
520 2842 685 2889 erectarum
704 2842 843 2891 texerunt
857 2828 1087 2909 σιγμιιτοειδιῖς
1102 2822 1238 2906 indolet.
1279 2847 1360 2911 por·
1447 2862 1450 2871 ι

268 2908 348 2970 ticua
370 2910 510 2973 rotundo
532 2910 654 2973 fornice
676 2910 715 2973 ud
736 2912 832 2996 sigma
855 2911 978 2974 litterae
1000 2913 1146 2973 formam.

351 3022 437 3089 Ibid·
461 3029 509 3094 17.
559 3022 766 3106 Ἀναστᾰσιος
791 3022 846 3108 ἔτη
866 3021 913 3109 γ’]
947 3028 996 3091 cni
1023 3026 1108 3111 apud
1140 3022 1233 3089 codd.
1253 3043 1361 3087 omnes

268 3129 425 3171 annorum
445 3106 597 3174 duntaxat
618 3112 754 3175 duorum
774 3112 906 3195 spatium
931 3112 1114 3195 assignatur.

354 3232 447 3297 ibrid-
471 3221 647 3311 ’Λρκάδιις
667 3227 723 3317 ἔτη
743 3231 805 3310 ιδ’]
825 3234 964 3298 mendosi
986 3236 1083 3321 igilur
1105 3234 1206 3298 eidem
1226 3228 1362 3297 Arcadio

271 3334 342 3401 pag.
360 3315 570 3399 praecedente
593 3318 667 3380 anni
689 3319 835 3383 concessi.

354 3438 434 3503 lbra
451 3442 501 3507 18.
520 3438 713 3515 ’Iaraxtarmc
733 3436 789 3525 ἔτη
807 3436 865 3521 ιε’]
887 3440 926 3505 de
943 3442 1127 3505 Innocentio
1149 3450 1251 3504 tamen
1274 3436 1363 3525 quari

269 3524 445 3669 perppapleem
454 3524 629 3587 Romanum
648 3536 806 3611 gerentem
820 3534 933 3589 auctor
944 3528 1040 3590 verba
1052 3526 1163 3589 habuit
1181 3548 1250 3613 pag.
1270 3544 1365 3609 prae-

269 3626 288 3669 c
347 3628 367 3668 n

352 3722 493 3789 [hiato.
534 3724 686 3807 μετετέθη
705 3720 747 3787 rai
768 3720 919 3805 λείψανα]
939 3726 1089 3811 reliquiae
1110 3725 1233 3789 loannis
1255 3724 1364 3807 Bapti-

270 3816 334 3867 alae
355 3805 412 3869 nub
432 3808 550 3870 iuliano
572 3820 711 3892 apostata
732 3809 762 3871 in
787 3812 890 3895 ignem
920 3812 1090 3889 conlectae,
1113 3820 1146 3873 et
1166 3832 1184 3871 a
1204 3808 1365 3872 monacbis

269 3888 408 3973 Philippi
429 3893 609 3955 monaatcrii
633 3902 803 3977 utcumque
832 3902 967 3979 ereptae,
988 3904 1020 3956 et
1038 3894 1202 3956 Athanasio
1232 3892 1367 3969 oblatae,

270 3972 379 4035 exinde
404 3997 420 4035 e
442 3976 530 4039 Theo
556 3976 619 4037 bilo
641 3977 672 4038 in
704 3977 861 4041 ecclesiam
892 3978 956 4040 eius
985 3979 1103 4041 nomini
1126 3980 1277 4056 dicatum,
1305 3976 1364 4037 sub

270 4056 448 4119 Theodosio
467 3998 594 4145 quidem
623 4060 801 4141 fundatam,
830 4071 863 4122 nt
891 4062 947 4123 sub
980 4064 1115 4125 Arcadio
1145 4084 1228 4125 unna
1262 4058 1366 4123 eiusst

270 4151 526 4229 consummatam,
547 4145 775 4213 reconduntur.
818 4148 862 4209 ita
883 4148 1036 4211 baronius
1057 4147 1096 4211 ud
1116 4166 1233 4209 annum
1253 4144 1290 4209 C.
1302 4140 1366 4206 389
