3050 4900
304 403 377 476 386
658 410 701 475 IN
728 407 1007 474 Tflaornannn

302 574 459 641 corausti
488 577 668 660 Προτερίσο
696 585 847 642 stretton·
888 579 1056 640 Timotheus
1086 577 1205 659 cognita
1226 575 1388 640 Marciani

302 679 395 726 morte
418 675 521 726 eornm
547 661 713 725 Protei-ium
740 665 872 744 insurgit.
930 659 1072 746 legendus
1094 661 1145 724 bic
1166 663 1218 724 ille
1238 661 1389 722 Theodo-

303 769 364 823 rus,
388 747 676 830 observandumque
689 745 796 808 Aeluri
808 766 990 830 cognomen,
1008 745 1094 829 quod
1113 756 1209 808 noctu
1222 745 1287 806 ielis
1299 765 1395 810 rasorev

301 828 526 892 monachorum
547 831 637 892 cellas
659 829 963 905 circumambularet,
988 829 1178 910 impositum.

388 940 455 1011 170,
467 939 514 1002 10.
556 933 693 1012 Eddotin
712 930 732 1015 ἦ
746 933 888 1016 θυγάτηρ
903 934 1087 1011 Θεοδοσίου]
1110 935 1284 1018 Procopius
1297 933 1350 997 lih.
1369 937 1386 1002 1

303 1019 443 1083 debello
467 1018 565 1080 Vand.
587 1021 738 1102 Euagrius
760 1019 814 1082 lib.
836 1021 855 1080 9
879 1041 946 1102 cap.
969 1017 999 1080 7.

384 1129 464 1189 ibid.
496 1133 544 1196 17.
595 1128 747 1210 στεφθείς
783 1121 846 1188 sind
875 1125 1055 1190 Ἀνατολίσν
1084 1123 1141 1187 rosi
1172 1117 1389 1204 πατριάρχου]

301 1212 428 1294 primus,
451 1232 542 1294 quem
569 1223 681 1274 auctor
703 1211 904 1294 patriarchae
929 1229 1023 1270 maon
1057 1207 1197 1272 diadema
1227 1209 1389 1290 sumpsisse

302 1297 437 1371 referat,
460 1303 504 1356 est
532 1295 607 1357 Iaso.
661 1304 826 1378 praesente
845 1292 1023 1376 patriarcba
1045 1309 1194 1352 coronam
1213 1293 1390 1354 Marcianus

301 1379 455 1460 suscepit:
479 1377 686 1440 Theodosium
709 1387 815 1440 manen
839 1379 901 1438 istis
922 1377 1117 1458 superiorem
1136 1376 1144 1433 i
1170 1375 1230 1436 sius
1250 1375 1390 1457 patriar.

302 1463 378 1522 chae
400 1483 496 1543 opera
518 1463 705 1537 redimitum,
726 1464 758 1522 in
783 1459 943 1521 Theodori
969 1460 1093 1523 lectoris
1114 1397 1273 1522 eoilectan.
1294 1459 1391 1522 litat

301 1545 341 1606 ad
360 1555 529 1608 eatremam
553 1547 667 1606 calcem
692 1544 875 1627 reperimus.

382 1658 462 1722 Ibid.
487 1665 536 1729 19.
580 1659 712 1739 σεισμοῦ
734 1661 875 1744 φοβεροῦ
894 1657 1073 1740 γενομένου]
1099 1679 1169 1721 eum
1190 1667 1296 1720 terrae
1317 1678 1392 1720 mo-

300 1753 378 1822 tum,
402 1745 675 1829 clademque,nrbi
689 1744 727 1805 ab
743 1765 780 1805 eo
802 1743 916 1804 illatam
935 1745 1032 1805 refert
1040 1743 1192 1824 Euagrius
1213 1741 1299 1802 lint
1322 1763 1393 1824 cap.

303 1828 528 1904 12,et1.eouis
551 1849 632 1889 anno
647 1828 783 1890 seeundo
807 1829 915 1904 (attero
939 1826 1085 1888 nimirum
1108 1826 1147 1888 ab
1161 1845 1199 1886 eo
1223 1847 1286 1909 quo
1299 1829 1392 1886 Mar.

236 1937 240 1953 ·
300 1911 390 1971 ciano
410 1911 485 1972 vivis
506 1921 615 1993 erepto
636 1913 700 1974 Leo
732 1912 838 1992 coepit
861 1915 1002 1993 regnare)
1035 1911 1073 1971 ab
1096 1907 1287 1972 Antiocheno
1308 1909 1390 1970 civi-

299 2002 365 2054 tate
386 1999 458 2056 suae
477 1993 615 2056 libertati
633 1995 775 2056 restituta
798 2013 879 2054 anno
893 2001 978 2054 sexto
994 2014 1087 2075 supra
1110 1990 1389 2075 quingentesimum

302 2075 472 2138 indictione
487 2077 535 2153 11,
555 2078 690 2160 Euagrio
714 2079 852 2160 quamvis
863 2075 949 2137 Theo
973 2075 1065 2138 bones
1087 2075 1171 2136 cirea
1187 2075 1392 2140 indictionem

300 2169 332 2222 et
351 2159 462 2220 Leonis
484 2182 599 2222 ananum
621 2161 794 2222 consentiat
817 2099 1026 2242 (praecedenti
1044 2158 1162 2242 quippe
1184 2181 1265 2220 anno
1291 2159 1390 2222 lidia.

299 2265 364 2318 no,
389 2265 452 2326 quo
479 2245 653 2306 Marcianus
680 2243 826 2320 decessit,
846 2245 909 2305 Leo
940 2241 1030 2306 simul
1049 2242 1187 2324 arripuit
1211 2243 1387 2325 imperium)

300 2335 435 2391 attamen
456 2349 528 2390 cum
550 2349 623 2390 aera
644 2327 836 2390 Antiocheno
852 2326 964 2388 Christi
987 2325 1119 2388 natalem
1140 2323 1220 2388 diem
1241 2326 1326 2388 annis
1345 2321 1389 2388 48

296 2419 489 2493 praevertat,
510 2407 561 2473 hic
582 2423 685 2474 autern
707 2433 804 2473 annus
825 2411 863 2473 sit
893 2433 910 2471 a
937 2410 1050 2472 Christi
1073 2407 1214 2471 natalitiis
1238 2409 1391 2494 quadrin-

317 2496 479 2557 entesimus
501 2504 533 2557 et
559 2496 843 2579 quinquagesimus,
866 2494 919 2579 qui
936 2492 974 2555 ad
997 2494 1129 2555 invicem
1152 2494 1243 2571 uniti,
1267 2492 1391 2555 nonnisi

294 2518 358 2642 ilio
385 2578 538 2657 reddunt,
568 2580 680 2663 quibus
709 2578 811 2641 adbuc
838 2588 955 2660 septem
977 2576 1015 2639 ab
1036 2574 1165 2659 Euagrii
1187 2576 1307 2639 calculis
1330 2576 1390 2639 de-

301 2684 364 2723 esse
384 2664 635 2744 conspiciuntur:
666 2663 739 2745 quia
770 2660 968 2724 nibilominus
997 2658 1113 2721 Christi
1144 2662 1276 2723 natalem
1306 2658 1390 2723 diem

297 2746 382 2805 annis
407 2757 526 2825 septem
547 2766 744 2827 praeponere
770 2745 917 2807 debuerat
938 2742 1152 2825 Theophanes,
1173 2752 1206 2805 et
1224 2744 1391 2829 Dionysia-

297 2851 368 2889 nam
401 2849 506 2887 aeram
535 2850 599 2887 non
630 2826 737 2887 mundi
756 2826 850 2905 5500,
881 2826 933 2889 sed
957 2824 1039 2888 5493
1068 2826 1267 2905 consociare,
1289 2837 1391 2911 prout

297 2912 366 2971 loce
387 2909 451 2991 ipsa
473 2909 635 2971 dilucidius
657 2910 999 2973 demonstratPetavius
1021 2910 1074 2972 lib.
1093 2914 1129 2977 11
1154 2931 1244 2993 capp.
1267 2909 1387 2994 primis,

298 3002 330 3053 et
350 3014 405 3054 nos
427 3012 462 3053 ex
483 3015 521 3053 eo
543 2995 778 3058 annotationum
804 2996 933 3055 istarum
953 3004 1092 3077 septima,
1115 2994 1246 3076 qnaead
1267 3014 1337 3079 pag.
1355 2999 1387 3059 1.

298 3074 370 3137 inde
393 3076 429 3135 fit
461 3086 497 3135 ut
526 3098 636 3138 errore
657 3078 783 3159 dempto
813 3080 894 3140 idem
917 3078 955 3139 sit
975 3078 1062 3139 Theo
1089 3076 1160 3138 bani
1193 3098 1264 3139 eum
1283 3085 1390 3141 terrae

298 3169 417 3219 motum
440 3179 521 3219 anno
544 3160 753 3222 Antiochensis
775 3182 866 3224 aerae
884 3158 947 3223 498
973 3160 1022 3223 vel
1042 3100 1115 3239 489,
1135 3180 1172 3221 ac
1191 3161 1276 3223 iaxta
1295 3160 1381 3225 Eua-

301 3244 406 3325 grium
430 3240 491 3304 506
512 3246 692 3327 ascripsisse.

339 3423 343 3429 ,
384 3356 457 3430 171,
477 3358 507 3420 8.
560 3346 799 3432 ἅχειροτόνητος
831 3338 888 3435 οἷν]
919 3350 1006 3435 qaod
1026 3350 1064 3414 ab
1087 3352 1239 3435 episcopis
1260 3372 1315 3413 sua
1336 3348 1391 3411 di-

299 3438 415 3519 gnitate
430 3458 448 3495 a
460 3436 607 3498 Proterio
629 3436 774 3518 depositis
787 3435 877 3497 fuisse
891 3434 1068 3517 patriarcha
1089 3436 1261 3499 ordinatus:
1273 3436 1382 3497 Theo-

300 3522 395 3581 dorus
417 3520 517 3581 lector
545 3519 665 3581 collect.
693 3518 748 3581 lih.
775 3523 803 3597 1,
823 3520 975 3601 Euagrius
1005 3519 1058 3582 lib.
1083 3519 1101 3580 2
1127 3540 1196 3602 cap.
1218 3518 1251 3602 8,
1270 3527 1302 3583 et
1322 3518 1385 3579 iam

298 3604 386 3687 prius
407 3601 590 3665 sacerdotali
602 3602 704 3665 officio
725 3602 901 3665 abdicatuss
924 3604 1075 3686 Euagrius
1097 3600 1189 3665 idem.

386 3718 455 3797 172,
479 3722 506 3787 1.
555 3718 684 3801 ’ἠνέχθη
714 3715 747 3780 τὸ
784 3718 933 3797 λείψανον
963 3718 1020 3800 τῆς
1050 3710 1143 3799 ἁγίας
1166 3714 1391 3798 neomeniae]

300 3802 462 3866 Gennadio
484 3804 722 3885 patriarchalem
744 3803 924 3885 dignitatem
940 3800 1054 3885 adepto
1077 3802 1187 3865 scribit
1202 3800 1390 3863 Theodorus

301 3886 402 3949 lector
431 3887 545 3949 ultimis
574 3886 696 3949 collect.
726 3887 839 3947 verbis.
897 3887 1052 3949 Gennadii
1079 3907 1179 3968 porro
1210 3901 1393 3967 praecessor

301 3970 460 4032 Anatolias
481 3971 543 4031 boc
564 3992 644 4029 anno
674 3992 746 4031 eum
768 3970 891 4046 obierit,
922 3972 977 4031 sub
999 3971 1106 4052 primis
1127 3968 1310 4032 successoris
1332 3988 1392 4029 au-

302 4054 402 4135 spiciis
425 4054 533 4116 debuit
556 4054 727 4136 Anastasiae
748 4074 863 4135 corpus
888 4055 948 4115 ΟΡ.
973 4054 1144 4115 transferri.

384 4170 464 4230 Ilici
488 4172 517 4230 9.
567 4168 602 4231 ἐν
629 4168 672 4253 τῷ
691 4169 756 4256 ναῷ
776 4168 885 4253 αὐτῆς]
909 4171 980 4231 loco
1004 4164 1208 4241 decurrissent
1229 4168 1291 4231 iam
1315 4168 1391 4231 olim

303 4250 401 4332 dicto,
422 4253 508 4338 qnod
531 4253 563 4315 in
584 4273 621 4317 eo
644 4275 730 4319 sacra
753 4254 826 4319 fidei
855 4256 999 4338 dogmata
1019 4256 1049 4317 in
1070 4254 1202 4319 Arianos
1223 4272 1391 4336 exponens,
