3050 4900
44 4190 46 4241 l

44 4338 46 4393 l

482 300 534 366 EX
562 297 821 370 metune
1147 299 1196 376 66

197 463 299 530 blmsdl
320 487 403 532 anno
421 465 515 546 6866,
535 465 658 532 divinas
675 466 898 534 incarnationis
920 491 1004 534 naua
1024 467 1099 548 866,
1118 471 1280 547 ωτι-μω
1301 473 1333 526 1⁰

128 552 231 614 brasias
258 561 331 634 post
358 551 545 618 Auxentium
579 554 724 616 eeclesias
755 553 1032 619 Mediolaneusium
1061 565 1195 700 praeest.

128 634 278 700 Occidente
309 656 386 700 vero
417 644 517 698 totam
550 636 727 703 trinitatem
763 637 949 700 homousion
965 651 1060 721 *prae

125 719 305 799 postulavere
335 717 462 866 puidam
490 720 757 798 Valentinianum,
794 733 826 785 et
854 723 957 784 faeere
986 723 1140 807 synodum
1162 725 1196 784 iu

126 803 241 887 lllyrieo,
262 812 294 868 et
314 804 334 866 fi
358 825 408 866 ens
438 805 671 868 roboraverunt
692 805 869 868 Nicaenam.
923 814 998 868 tune
1019 816 1052 869 et
1071 809 1197 890 Grego.

125 890 177 948 rim
204 888 365 972 deiloquus
395 887 759 968 Constantinopolitanae
794 888 972 971 praesidere
1007 891 1198 954 noscebatur

125 971 263 1049 sectans,
296 991 359 1054 pro
382 970 483 1036 Basilii
519 982 551 1034 et
573 970 689 1034 Meletii
712 993 749 1034 ae
771 972 969 1056 reliquorum
992 973 1114 1054 pietatis
1133 995 1198 1056 pu-

126 1074 205 1136 gnans
224 1053 431 1138 dogmatibus.
451 1062 483 1116 et
514 1054 569 1116 nisi
593 1063 665 1118 ante
682 1054 720 1116 ad
742 1055 853 1118 urbem
875 1056 1199 1139 Constantinopolita-

126 1158 184 1198 uam
202 1137 348 1208 inritatus
367 1145 458 1214 esset,
480 1145 548 1200 tota
568 1137 716 1200 nimirum
745 1140 812 1200 Arii
834 1147 866 1204 et
886 1139 1034 1205 Eunomii
1056 1141 1198 1223 replere·
1231 1204 1235 1211 ,

125 1227 169 1282 tur
186 1221 313 1284 illuvias
337 1243 453 1284 omues·
474 1221 557 1282 euim
584 1221 723 1288 ecelesias
752 1221 811 1302 ipsi
831 1223 1049 1306 poenitebant,
1070 1234 1199 1306 praeter

124 1306 285 1369 oratorium
307 1304 482 1368 Anastasiae
504 1303 658 1390 martyris.
702 1315 851 1387 praeerat
871 1316 976 1370 autem
998 1307 1061 1370 illie
1074 1305 1199 1370 Arianis

123 1387 320 1471 Demophilus.
362 1397 437 1451 tuno
448 1388 617 1472 Gregorius
640 1408 769 1473 qnoque
780 1389 929 1473 Nyssenus
948 1401 979 1453 et
989 1391 1112 1468 Petrus,
1135 1392 1200 1458 tra.

123 1477 174 1532 tres
192 1473 303 1548 Basilii,
322 1471 539 1551 coruscabant,
562 1473 770 1556 Optimnsque
791 1473 823 1534 in
844 1471 958 1536 Pisidia
979 1481 1011 1536 et
1031 1472 1197 1556 Amphilo-

123 1553 193 1618 ehius
212 1556 242 1616 in
276 1556 394 1618 leonio.
446 1555 557 1618 barsen
591 1565 693 1618 autem
729 1556 912 1638 episcopum
943 1555 1077 1621 Edessae
1102 1565 1197 1640 atque

121 1635 260 1722 Pelagium
285 1639 466 1716 Laodiceae,
488 1646 599 1720 utpote
620 1637 816 1704 orthodoxae
836 1639 910 1702 lidei
934 1649 1195 1722 propugnatores,

121 1718 214 1784 Valens
234 1724 271 1784 in
302 1722 426 1785 exilium
454 1721 549 1786 misit.
593 1723 851 1786 Sauromatarum
871 1730 975 1785 autem
1002 1743 1093 1806 gens,
1114 1734 1277 1808 quaeptd
1302 1735 1334 1791 tt

121 1804 212 1884 pusilla
231 1816 266 1869 et
290 1804 415 1868 iuhrma
435 1814 491 1884 est,
513 1813 624 1872 eontra
645 1806 900 1870 Valentinianum
921 1806 1079 1889 insurgens
1100 1807 1196 1872 atah

120 1899 326 2036 ttttttt
346 1888 1200 2056 hell‚titt,tttffiet‘ttlttattttvt

120 2059 170 2115 tam
181 2057 288 2118 uilium
301 2077 474 2138 corporum
488 2078 592 2120 omnes
607 2057 788 2134 existerent,
811 2056 1039 2140 responderunt
1062 2049 1199 2124 elidentes

121 2138 179 2218 quia
199 2140 345 2203 meliores
376 2159 487 2201 eorum
516 2139 567 2202 hio
600 2137 693 2204 habes
721 2150 754 2203 et
784 2138 877 2202 vides.
919 2149 995 2202 tune
1016 2140 1200 2206 validissime

118 2219 158 2281 ille
175 2222 307 2284 olamans
328 2222 373 2286 ait
393 2223 534 2286 “atrocia
547 2223 723 2287 Romanum
746 2221 913 2305 imperium
931 2224 1061 2287 sustinet
1079 2223 1119 2285 ad
1130 2223 1199 2284 Va-

121 2300 310 2368 lentinianum
332 2306 520 2388 pertingens,
543 2306 568 2370 si
588 2307 795 2370 Sauromatae
807 2306 881 2370 talea
902 2307 1064 2370 existentes
1085 2314 1198 2368 eontra

119 2385 257 2453 Romanos
279 2389 474 2472 insurgunt?
496 2411 532 2454 ex
554 2391 750 2454 animositate
763 2400 868 2455 autem
884 2389 977 2452 nimia
1000 2399 1033 2452 et
1050 2411 1199 2453 manuum

117 2469 209 2549 plausu
227 2494 309 2536 vena
331 2474 437 2552 recisa,
459 2481 491 2535 et
511 2473 649 2557 plurimo
671 2484 856 2555 erumpente
883 2472 1039 2555 sanguine,
1063 2473 1094 2533 in
1116 2494 1199 2555 quo·
1284 2513 1289 2526 ·

118 2553 176 2615 dam
196 2558 374 2641 municipio
401 2557 520 2621 Galliae
549 2558 695 2621 moritur.
745 2575 845 2639 porro
879 2556 993 2619 Valens
1024 2555 1198 2620 Traianum

118 2640 317 2720 magistratum
337 2650 447 2704 eontra
468 2640 590 2705 Gothos
610 2640 701 2718 misit,
724 2641 779 2723 qui
800 2640 900 2703 vietus
914 2638 1121 2722 ignominiose
1141 2658 1197 2701 re-

115 2739 204 2785 versus
225 2734 285 2786 est.
327 2724 378 2787 cui
398 2724 595 2787 eum'ilaleus
615 2723 780 2787 mollitiem
793 2722 1010 2804 exprobraret,
1032 2721 1196 2805 respondit

115 2802 187 2865 “non
209 2828 271 2891 ego
291 2828 358 2869 sum
377 2809 494 2886 vietus,
516 2808 708 2890 imperator,
730 2807 784 2869 sed
805 2814 858 2883 ta,
892 2807 947 2890 qai
967 2817 1079 2868 contra
1100 2803 1194 2875 deuia

116 2905 216 2971 pugnas
245 2899 282 2954 et
313 2890 456 2953 barbaris
485 2902 596 2955 nutum
614 2891 678 2956 eius
697 2888 871 2953 concilias.'’
920 2891 1069 2953 Damasus
1089 2888 1310 2965 autumpseo

113 2968 253 3035 hamanus
279 2984 312 3037 et
330 2974 444 3037 Petrus
464 2974 686 3037 Alexandrinus
713 2972 810 3057 primi
839 2972 1044 3037 sabbatianos
1075 2971 1194 3038 οοιιὼ·

44 3070 45 3087 ²
115 3067 303 3132 meramnum
322 3066 354 3121 et
369 3058 482 3141 impius
492 3056 663 3120 Eunomius
677 3057 886 3140 praesumpsit
911 3056 942 3118 in
958 3078 1020 3117 una
1039 3055 1194 3119 mersione

113 3134 253 3219 baptisma
278 3141 457 3218 celebrare,
491 3162 556 3203 non
584 3142 616 3203 iu
638 3141 781 3205 trinitate
808 3141 862 3204 sed
893 3141 924 3201 in
951 3147 1057 3201 morte
1078 3137 1194 3201 Christi

115 3232 251 3301 oportere
284 3224 445 3306 baptisare
474 3224 601 3300 dinem,
623 3233 655 3287 et
676 3246 727 3287 eos
750 3224 858 3308 quiin
880 3221 1023 3285 trinitate
1044 3219 1194 3305 baptisati

113 3313 191 3366 uana
206 3307 431 3390 rebaptizabat,

182 3430 247 3493 Per
269 3430 351 3493 idem
369 3442 491 3515 tempus
512 3440 544 3495 et
565 3452 690 3515 magnus
705 3428 844 3513 Ephrem
868 3429 899 3491 in
920 3428 1025 3494 studio
1047 3439 1078 3493 et
1090 3428 1192 3491 divina
1201 3432 1311 3505 pm

114 3509 250 3577 doctrina
271 3515 423 3599 fulgebat,
446 3516 559 3577 multos
583 3516 709 3600 quidem
724 3534 881 3576 sermones
903 3514 1068 3589 asceticos,
1087 3512 1194 3595 plures

114 3607 205 3659 autem
218 3598 413 3681 dogmaticos
436 3620 471 3661 ex
492 3600 598 3662 diuino
612 3598 723 3681 spiritu
744 3620 896 3659 emanans.
919 3596 1072 3681 quaedam
1091 3604 1196 3656 autem

112 3680 280 3744 studiorum
293 3682 357 3744 eius
379 3682 472 3743 etiam
493 3679 645 3744 cantanda
658 3681 743 3766 Syris
759 3679 901 3755 tradidit,
920 3701 980 3763 per
1000 3679 1096 3741 melos
1117 3698 1196 3760 per.

44 3794 46 3799 ·
112 3762 226 3826 trahens
258 3764 463 3849 antiquiores.
511 3767 600 3826 aiunt
621 3766 727 3847 itaque
754 3772 912 3826 trecentas
941 3785 1012 3825 eum
1041 3758 1196 3847 myriadas

112 3864 250 3909 vanuum
273 3848 411 3927 edidisse,
434 3870 507 3911 aere
527 3848 628 3911 divina
650 3850 800 3931 sapientia
823 3846 1045 3924 conditorum,
1066 3844 1098 3909 in
1122 3844 1197 3930 qui·

111 3926 159 3989 bus
179 3930 317 3995 invenies
337 3931 514 3994 discendam
534 3932 595 3994 riri
617 3930 777 3993 virtutem.

181 4054 297 4119 Mundi
317 4076 399 4119 anuo
420 4056 513 4134 6868,
534 4055 656 4119 divinae
677 4056 900 4121 inearnationis
921 4075 1004 4116 anno
1019 4050 1095 4130 368,
1112 4054 1197 4117 Mes-

44 4144 45 4171 ³
112 4134 294 4203 ahimam
315 4140 470 4220 haerens,
499 4138 532 4205 id
560 4152 605 4205 est
634 4138 846 4206 Enchetaram
865 4149 899 4203 st
917 4131 1196 4210 montaureus,

1082 641 1194 718 iesum,
1204 649 1274 722 p.⁹5
1296 650 1328 702 11
1438 633 1445 642 ⁸
