3050 4900
513 360 567 421 tx
596 356 853 423 TliEOPllbllll.
1160 358 1233 427 225

146 526 258 613 populi
279 535 397 609 septem
429 525 553 589 milibus
573 538 760 610 supernus,
781 537 814 591 et
835 528 926 613 fugas
946 550 1040 611 penes
1058 528 1237 615 Palmyram

145 614 295 689 salvatur,
318 619 349 672 et
370 608 515 693 deinceps
537 613 567 673 in
589 612 727 675 Perside.
773 610 958 674 seditionem
979 633 1108 710 quoqne
1127 614 1238 677 conci·

145 706 294 759 taverunt
316 694 438 755 llletsini
472 706 504 757 et
520 694 727 777 Heliopoliten
752 718 789 757 ac
809 697 992 759 Damasceni
1012 697 1149 759 civitates
1169 700 1239 759 Ma·

145 780 261 842 rubam
292 778 489 854 obserantes,
511 779 566 862 qui
586 780 650 841 lilio
671 800 728 839 suo
751 778 878 862 quidem
897 788 1009 843 contra
1023 779 1148 841 Dacbac
1165 802 1240 844 cnm

146 866 267 925 virtute
287 862 395 937 muso,
416 860 426 921 i
449 882 481 922 se
500 862 586 925 venit
606 864 761 937 Emesam,
782 884 876 945 quam
897 864 926 923 in
950 872 1104 946 quattuor
1123 864 1238 926 mensi»

144 948 204 1009 bns
225 945 319 1027 cepit.
360 882 486 1007 Dacbac
507 955 610 1007 antem
631 968 649 1007 a
671 944 798 1007 Perside
819 966 892 1009 cum
912 947 1051 1028 plurimo
1070 956 1239 1030 potentatu

145 1029 302 1093 ueniebat.
345 1036 473 1089 atvero
493 1028 657 1091 Marabam
687 1048 843 1111 aggressus
865 1030 990 1091 eumin
1014 1031 1239 1113 Mesopotamia

146 1136 222 1175 cam
251 1112 365 1175 multus
392 1110 582 1195 collegarum
608 1112 833 1190 interfecisset,
864 1111 951 1175 bunc
979 1114 1238 1197 comprehensum

146 1196 321 1259 interiecit.

235 1306 268 1365 ln
290 1302 337 1364 bis
357 1300 577 1362 Constantinus
599 1300 831 1363 Germaniciam
853 1303 955 1383 cepit,
985 1304 1083 1364 aciem
1105 1301 1241 1385 dirigens

147 1395 263 1449 contra
285 1385 407 1473 Syriam
426 1394 458 1446 ct
477 1384 671 1462 Dulecbiam,
692 1384 779 1447 aditu
797 1396 925 1466 reperto
945 1396 1082 1467 propter
1102 1384 1242 1446 Arabum

147 1480 292 1533 mutuam
312 1490 457 1552 pugnam,
479 1468 576 1528 verbo
601 1488 673 1529 sane
700 1472 816 1529 Arabes
847 1468 977 1530 inermes
999 1468 1165 1548 dimittens,
1186 1469 1242 1551 qni

149 1562 244 1617 want
262 1555 294 1614 in
320 1554 401 1633 ipsis.
446 1552 606 1633 assumpsit
625 1561 729 1613 autem
750 1564 782 1613 et
805 1562 952 1633 cognatos
975 1572 1045 1613 suns
1067 1573 1104 1614 ex
1124 1559 1242 1613 mater·
1307 1586 1312 1599 ι

148 1660 190 1699 na
215 1637 295 1699 linea
320 1636 544 1711 descendentes,
566 1645 599 1697 et
615 1636 755 1717 Byzantii
772 1635 939 1697 collocavit
961 1658 1022 1696 una
1044 1656 1116 1696 nnus
1138 1634 1242 1696 miultis

149 1722 236 1805 Syris
267 1718 492 1803 monophysitis
524 1717 707 1795 haereticis,
740 1718 912 1803 exquibus
938 1719 1043 1861 plnres
1063 1718 1096 1778 in
1118 1716 1338 1802 'ibracepffl

148 1826 250 1889 usque
272 1822 355 1863 nunc
374 1802 516 1862 habitant
539 1810 571 1863 et
600 1803 683 1863 iuxta
702 1801 832 1863 Petrum
852 1803 939 1883 Cnap
961 1824 997 1866 ea
1015 1801 1189 1863 trinitatem
1208 1801 1242 1863 in

148 1886 279 1971 trisagio
300 1886 495 1947 cruetfionnt
537 1904 638 1967 porro
661 1907 679 1947 a
698 1892 814 1968 quarto
835 1883 902 1945 idus
913 1891 1062 1969 Augustas
1084 1904 1181 1967 usqne
1202 1880 1243 1944 sd

149 1980 298 2033 netarum
323 1932 466 2031 kalendas
488 1968 677 2051 Septembris
691 1968 838 2032 tenebrae
851 1970 951 2029 iactae
972 1979 1044 2032 sunt
1063 1968 1242 2031 nebulosae.

149 2067 230 2118 tune
250 2053 414 2115 Mernham
434 2052 538 2112 victor
553 2052 682 2114 Emesen
710 2062 802 2134 capta
824 2052 980 2115 interfecit
1000 2073 1105 2115 omnes
1126 2072 1244 2134 cogno.

149 2148 203 2200 tos
233 2148 263 2199 et
296 2137 425 2199 libertos
447 2134 565 2210 Risum,
597 2146 815 2219 expugnatque
845 2156 953 2197 muros
983 2134 1182 2217 Heliopoleos
1212 2144 1246 2197 et

150 2220 295 2282 Damasci
327 2228 358 2281 et
380 2218 688 2305 Hierosolymorum,
716 2218 878 2281 trucidans
906 2220 1019 2281 multos
1048 2228 1192 2303 potentes
1212 2226 1246 2281 et

151 2303 342 2365 detruncans
360 2300 508 2364 residuos.

239 2402 346 2469 Mundi
370 2424 451 2466 anno
472 2398 564 2478 6238,
587 2400 709 2464 (livinae
730 2401 954 2464 incarnationis
971 2421 1054 2463 anno
1068 2396 1140 2479 738,
1163 2418 1245 2462 anno

150 2507 231 2549 vero
254 2487 377 2570 imperii
399 2483 593 2549 Constantini
622 2494 706 2546 sexto
736 2485 833 2545 factus
864 2494 910 2547 est
929 2495 1033 2547 terrae
1054 2491 1157 2543 motus
1175 2505 1246 2543 ma-

150 2593 230 2656 gnus
253 2573 284 2632 in
306 2571 476 2634 Palaestina
492 2579 524 2633 et
537 2569 619 2631 circa
644 2567 808 2629 lordanem
827 2575 859 2630 et
879 2577 978 2628 totam
1000 2566 1123 2652 Syriam
1142 2585 1247 2627 mense

151 2656 308 2736 Ianuario,
327 2653 406 2717 bora
428 2663 550 2738 quarta,
572 2662 604 2716 et
622 2654 719 2714 multa
740 2651 835 2729 milia,
856 2653 933 2734 quin
956 2658 989 2713 et
1008 2649 1246 2711 innumerabilia

150 2749 281 2802 mamus
301 2747 384 2819 sunt,
406 2737 614 2820 ecclesiaeque
636 2757 672 2798 ac
693 2736 881 2800 monasteria
902 2742 1104 2809 corruerunt,
1127 2741 1160 2796 et
1177 2755 1247 2794 mn·

151 2825 354 2906 1imepeues
375 2841 515 2885 eremum
534 2829 659 2884 sanctae
680 2819 824 2881 civitatis.

236 2927 357 2991 Eodem
377 2950 456 2991 vero
489 2949 570 2989 anno
597 2927 740 3010 pestilens
773 2943 899 2988 morsa
926 2921 1031 3002 Sicilia
1050 2930 1083 2983 et
1103 2921 1248 2983 Calabria

152 3011 317 3094 incipiens,
338 3014 434 3074 veluti
455 3012 582 3097 quidam
605 3011 680 3094 ignis
695 3010 870 3091 depascens,
892 3003 933 3068 ad
946 3005 1160 3067 Monobasiam
1173 3005 1247 3067 llel.

150 3096 257 3158 ladem
278 3107 371 3193 atque
405 3096 620 3159 interiacentes
649 3093 756 3156 insulas
785 3091 872 3154 venit
895 3111 952 3172 per
974 3098 1073 3150 totum
1094 3089 1248 3150 decimam

154 3179 533 3262 quartamandictionem,
556 3176 710 3260 flagellans
743 3175 845 3257 ipsum
866 3174 1113 3248 Constantinum,
1134 3181 1167 3234 et
1188 3192 1248 3230 co.

151 3264 265 3328 bibens
286 3263 325 3326 ab
347 3265 479 3340 insania,
530 3285 569 3326 ne
589 3261 735 3324 adversus
758 3266 877 3318 sanctas
899 3257 1039 3318 ecclesias
1064 3263 1095 3315 el
1115 3275 1247 3316 venera·

148 3349 231 3412 biles
256 3347 401 3428 imagines
421 3285 615 3410 irritabatur.
663 3341 854 3421 aeramine,
875 3348 910 3400 ut
929 3339 1054 3400 Pharao
1077 3337 1345 3437 quondampffi

154 3433 350 3494 incorrectus
368 3429 549 3513 permansit.
589 3449 660 3488 saue
679 3425 853 3509 pestilentia
872 3421 949 3504 baec
969 3419 1103 3483 bubonis
1123 3419 1245 3482 discur.

154 3537 228 3578 rens
259 3513 379 3578 mima
410 3515 520 3598 quinta
550 3511 720 3573 indictione
747 3508 864 3590 regiam
893 3506 1039 3602 pervenit
1061 3503 1101 3564 ad
1120 3503 1246 3566 urbem.

148 3609 331 3684 coeperant
356 3607 460 3662 autem
490 3595 592 3658 subito
614 3591 811 3655 invisibiliter
833 3589 1007 3665 fier1,tam
1029 3585 1243 3650 inhominem

153 3684 345 3748 vestimentis
365 3692 398 3744 et
418 3682 451 3742 in
471 3679 598 3744 sacratis
614 3675 816 3740 ecclesiarum
836 3673 1024 3734 indumentis
1044 3693 1138 3752 quam
1159 3679 1191 3732 et
1211 3670 1243 3731 in

153 3771 249 3846 velis,
278 3765 454 3830 cruciculae
483 3763 637 3847 plurimae
665 3759 761 3821 veluti
783 3779 818 3820 cx
847 3755 917 3818 oleo
939 3755 1123 3838 designatae.
1163 3755 1245 3814 sacta

152 3865 202 3917 est
225 3875 242 3915 e
282 3873 300 3914 n
323 3851 394 3912 hinc
419 3847 546 3910 tristitia
578 3855 610 3909 et
632 3841 766 3906 defectio
794 3840 887 3901 animi
909 3837 1006 3900 multa
1027 3844 1163 3920 propter
1183 3835 1244 3898 dn.

153 3873 478 4000 biumrbuinscemcdi
498 3929 585 4013 signi.
636 3929 721 3990 venit
750 3923 948 3986 nihilominus
970 3932 1003 3984 et
1024 3919 1170 3982 divinitus
1192 3919 1244 3980 in·

150 4019 308 4104 dignatio,
328 4017 473 4098 dissipans
504 4017 689 4076 incessanter
725 4030 789 4072 non
809 4009 909 4068 sulum
929 4003 1018 4066 urbis
1039 4003 1120 4101 cives
1140 3999 1194 4064 scd
1211 4009 1244 4066 et

153 4108 187 4167 in
211 4104 354 4166 omnibns
383 4097 570 4162 suburbanis
606 4097 668 4156 eins
690 4093 845 4176 degentes.
895 4091 995 4150 tactae
1015 4109 1098 4148 enam
1117 4096 1190 4148 sunt
1210 4097 1242 4148 et

154 4187 303 4252 fantasiae
331 4185 361 4246 in
397 4183 511 4244 multos
535 4179 706 4256 hominurn,
738 4175 793 4260 qui
814 4173 847 4236 iu
868 4173 975 4236 ecstasi
994 4167 1070 4232 lacti
1087 4170 1243 4234 existima.

259 4308 434 4382 Theophanes
457 4307 493 4361 Π.
1027 4294 1060 4350 15
