3050 4900
286 337 359 418 ata
446 349 656 418 nomaso
684 349 880 418 maronia
910 345 1219 418 acerasrasxrca

307 543 413 620 noque
437 521 536 604 'ipsius
556 521 697 584 Eudocia
732 521 764 582 in
788 523 970 604 Augustam,
1003 531 1035 584 et
1056 521 1179 602 accepit
1200 529 1373 606 utcrqnau

284 545 396 688 dargan
415 604 596 688 patriarcha
616 605 800 688 nuptiarum
826 626 969 685 coronas,
988 615 1022 666 et
1043 626 1106 666 ono
1125 605 1300 688 eodemque
1321 606 1372 670 dic

284 689 376 752 simul
402 690 576 770 imperator
605 699 638 750 et
664 709 792 771 sponsus
824 688 1009 750 ostenditur.
1062 709 1167 751 meuse
1187 710 1263 750 vero
1286 691 1371 753 Maio

283 781 384 836 castra
403 781 572 836 moverunt
585 772 696 836 Persae
718 771 974 854 contraSyriam‚
996 782 1029 833 et
1047 779 1201 855 ceperunt
1212 774 1371 854 Apamiam

282 868 317 920 ct
337 858 494 936 Edessam,
516 867 549 918 ct
569 865 723 918 venerunt
746 875 843 938 usque
862 855 1071 918 Antiochiam
1112 875 1215 938 porro
1236 857 1370 920 Romani

283 949 486 1003 occurrentes
506 939 548 1002 cis
565 940 703 1021 superati
725 947 806 1020 sunt,
820 947 853 1000 et
872 937 969 1020 periit
989 939 1088 1000 omnis
1109 940 1244 1022 populas
1253 941 1371 1005 Roma-

274 1045 409 1106 ·norum,
430 1023 508 1086 adeo
530 1031 566 1086 ut
585 1023 675 1086 valde
694 1022 788 1105 pauci
807 1042 843 1084 ex
863 1021 906 1084 eis
926 1021 1103 1086 evaderent.

344 1129 453 1192 Mundi
468 1125 649 1211 annotina,
662 1129 784 1190 divinae
796 1129 1015 1190 iucarnationis
1024 1125 1279 1208 sonandarum
1292 1153 1370 1196 veru

284 1213 409 1297 imperii
418 1213 552 1276 Heraclii
574 1212 593 1274 2
614 1221 766 1295 ceperunt
779 1212 1080 1276 PersaeCaesarcam
1091 1214 1316 1298 Cappadociae,
1339 1227 1372 1282 et

283 1297 420 1379 piurima
443 1317 478 1359 ex
500 1320 535 1360 ea
548 1297 669 1442 captiva
691 1295 848 1358 duxerunt
867 1297 959 1362 milia.
1001 1297 1161 1358 Heraclius
1182 1307 1285 1361 autem
1309 1302 1370 1362 im..

283 1391 417 1464 perator
437 1381 555 1443 invenit
600 1381 721 1442 issolnta
743 1379 789 1442 rei
809 1379 955 1461 publicae
975 1383 1109 1464 negotia,
1130 1381 1282 1466 siqnidem
1302 1383 1370 1446 En.

186 1466 395 1548 pddtropam
419 1469 532 1526 Avares
554 1463 718 1526 reddidere
743 1462 906 1541 dmertam,
928 1465 1029 1548 Asiam
1049 1485 1125 1527 vero
1138 1465 1249 1530 Persae
1267 1473 1369 1530 totam

283 1549 569 1610 exterminaverunt
596 1555 627 1608 et
659 1547 798 1608 civitates
827 1544 1045 1609 desolaverunt
1077 1557 1109 1610 et
1128 1549 1301 1612 Romanum
1336 1553 1367 1612 in

282 1632 369 1695 bellis
392 1631 561 1695 exercitum
583 1629 819 1692 interemerunt.
865 1631 977 1714 quibua
1001 1631 1070 1692 visis
1092 1631 1244 1695 haesitare
1264 1636 1371 1718 coepit

307 1715 359 1777 nid
381 1725 507 1799 ogereti
530 1723 669 1776 scrutans
689 1714 771 1776 enim
784 1717 942 1794 exercitus,
962 1714 986 1775 si
1001 1715 1085 1777 forte
1104 1717 1179 1776 salvi
1195 1718 1369 1796 existerent,

282 1737 360 1861 duos
381 1807 503 1860 tantum
524 1797 642 1858 invenit
664 1817 699 1858 ex
720 1798 861 1862 omnibus
890 1798 935 1858 his
962 1799 1109 1882 quicum
1129 1798 1234 1864 Phoco
1256 1811 1369 1863 contra

280 1881 468 1944 Mauricium
502 1881 533 1942 in
556 1881 721 1965 tyrannide
740 1881 923 1946 militarunt.
971 1883 1082 1944 eodem
1108 1904 1189 1944 anno
1214 1894 1369 1950 natusest

281 1965 468 2048 imperatori
489 1965 568 2026 iilius
590 1966 629 2026 de
643 1963 793 2049 liudonis,
816 1966 977 2030 Heraclius
1004 1965 1117 2043 missor,
1137 1967 1194 2056 qni
1216 1977 1250 2031 et
1271 1990 1370 2030 novus

281 2049 501 2111 Constantinus
529 2046 700 2130 appellatus
721 2059 778 2112 est.
831 2059 864 2114 et
882 2059 1010 2116 mortua
1038 2059 1085 2113 est
1104 2053 1242 2134 Augusta
1262 2053 1368 2116 eadam

282 2132 532 2216 decimaquinta
555 2131 737 2194 indictione.

362 2239 474 2304 Tertio
504 2239 628 2326 imperii
655 2239 790 2303 Heraciii
827 2262 910 2303 anno
940 2249 1090 2304 coronata
1119 2248 1164 2306 cat
1190 2241 1368 2325 Epiphania

281 2323 342 2386 ntia
362 2323 498 2388 Heraciii
524 2345 541 2385 a
568 2323 677 2407 Sergio
707 2324 889 2408 patriarcha
919 2325 951 2388 in
973 2327 1150 2410 Augustam,
1168 2325 1200 2388 in
1224 2325 1367 2389 oratorio

280 2408 397 2492 palatii.
440 2407 549 2471 eadem
581 2427 658 2470 vero
689 2408 792 2493 prima
825 2407 996 2473 indictione
1016 2419 1185 2475 coronatus
1206 2419 1251 2474 eat
1270 2409 1369 2473 Hera-

279 2493 355 2560 clius
377 2492 493 2572 iunior,
515 2490 593 2555 filius
616 2492 761 2569 Heraclii,
785 2493 894 2579 quiet
915 2494 1140 2570 Constantinus,
1163 2516 1181 2555 a
1206 2493 1370 2578 praedicto

176 2632 181 2645 ,
278 2576 473 2661 patriarcha.
515 2575 626 2638 eodem
647 2598 728 2637 anno
751 2576 899 2639 Saraceni
919 2578 1017 2639 aciem
1039 2585 1153 2639 contra
1175 2578 1299 2661 Syriam
1320 2578 1370 2641 di·

279 2670 438 2739 rexerunt,
459 2666 491 2723 et
512 2660 718 2723 exterminatis
741 2659 894 2723 nonnuliis
914 2660 990 2725 vicis
1011 2662 1128 2723 reversi
1149 2671 1231 2725 sunt.

182 2775 272 2849 ptdd
362 2770 452 2832 Auno
475 2766 599 2849 imperii
625 2764 764 2827 Heraclii
797 2775 912 2853 quarto
934 2777 1086 2851 ceperant
1105 2768 1217 2831 Persae
1249 2768 1369 2833 Dama.

279 2872 386 2927 scum,
410 2859 442 2913 et
472 2850 631 2932 captivum
657 2849 813 2913 duxerunt
842 2852 996 2935 populum
1023 2852 1166 2918 muttum.
1208 2851 1369 2915 Heraclius

280 2944 385 3001 autem
406 2933 578 3082 imperator
596 2932 703 3017 legatis
736 2932 777 2995 ud
799 2932 956 2997 Chosroeu
980 2934 1076 3001 missis
1095 2934 1219 3019 rogavit
1239 2958 1310 2999 eum
1333 2946 1369 2999 ut

302 3028 425 3081 arceret
470 3017 607 3082 ominum
625 3016 805 3101 sauguinem
832 3018 1119 3083 immisericorditer
1138 3018 1315 3083 effundendi
1335 3030 1369 3083 at

278 3040 426 3167 diffiniret
455 3101 585 3166 tributa.
644 3102 699 3185 qui
734 3100 852 3185 legatos
883 3102 1054 3167 inefficaces
1075 3101 1198 3181 dimisit,
1221 3104 1303 3165 nulia
1325 3104 1368 3165 eis

278 3182 399 3249 reddita
421 3184 561 3260 ratione,
599 3206 725 3268 sperans
747 3184 1013 3268 comprehendere
1031 3188 1245 3249 Romanorum
1267 3186 1368 3251 modis

278 3268 421 3333 omnibus
455 3268 680 3352 principatum.
730 3288 831 3352 porro
852 3270 1011 3333 Heraclius
1041 3270 1151 3334 eodem
1171 3292 1253 3331 anno
1280 3270 1368 3334 duxit

278 3352 393 3419 inceste
407 3352 573 3417 Martinam
599 3360 722 3434 neptem
743 3373 830 3416 suam
853 3374 988 3437 uxorem,
1009 3364 1042 3419 et
1060 3354 1279 3438 pronuntiavit
1298 3376 1368 3419 mm

279 3438 456 3519 Magustana,
478 3445 661 3499 coronatam
684 3458 700 3497 a
723 3434 834 3519 Sergio
857 3436 1047 3520 patriarcha.

362 3548 452 3605 Auno
476 3543 515 3605 ian
542 3542 599 3604 erii
628 3542 765 3605 Heraclii
797 3546 909 3628 quinto
940 3557 1094 3629 ceperunt
1119 3547 1233 3611 Persas
1256 3546 1366 3610 iorda-

278 3648 349 3689 nam
371 3628 454 3689 hailo
474 3635 505 3688 et
553 3626 728 3689 aiamtinam
749 3636 937 3690 et·sauctum
955 3630 1122 3708 civitatem,
1143 3640 1176 3693 et
1196 3630 1310 3693 multos
1332 3631 1366 3692 in

278 3732 314 3772 aa
335 3732 394 3794 per
424 3708 610 3771 Iudaeorum
641 3731 747 3772 manus
776 3711 1023 3789 iuterfecerunt,
1045 3712 1162 3793 idest,
1182 3714 1367 3799 utquidam

276 3794 378 3870 aiunt,
402 3794 485 3856 mitia
505 3790 559 3854 90.
602 3794 650 3855 isti
670 3794 754 3857 euim
776 3806 912 3859 anantes
927 3796 1128 3877 Christianos,
1147 3809 1246 3882 prout
1268 3818 1365 3861 unm-

277 3878 411 4020 qnisqple
429 3874 703 4020 'mulum-ffb‘oe
724 3888 861 4023 potes-pt,
881 3880 1142 4028 occidebrppteos.
1177 3882 1366 4029 {unffi

274 3981 351 4021 varo
403 3981 504 4023 aeroso
538 3982 579 4021 ms
614 3980 689 4022 anm
731 3982 881 4025 raeauem
938 3987 970 4027 ru
1089 3988 1157 4027 saun

270 4052 310 4105 et
330 4043 451 4105 vivifica
473 3983 556 4129 tigria
577 4066 648 4105 cum
670 3984 766 4109 audita
786 3986 956 4129 praedioin
970 3986 1136 4113 ¹i²crsidem
1154 3988 1364 4115 abddieruut.

272 4124 385 4189 eodem
408 4149 490 4190 anno
513 4138 601 4189 uatus
625 4139 670 4191 est
700 4130 885 4213 imperatori
907 4134 1127 4197 contantinus
1147 4133 1232 4217 alius,
1254 4140 1286 4198 et
1305 4132 1363 4198 ba-

274 4210 408 4305 ptisatus
432 4220 477 4273 cst
499 4212 530 4273 iu
555 4210 731 4276 Blachernis
752 4236 769 4275 a
787 4212 897 4299 Sergio
919 4217 1112 4301 patriarcha.
