3050 4900
610 423 763 490 nom
838 429 843 436 '
1151 425 1220 494 371

136 591 271 737 pisonge,
287 591 462 737 rziwmm'r
472 593 525 655 lib.
544 595 585 662 14
603 615 672 679 cup·
690 594 744 658 89.
793 593 832 658 dc
860 592 1042 659 scholastico
1073 607 1165 661 notae
1186 599 1224 660 ad

292 695 474 737 euterun.

221 777 292 851 136,
315 777 365 841 19.
416 770 451 836 τὸ
474 774 609 857 φοβερόν
627 776 742 854 θαῦμα
762 775 826 836 τῶν
846 773 942 856 eyter
966 777 988 854 ζ
1010 777 1144 862 ceadda]
1164 779 1225 841 Ba:

137 861 247 923 ronius
267 859 307 920 de
328 859 385 919 illis
407 858 440 918 iu
459 860 622 943 martyrol.
644 861 733 920 Rom.
756 858 794 920 27
818 861 897 925 Iulii.

223 963 292 1030 138,
316 957 363 1023 14-
405 955 481 1038 ἢέν
498 953 619 1042 Ἐφέσῳ
649 956 724 1039 u‘yr'n
750 954 806 1018 καί
830 955 1047 1040 circumseri]
1073 961 1227 1044 Eplresina

135 1042 270 1185 ppnodus
279 1043 361 1101 Bassi
384 1041 570 1102 etrlntiochi
593 1041 754 1102 consulatu
766 1039 918 1124 descripta
941 1046 972 1103 iu
997 1061 1111 1106 annum
1121 1034 1227 1106 Tlreoss

97 691 101 698 ’
138 699 206 760 pag.

156 1126 212 1185 osii
234 1124 364 1184 iunioris
386 1117 427 1185 94
447 1134 479 1184 et
499 1125 539 1184 95
571 1147 607 1185 cx
637 1124 835 1205 Theophanis
856 1129 928 1186 anui
945 1126 1108 1207 periodum
1130 1151 1147 1187 a
1170 1131 1227 1190 Se-

136 1209 274 1290 ptembri
291 1209 446 1268 metientis
462 1219 611 1289 computo
622 1207 747 1268 incidit:
770 1209 857 1269 lunio
878 1211 959 1282 eninr
980 1231 1083 1272 meuse
1099 1212 1228 1272 inclina.

134 1291 313 1352 taOctolsri
335 1293 541 1353 terminatur:
562 1313 643 1374 qraae
656 1313 748 1352 causa
761 1293 866 1352 forsan
889 1294 999 1374 extitit,
1022 1303 1057 1353 ut
1078 1296 1116 1357 ad
1137 1317 1228 1378 prae-

135 1375 193 1436 lati
215 1375 413 1456 imperatoris
434 1397 549 1435 anuum
570 1375 610 1435 25
632 1396 700 1434 eam
723 1377 847 1436 reseret.

223 1481 292 1559 141,
316 1486 347 1548 8.
388 1483 423 1543 ἐν
443 1479 484 1565 τῇ
508 1477 619 1564 Θάσῳ]
638 1479 744 1544 ’otae
773 1484 945 1545 correctius
967 1483 1082 1546 habent
1104 1483 1230 1566 quidam

140 1566 270 1627 codices.
313 1565 507 1646 provinciam
539 1573 621 1626 enim
656 1567 788 1649 Aegypti
809 1568 975 1644 incultam,
996 1577 1027 1628 et
1048 1568 1231 1648 intemperie

138 1650 219 1710 aeris
240 1649 348 1708 incolis
371 1647 512 1730 rigidam,
536 1651 641 1710 Oasim
662 1651 798 1728 nomine,
822 1652 954 1712 exulanti
977 1651 1118 1712 Nestorio
1142 1649 1231 1713 luisse

137 1733 321 1815 assignatam
343 1733 444 1792 tradit
457 1731 676 1793 Tlreodoretus
695 1732 734 1793 ad
756 1731 943 1813 Sporadium
965 1735 1054 1816 epist.
1079 1737 1106 1799 l.

220 1830 304 1894 Ibat
328 1835 377 1897 19.
400 1827 521 1904 Νάννος
541 1829 558 1894 ὅ
581 1825 751 1916 θεοφόρος]
775 1833 1033 1918 martyrologium
1055 1835 1231 1896 Romanum

140 1913 161 1976 2
180 1916 374 1978 Decembris.

219 2015 302 2076 idid.
318 2012 369 2076 20.
396 2012 572 2098 ,μιμὰδωνῙ
589 2016 814 2098 ραιίιοηιίηιαηι
833 1992 924 2076 fnisse
941 1980 1054 2078 unctor
1073 2017 1155 2080 vitae
1169 2016 1232 2078 eius
1297 2053 1304 2064 ·

135 2097 265 2160 lacobus
288 2097 437 2160 diaconus
459 2099 541 2160 iuter
563 2109 691 2180 patrum
710 2099 789 2161 vitas
812 2107 951 2160 testatur.

220 2213 289 2291 142,
311 2217 338 2278 1.
387 2212 615 2293 μαργαριτοῦς]
641 2233 679 2275 ex
704 2215 941 2296 margaritarum
971 2222 1003 2278 et
1033 2235 1228 2298 gemmarum

139 2294 254 2378 quihus
273 2295 464 2358 onerabatur
486 2297 584 2377 copia.

222 2409 304 2475 Ibt’d.
345 2411 516 2493 πελαγίαν]
539 2410 622 2497 quod
648 2435 665 2473 a
686 2412 838 2475 natalibus
862 2411 1052 2495 impositum,
1076 2412 1106 2472 in
1126 2411 1232 2495 bapti.

138 2514 206 2555 smo
228 2498 407 2558 restitutum
429 2518 550 2577 nomeu,
575 2504 686 2558 auctor
704 2507 749 2559 est
771 2496 899 2558 lacobus
921 2494 1044 2555 relatus.

220 2612 305 2675 thid.
330 2616 380 2679 12.
421 2602 521 2693 ἦλθεν
544 2610 812 2687 Οὐαλεπινιανός]
834 2630 993 2695 quoscum
1008 2604 1147 2671 Eudoxia
1166 2611 1234 2673 Va.

138 2694 325 2757 lautinianus
346 2695 459 2758 tertius
480 2697 637 2758 contraxit
658 2696 791 2779 nuptias,
812 2716 904 2779 quam
927 2693 1052 2755 dirersis
1074 2695 1232 2756 annisSo.

137 2789 240 2842 crates
261 2780 313 2841 lib.
333 2778 354 2840 7
373 2800 432 2860 cap
465 2778 528 2853 43„
557 2789 590 2841 et
620 2780 792 2841 chronicon
815 2779 896 2841 Alex.
919 2800 937 2837 a
959 2776 1151 2859 Theophane
1172 2788 1233 2839 sta.
1292 2846 1293 2849 Ἴ

139 2844 270 2940 tuerint,
290 2864 363 2925 ride
385 2862 467 2943 apud
480 2863 644 2924 Petusium
658 2864 698 2925 de
721 2862 801 2925 doct
814 2872 912 2944 temp.
931 2861 982 2921 lilr.
994 2859 1032 2926 13
1058 2860 1098 2921 ad
1119 2880 1233 2921 annum

138 2948 236 3012 5150.
258 2946 323 3028 ipse
341 2946 688 3026 PetaviusProsperum
710 2956 861 3030 sequutus
885 2946 951 3006 aliis
974 2964 1046 3005 coss.
1069 2961 1145 3029 quos
1167 2944 1233 3007 lixit

138 3030 284 3091 Socrates
306 3030 476 3091 celebratas
495 3032 614 3091 asserit.

221 3136 304 3199 ltid.
329 3140 381 3204 17.
417 3129 569 3215 Ἡσῦχιος
590 3132 812 3219 πρεσβύτερος]
843 3134 1124 3217 Hierosolymorum
1148 3134 1240 3195 anti.·
1366 3163 1369 3170 ·

138 3220 253 3292 stitem,
276 3220 362 3281 Sixto
384 3220 512 3280 Senensi
533 3222 564 3280 in
587 3220 750 3281 adversum
776 3219 936 3296 sentiente,
962 3218 1145 3301 Hesychium
1168 3240 1231 3277 non

138 3303 391 3448 propiltppzplpcrba
406 3303 482 3379 ista,
503 3314 536 3364 et
564 3304 721 3386 praelatae
741 3302 827 3364 urbis
850 3302 1023 3363 antistitum
1044 3300 1228 3361 laterculum

222 3491 368 3560 ltid.19.
411 3488 591 3569 hennacae
610 3484 779 3570 ἐκοιμήθη]
803 3490 945 3574 aliquotis
971 3489 1055 3550 anuis
1075 3490 1229 3571 posterla.

137 3596 206 3637 rem
228 3592 291 3638 esse
311 3576 464 3639 Melaniae
485 3575 570 3635 istius
590 3583 723 3635 mortem
744 3573 859 3634 iudicio
880 3573 955 3633 milri
977 3584 1033 3646 cst,
1057 3572 1142 3657 quod
1162 3574 1229 3633 Eu-

138 3658 257 3720 doeiam
277 3660 508 3742 imperatricem
539 3658 751 3740 Hierosolyma
783 3658 956 3737 prolectam
986 3658 1050 3738 ipsa
1071 3658 1103 3716 iu
1125 3664 1229 3716 sancta

138 3743 218 3803 urbe
239 3742 425 3827 susceperit,
455 3751 487 3805 et
517 3762 588 3801 eum
611 3762 646 3802 ea
670 3741 741 3800 nori
762 3741 870 3821 templi
900 3738 1098 3801 dedicationis
1120 3740 1230 3800 festum

138 3833 171 3886 et
192 3824 253 3886 alia
276 3828 445 3910 peregerit,
469 3845 549 3908 quae
571 3825 604 3883 in
622 3825 687 3885 eius
709 3823 772 3885 vita
793 3828 832 3891 31
855 3826 930 3885 Dec.
954 3824 1077 3884 exhibet
1098 3822 1226 3882 Sarius:

137 3908 278 3971 Eudocia
297 3932 374 3971 vero
402 3930 484 3969 anno
513 3914 662 3990 sequente
693 3904 975 3989 Hierosolymorum
997 3904 1229 3987 peregrinatio·-

137 4012 211 4053 ncm
231 4013 381 4073 agressam
409 4000 519 4053 auctor
546 3992 611 4071 ipse
640 3990 724 4050 circa
746 3990 896 4053 Melaniae
923 3991 1002 4049 sacta
1025 3986 1228 4049 hallucinatus

138 4074 295 4137 describit
316 4077 419 4137 obitus
430 4073 580 4138 Melaniae
601 4073 738 4135 incertus
757 4082 804 4134 est
826 4072 959 4135 Barouio
981 4070 1019 4133 ad
1040 4063 1229 4136 annumttss

135 4180 221 4221 nana
247 4161 295 4224 17.

224 4266 294 4342 143,
319 4270 347 4331 1.
391 4254 600 4337 &saddueaei
622 4256 772 4343 βασιλεῦς
802 4260 860 4343 τὴν
880 4257 1030 4343 γαμετήν]
1052 4282 1133 4325 anno
1153 4262 1232 4348 qui-¹
