3050 4900
300 363 372 434 992
423 317 427 329 Ι
662 370 704 431 ΙΝ
731 363 1009 430 THEOPlthEM

297 568 379 622 sem,
413 564 452 606 ne
481 543 645 626 impietatis
680 565 865 622 arcesseros,
898 542 1071 606 Christiana
1100 541 1221 614 lector,
1244 539 1385 602 verelsar.

298 632 469 692 vorborum
497 629 593 708 igitur
614 629 772 730 ipsorum,
803 623 990 709 Θεοφάνους
1009 619 1201 704 ἆμαροωλοῦ
1221 622 1303 700 vice,
1326 625 1386 684 τοῦ

296 715 331 775 ἑυ
353 709 453 790 ἁγίοις
474 708 595 790 πατρὸς
613 711 705 791 ημῶν
725 711 973 774 substituendum
995 720 1080 771 ratus
1100 729 1180 768 sum.
1222 727 1267 768 ms
1287 708 1384 770 codex

296 817 333 858 cx
358 815 422 879 quo
451 794 507 857 reli
533 815 592 870 na,
624 795 706 854 nulla
734 795 910 856 mutatione
931 794 1079 868 inducta,
1101 791 1262 874 desumpsi,
1283 791 1384 873 regius

296 887 351 957 cst,
372 899 466 938 manu
486 817 578 954 fideli,
600 877 746 960 antiqua,
776 885 808 938 et
827 877 962 960 probata
984 886 1147 952 exaratus,
1169 883 1200 935 et
1220 873 1260 934 ad
1273 875 1385 936 Leonis
1431 913 1438 930 .

297 959 503 1046 grammatici,
527 961 582 1044 qui
593 961 817 1042 Theophanem
840 961 990 1043 sequitur,
1013 971 1049 1022 ut
1066 958 1270 1039 Theophanes
1281 959 1384 1018 Geor.

296 1048 381 1128 glum
402 1044 579 1129 Syncellum
606 1046 733 1126 excipit,
763 1032 1029 1125 comparationem
1060 1045 1212 1124 inspectus
1236 1063 1270 1102 ex
1289 1045 1385 1101 Ama-

296 1127 417 1189 noensis
438 1127 638 1205 testimonio,
660 1137 733 1188 ante
753 1149 849 1190 annos
869 1136 1026 1188 sescentos
1059 1125 1240 1206 etamplius
1263 1123 1381 1185 deseri.

294 1221 367 1294 ptus
379 1208 568 1291 agnoscitur.
592 1211 698 1272 asserti
718 1209 808 1274 huius
822 1221 1003 1294 argumenta
1020 1209 1206 1293 protulimus
1224 1207 1263 1268 ad
1278 1209 1381 1270 Geor.

296 1297 339 1378 gii
360 1293 494 1378 Synoelli
515 1294 750 1376 praefationem.

394 1391 433 1470 3,
463 1393 492 1456 ll.
547 1390 754 1474 Θεοφάνους]
787 1413 850 1454 non
888 1413 966 1456 unus
994 1391 1198 1474 Theophanes
1234 1388 1382 1452 historiae

296 1477 455 1538 Romanae
476 1477 524 1538 vel
544 1475 729 1560 Byzantinos
751 1477 906 1557 scriptor,
929 1484 983 1538 sut
1006 1476 1100 1537 etiarn
1117 1475 1285 1556 praesentis
1306 1493 1383 1554 opc-

294 1561 336 1622 ris
360 1559 482 1622 auctori
512 1580 665 1636 coaevus,
697 1558 746 1620 vel
768 1579 892 1640 suppar.
945 1559 1170 1642 antiquissimas
1193 1567 1237 1618 est
1258 1556 1381 1639 Mityle.

294 1665 386 1704 naeus
408 1642 550 1725 Pompeii
579 1645 621 1704 M.
645 1643 675 1703 in
697 1641 813 1704 bellicis
842 1642 1088 1723 expeditionibus
1110 1641 1204 1716 miles,
1227 1648 1258 1700 et
1279 1649 1382 1722 gesto..

293 1749 366 1790 rum
386 1727 470 1788 testis
492 1747 529 1788 ac
548 1747 686 1809 praeco,
716 1747 733 1785 a
765 1725 874 1788 Vossio
897 1726 935 1786 de
958 1724 1112 1788 historicis
1141 1725 1266 1786 Graecis
1287 1723 1340 1787 lib.
1364 1723 1380 1784 l

292 1809 1008 1976 ttiniigttltllltn.Metilii}
1028 1827 1381 1975 tittltlttlttt

292 1997 345 2037 ncs
371 1977 480 2039 lustini
499 1975 626 2038 secundi
653 1975 770 2036 bellum
797 1975 976 2054 Persicum,
997 1979 1212 2060 Romanasque
1233 1995 1293 2053 res,
1314 1993 1380 2050 suo,

295 2057 327 2119 id
349 2067 405 2137 cst,
426 2059 534 2120 lusliai
555 2058 714 2140 tempore,
735 2059 809 2118 olim
830 2057 916 2136 visas,
938 2059 1023 2120 libris
1046 2059 1171 2133 decem,
1195 2079 1272 2141 quos
1293 2057 1380 2118 Pho-

292 2143 353 2204 tius
375 2143 531 2224 perlectos
560 2151 730 2217 memorat,
762 2141 885 2226 scriptis
916 2143 1117 2226 consignavit.
1169 2151 1295 2224 quartus
1329 2140 1381 2202 hic

293 2236 407 2287 auctor
426 2235 534 2286 noster
565 2227 659 2286 ctiam
668 2225 832 2308 Bysaotirrs
842 2226 1028 2309 Byzantinos
1051 2225 1197 2288 historiae
1218 2247 1236 2285 a
1256 2224 1382 2286 Diocle-

292 2310 378 2371 tiano
401 2309 441 2370 ad
464 2273 646 2370 Michaelem
677 2308 847 2390 Nicephori
873 2329 1022 2390 generum
1044 2311 1202 2392 scriptor,
1227 2308 1380 2389 Georgius

289 2394 425 2471 nomine,
446 2391 858 2477 cognomineTheophanos,
881 2391 967 2476 quod
989 2393 1117 2476 Georgii
1138 2391 1270 2476 Syncelli
1292 2391 1381 2453 fami-

289 2477 374 2539 liaris
395 2476 541 2553 extiterit,
562 2488 593 2539 ct
615 2478 679 2538 eius
691 2476 964 2560 chronographiae
981 2479 1192 2554 continuator,
1213 2490 1380 2558 petperam

289 2560 409 2636 Vossio,
430 2560 560 2644 aliisque
581 2582 644 2622 non
665 2558 799 2621 indoctis
821 2560 904 2637 viris,
928 2561 1010 2625 litat
1030 2582 1100 2643 cap.
1116 2554 1156 2621 24
1177 2568 1378 2641 noncupatus.

290 2644 365 2704 alius
389 2644 502 2705 iterum
524 2644 586 2704 hoo
607 2654 717 2705 nostro
733 2642 936 2725 Theophanes
959 2642 1065 2705 iunior
1085 2644 1234 2705 Nicaenus
1257 2644 1381 2725 episco-

312 2748 347 2788 os
365 2708 529 2788 Theodori
551 2728 664 2800 frater,
688 2734 720 2785 et
741 2746 813 2786 cum
834 2747 872 2786 eo
894 2734 1071 2787 sanctorum
1090 2727 1256 2808 imaginum
1277 2725 1379 2787 cultus

287 2746 417 2884 defensi,
438 2809 477 2869 ab
499 2810 595 2890 impio
617 2806 793 2888 Theophila
815 2829 885 2870 reus
905 2811 1151 2893 pronunciatus,
1170 2808 1303 2893 usvrnppi
1323 2808 1381 2885 μί-

290 2894 363 2953 len
387 2892 550 2967 litteratus,
573 2890 686 2973 ingenii
706 2889 843 2975 lidcique
863 2903 1063 2956 monumenta
1085 2894 1212 2977 reliquit
1233 2892 1380 2953 laudatis-

290 2974 378 3049 sima,
401 2996 418 3034 a
438 2974 603 3035 Posseviuo
637 2974 797 3036 recensita.
851 2976 1041 3040 Coaetaneus
1064 2979 1144 3037 alter
1164 2974 1379 3057 Theophanes,

291 3066 322 3119 et
352 3058 577 3118 monachorum
605 3056 707 3131 (haud
726 3058 980 3138 nominatorum)
1013 3062 1210 3142 praepositus
1242 3059 1299 3119 sub
1319 3058 1379 3118 Mi-

291 3140 396 3202 chaelc
416 3140 583 3221 Theophili
605 3132 692 3217 lilio,
714 3142 801 3203 cuius
830 3163 909 3225 opus
929 3144 960 3205 in
990 3144 1157 3225 Nicephori
1178 3142 1378 3225 patriarchae

292 3224 427 3301 axilium,
451 3232 484 3285 ct
496 3223 701 3308 reliquiarum
720 3225 784 3287 eius
800 3226 1034 3289 translationem
1044 3224 1379 3307 refertMetaphrastes,

291 3315 374 3369 etex
394 3329 432 3371 eo
447 3308 556 3369 Sarius
576 3308 683 3369 martii
704 3306 754 3370 die
775 3308 1003 3375 decimotertio.
1044 3310 1191 3393 soptimns
1211 3307 1379 3389 Theopha-

291 3412 344 3451 nes
366 3391 503 3453 eiusdem
523 3412 594 3452 cum
614 3390 725 3453 Basilio
740 3392 910 3454 Macedone
925 3392 1080 3455 Michaelis
1102 3413 1277 3455 successore
1298 3400 1381 3453 tem-

290 3474 387 3557 poris,
402 3476 566 3536 Cerameus
580 3482 635 3551 est,
655 3474 706 3535 ille
719 3477 997 3538 Tauromenitanam
1018 3475 1157 3559 praesul:
1180 3476 1220 3538 de
1240 3495 1303 3558 qno
1325 3496 1379 3535 ac-

292 3566 409 3636 curate,
429 3559 484 3640 qui
498 3577 595 3639 opera
615 3558 679 3619 eius
692 3560 723 3618 in
738 3558 898 3639 publicum
910 3562 1073 3644 evulgavit,
1087 3560 1269 3622 Franciscas
1284 3558 1380 3619 Scor·

290 3661 352 3703 sas.
391 3642 488 3736 alium
517 3660 624 3737 rursus
654 3642 768 3737 amicus
791 3652 822 3703 et
846 3644 1019 3705 litterarum
1043 3664 1144 3706 amans
1166 3646 1230 3705 Leo
1252 3642 1378 3703 Allatios

290 3724 1163 3890 {titiiMlti.ttitlhtllttttnttt‘lt.
1179 3746 1307 3891 ..titt
1320 3724 1380 3869 :¹55

290 3882 506 3970 ὖμυογροίφου.
560 3890 624 3952 eius
644 3891 740 3953 ves-ha
770 3890 858 3953 haec.
890 3890 1047 3973 Θεοφάνει
1074 3895 1134 3968 μὲν
1165 3882 1219 3955 osis
1238 3886 1300 3955 τινί
1319 3889 1378 3951 τοῦ

290 3966 381 4048 ἱεροῦ
401 3973 629 4053 πρεσβυτερίου
659 3974 836 4055 η’ξιωρώῳ,
857 3975 910 4034 soi
934 3974 976 4059 τῷ
996 3976 1150 4059 καταλίγρι
1173 3974 1378 4079 η’ριθμρμέυᾳ

289 4054 351 4114 rasis
371 4054 518 4134 μουαχόυ
539 4049 561 4115 οἷ
577 4052 645 4134 βίος
667 4057 760 4117 rosida
781 4059 839 4119 τοῦ
859 4058 1017 4137 μακαρίου
1033 4058 1212 4135 πεπόνητοι.
1255 4076 1293 4117 ου
1316 4050 1379 4135 priv

291 4131 373 4197 oillei
397 4135 582 4216 Μρίδραμε
603 4136 836 4221 autunnalis,
850 4132 906 4211 ¹iias
925 4138 1002 4203 sosoi
1023 4140 1165 4221 σπουδήν
1181 4140 1287 4243 ίκείυρο
1302 4160 1378 4201 oos-

291 4213 457 4303 ε’ξυφᾰυθρ
485 4215 521 4282 si
544 4217 688 4305 πόνημα·
742 4220 852 4301 ἀμέλει
879 4225 934 4285 καί
962 4214 1007 4297 οἷς
1027 4220 1141 4298 ἐκεῖνος
1161 4224 1217 4287 τοῦ
1236 4242 1379 4303 pompos
