3050 4900
252 241 327 315 358
623 241 666 309 ΙΝ
693 236 973 308 remeassent

250 413 304 476 hic
326 413 541 496 interpretem
563 411 708 496 appictao
726 409 905 476 huiusmodi
923 405 1148 495 significantiae
1168 407 1347 470 auctorita-

252 507 298 562 tes
318 497 393 560 alibi
410 498 551 578 profero.
1298 498 1301 508 ’

338 590 407 670 104,
428 593 461 654 6.
501 589 571 656 scits
603 593 659 654 sci
679 593 805 673 Πέτρος
830 585 1084 674 Ἀλεξανδρείας]
1105 589 1192 652 Petri
1212 589 1347 652 Alexan..

255 679 356 740 driam
376 677 521 754 reditum,
541 685 575 738 et
599 677 688 738 Lucii
709 677 894 738 eiectionem
920 673 1064 736 Socrates
1085 673 1138 736 lib.
1159 667 1181 736 4
1201 694 1271 756 cap.
1293 673 1347 752 30,

255 773 288 824 et
307 763 497 824 sozomenus
520 760 573 823 lib.
594 757 615 820 6
637 779 704 842 cap.
727 757 768 822 39
801 759 841 821 ad
862 757 999 818 Valentis
1021 765 1165 840 tempora
1190 759 1348 821 referunt.

254 845 387 906 Lucium
407 851 491 905 tacet
510 843 726 920 Ecchellensis,
755 849 788 904 et
809 842 874 904 eius
895 861 990 902 annos
1012 840 1178 903 confisndit
1197 863 1269 902 cum
1288 841 1350 902 Ti-

161 956 170 967 ·
255 927 391 1002 mothel,
415 947 508 1010 quem
523 927 612 988 Petri
638 947 846 990 successorem
867 923 1002 1001 ordinat,
1023 934 1055 987 et
1078 919 1208 988 anuosfi
1231 931 1264 988 et
1283 924 1349 987 dies

258 1009 319 1074 156
341 1031 481 1092 regnasse
509 1019 608 1073 notat.

339 1109 424 1172 Ibid.
448 1107 496 1171 10.
538 1107 573 1170 ἐν
592 1107 629 1170 δὲ
648 1105 838 1193 Ἀντιοχείᾳ]
861 1105 900 1168 ad
921 1106 1065 1170 Gratiani
1089 1114 1121 1168 et
1139 1103 1351 1168 Valentiniani

257 1192 389 1256 iunioris
408 1192 575 1275 imperium
595 1200 667 1254 aute
682 1193 811 1254 ascitum
824 1189 1046 1266 Theodosium,
1069 1189 1135 1266 ista,
1156 1210 1276 1252 necnon
1303 1189 1353 1252 le-

256 1299 308 1360 ges
333 1275 371 1337 de
386 1275 567 1339 revocandis
588 1275 621 1337 iu
635 1277 720 1338 sedes
733 1275 897 1357 episcopis,
922 1273 1117 1337 coniicienda
1138 1272 1352 1336 docetTheo-

258 1363 398 1436 doretns,
420 1379 456 1422 ex
477 1381 541 1444 quo
562 1359 639 1422 haec
651 1359 868 1440 Theophanes,
893 1357 983 1418 lih.5
1004 1378 1040 1418 ca
1064 1356 1104 1417 .0
1127 1365 1160 1419 et
1180 1353 1210 1433 3,
1232 1357 1353 1420 Socra-

189 1475 196 1490 ·
256 1453 304 1508 tes
324 1443 377 1505 lib.
398 1441 418 1504 6
438 1463 506 1526 cap.
530 1443 549 1504 9
572 1452 604 1505 et
621 1463 729 1526 seqq.,
750 1440 939 1502 sozomenus
961 1439 1014 1503 tin.
1036 1377 1062 1501 l
1080 1460 1149 1524 cap.
1169 1440 1188 1502 2
1209 1449 1239 1502 et
1257 1443 1290 1508 3.

343 1539 412 1624 106,
432 1540 462 1604 3.
504 1539 578 1606 τότε
597 1537 763 1617 Διόδωρον
786 1537 964 1622 ἐπίσκοπον]
984 1561 1019 1601 es
1038 1539 1234 1602 Tlseodoreti
1255 1541 1307 1601 lib.
1330 1539 1352 1602 5

258 1645 329 1708 esp.
346 1618 377 1704 4,
400 1625 455 1710 qui
475 1633 590 1689 cuncta
608 1633 683 1688 ante
701 1621 880 1687 Theodosio
905 1624 1055 1686 traditum
1078 1623 1244 1706 imperium
1266 1635 1354 1708 gesta

258 1717 401 1771 testatur.

341 1789 422 1851 Ibid.
447 1787 494 1849 14.
538 1787 584 1861 stc
600 1783 635 1850 sd
656 1783 822 1872 εὔκτὴριον
847 1789 902 1869 τῆς
924 1784 1017 1866 ἁγίας
1035 1785 1256 1872 Ἀναστασίας]
1279 1789 1352 1852 locu

258 1873 337 1934 haec
361 1879 549 1954 congruunt,
570 1881 601 1934 et
621 1893 716 1935 anno.
761 1874 801 1935 de
829 1875 971 1934 oratorio
994 1873 1166 1935 Anastasius
1190 1897 1206 1932 a
1228 1875 1354 1957 Grego-

260 1957 310 2016 rio
332 1955 480 2037 theologo
503 1954 661 2028 excitato,
690 1964 732 2017 et·
750 1953 961 2026 Ἀναστασιάς
989 1957 1053 2018 sive
1080 1951 1278 2028 ἀναστάσεως
1310 1957 1354 2018 oh

261 2039 334 2100 fidei
357 2038 619 2100 resurrectionem
640 2038 673 2100 iu
692 2060 732 2102 eo
752 2039 978 2102 manifestatam
1001 2037 1098 2115 dicto,
1120 2037 1221 2122 deque
1242 2039 1353 2120 primis

260 2120 378 2184 ibidem
399 2121 468 2182 visis
492 2121 649 2183 miraculis
677 2123 853 2185 luculenter
870 2121 1022 2184 Barouius
1044 2121 1084 2184 ad
1105 2144 1219 2185 aunum
1238 2121 1355 2186 Christi

262 2202 325 2266 378
346 2225 430 2266 num.
451 2201 494 2268 56
516 2213 549 2266 et
567 2225 654 2290 seqq.

341 2304 425 2365 Ibid.
449 2301 497 2366 19.
538 2299 715 2385 Γρανιανὸς
732 2295 749 2365 d
769 2297 921 2383 βασιλεῦς
933 2301 1088 2390 ἀνῃρέθη]
1110 2314 1268 2387 arreptum
1290 2327 1357 2387 po-

263 2385 324 2448 tins
345 2409 364 2451 a
385 2388 517 2448 Maximo
540 2387 761 2473 tyrannidem,
788 2410 883 2473 quam
910 2389 1028 2453 illatam
1050 2387 1202 2451 Gratiano
1236 2409 1355 2468 necem,

262 2468 337 2533 huic
359 2493 441 2533 auno
461 2471 631 2534 Theodosii
652 2482 768 2555 quarto
791 2471 967 2534 sociandam
990 2493 1053 2533 uno
1074 2472 1154 2557 stylo
1177 2482 1358 2535 contestan-

264 2562 318 2615 tur
338 2554 563 2616 chronicornm
585 2566 728 2618 auctores
756 2554 912 2639 Prosper,
933 2556 1131 2618 Marcellinus
1159 2575 1271 2637 comes,
1294 2558 1357 2620 So.

264 2644 365 2700 crates
385 2638 439 2699 lib.
462 2636 483 2699 6
502 2658 570 2721 cap.
595 2641 631 2704 ll
656 2637 829 2700 chronicon
851 2638 1102 2705 Alexandrinum.

351 2732 420 2814 106,
443 2734 475 2798 5.
514 2737 559 2820 τῷ
579 2736 617 2797 'd’
647 2734 736 2821 αὐτῷ
761 2734 880 2823 χρόνῳ]
911 2734 1075 2817 ἱστορικαῖς
1104 2746 1227 2800 tantum
1270 2736 1357 2799 hand

266 2818 421 2897 χρονικῶς
438 2818 533 2881 scribi
555 2818 672 2883 docent
690 2821 787 2882 verba
807 2821 870 2898 illa,
890 2821 934 2905 τῷ
949 2820 977 2882 δ’
990 2819 1076 2907 αὐτῷ
1095 2815 1215 2907 χρόνῳ·
1237 2782 1360 2883 'mem

266 2915 416 2998 tempore,
435 2902 515 2979 sive,
536 2906 617 2964 circo
636 2916 751 2987 tempus
779 2904 866 2965 tund.
909 2905 1075 2966 confirmat
1099 2906 1145 2967 les
1164 2904 1217 2965 hic
1236 2926 1361 2966 memo..

268 2994 338 3080 rata
360 3006 391 3044 m
413 2984 568 3083 Theodos.
592 2987 665 3048 cod.
698 2996 803 3059 extans
824 2989 976 3051 Gratiano
998 2990 1076 3070 Aug.
1097 2989 1136 3050 V.
1159 2996 1192 3051 et
1211 2987 1362 3051 Theodo-

267 3086 315 3127 sio
336 3069 362 3129 Ι.
386 3087 461 3129 coss
484 3092 540 3153 qus
559 3068 726 3132 Theodosii
747 3070 872 3154 imperii
893 3092 989 3133 annus
1007 3092 1137 3155 sequens
1160 3082 1216 3147 est,
1241 3073 1316 3134 lats.

354 3164 476 3246 1024.
525 3161 688 3251 ἧμεγάλη
708 3169 763 3233 ssi
787 3163 1007 3251 οἰκουμενική]
1041 3190 1135 3254 qnam
1163 3192 1200 3233 er
1229 3172 1363 3231 Socrate

269 3247 393 3331 signetis
414 3251 590 3315 consulibus
621 3252 799 3317 Eucharide
832 3263 864 3315 et
890 3254 1046 3335 Euagrio,
1075 3250 1288 3336 pronunciant
1308 3252 1363 3313 alii

270 3332 436 3417 Syagrium
458 3346 489 3397 et
500 3336 701 3412 Eucherium,
724 3359 807 3399 anno
820 3334 989 3399 Theodosii
1011 3338 1108 3400 tertio
1129 3337 1283 3422 synodum
1296 3336 1361 3398 ΟΡ.

270 3427 431 3499 peractam
451 3420 555 3480 cuncti
576 3421 675 3482 ferme
694 3419 881 3505 chronologi
902 3428 1060 3493 statunut;
1082 3420 1184 3483 miror
1193 3418 1364 3502 Theopha-

270 3520 343 3559 uem
364 3500 396 3560 in
418 3499 577 3578 eiusdem,
598 3522 661 3586 quo
689 3503 842 3565 celebrari
874 3524 937 3563 non
960 3502 1084 3585 potuit,
1106 3526 1222 3565 annum
1242 3514 1364 3565 sextum

271 3580 431 3660 distulisse,
453 3605 517 3667 qno
540 3585 653 3668 Syricii
674 3606 774 3668 papae
788 3588 921 3647 Romani
942 3608 1057 3647 anuum
1081 3598 1229 3671 quartum
1252 3608 1364 3647 nnme-

272 3676 333 3742 rat,
355 3667 443 3728 euius
472 3678 616 3750 tempora
645 3668 780 3753 synodus
800 3668 907 3733 eadem
936 3672 1030 3817 longo
1059 3672 1160 3754 spatio
1183 3670 1363 3732 antevertit.

272 3750 423 3895 {ogrgteg
427 3750 496 3895 ο111).
525 3750 545 3813 5
574 3773 640 3836 cap.
662 3752 700 3831 8,
729 3751 923 3817 Tiseodoret.
949 3756 970 3815 l.
1007 3799 1016 3817 .
1045 3775 1072 3817 c.
1096 3754 1138 3837 8,
1173 3755 1364 3817 sozomenus

360 3916 432 3995 108,
445 3916 478 3978 4.
518 3912 574 3979 τὸν
595 3911 823 3999 concessisses
843 3915 944 4004 λόγον]
968 3920 1143 3983 orationem
1167 3940 1366 4005 componen-

275 3993 564 4093 disuepiscoporum
593 4000 721 4064 dissidiis
754 4002 871 4065 dictam
896 4004 1037 4066 nonnulli
1066 4006 1249 4083 existimant,
1270 4026 1365 4087 quam

274 4087 380 4163 potius
401 4104 463 4164 pro
485 4084 654 4149 abdicanda
675 4085 747 4149 sede
767 4086 1002 4171 pronuntiatum
1031 4109 1103 4153 cum
1123 4088 1213 4152 llillio
1247 4086 1364 4151 iudico.
