3050 4900
657 333 805 402 NOTAE.
1195 339 1266 409 383

177 505 319 588 deuna
349 503 390 564 ab
412 503 582 566 homiuibus
609 513 783 570 eontmrlae
798 509 974 590 suesionis,
1000 524 1029 574 et
1049 511 1206 574 σαΙίασαιε
1224 530 1267 579 est

176 592 242 651 loco
271 588 336 647 eires
358 587 530 650 Timoneas
552 588 672 650 Ausus:
707 604 770 652 εαατ
805 595 937 656 loannes
968 593 1185 673 Dninusades,
1213 603 1269 682 qui

169 673 350 745 xresuscitatus
370 683 417 732 est
439 683 509 753 post
539 671 653 733 odinum
673 677 765 752 Αναί,
797 689 860 736 tram
882 697 1014 738 mer-sin
1035 691 1078 738 est
1099 677 1205 740 Petrus
1224 683 1268 744 ad

173 775 260 816 rreum
277 753 399 829 sedem,
431 767 462 815 ct
476 755 553 816 obiit
599 769 691 817 narra
712 757 833 819 Haturi
859 759 910 821 die
930 761 1093 825 domtirica.
1133 763 1209 824 vixit
1230 785 1265 828 ea

176 837 289 902 eodem
309 855 406 897 annos
425 835 459 918 8,
485 837 548 900 dies
571 777 601 899 il.

275 937 345 1017 164,
368 935 417 1002 14.
460 936 649 1017 Πενλχερεά
670 931 690 1017 ἦ
711 938 866 1020 μακιαριῖε]
889 961 970 1000 anno
994 942 1145 1005 Marciani
1168 946 1263 1008 terlio

171 1019 371 1083 Pulcheriam
392 1021 456 1081 foto
484 1021 621 1082 functam
642 1029 776 1082 testatur
808 1020 981 1085 chronicon
1003 1027 1262 1093 Alexandrinum:

172 1105 284 1166 fallunt
304 1106 419 1186 seipsos
440 1101 572 1186 proinde
617 1102 649 1162 ui
668 1123 703 1165 cr
725 1103 836 1166 eodem
860 1113 973 1190 quarto
995 1109 1105 1172 obiisse
1126 1125 1262 1194 ponunt;

170 1187 476 1270 Theophanemque,
511 1187 560 1250 vel
592 1125 770 1249 ledrennm
810 1191 962 1272 propriae
999 1195 1169 1268 sentcntiae
1207 1219 1262 1260 nu.

171 1281 276 1334 olores
304 1293 336 1333 se
371 1270 563 1334 constituere
586 1271 715 1354 fingunt.
757 1269 902 1336 videatur
922 1274 1036 1338 ldalim
1068 1275 1106 1338 ad
1129 1279 1261 1342 eundem

172 1377 303 1417 annum.

272 1457 343 1530 165,
363 1455 395 1522 3.
437 1454 662 1532 σιτοπομπίαν]
690 1461 897 1516 commeatum
917 1464 949 1519 et
970 1477 1124 1520 annonam
1149 1459 1178 1520 in
1202 1481 1260 1522 arr-

167 1537 238 1600 hem
269 1538 387 1622 regiam
416 1533 597 1599 Alexandria
624 1538 906 1621 transportandam.
934 1541 1149 1622 σιτοαομψεάν
1179 1563 1258 1626 pro.

168 1620 324 1684 annullavit
351 1621 423 1682 vat.
449 1625 465 1686 1
490 1642 545 1684 ms.

265 1719 350 1786 leid.
374 1723 424 1788 10.
470 1716 615 1791 unisse
650 1713 785 1782 ἔνασσεν
812 1715 870 1799 τὴν
896 1715 1063 1807 Ἀτταλίαν]
1086 1725 1258 1806 Aquileiam

130 1821 135 1831 ’
167 1826 249 1866 anuo
272 1805 423 1866 Marciani
455 1803 551 1866 tertio
583 1805 623 1866 ab
653 1805 748 1866 attila
770 1803 908 1868 dirutam
936 1804 1078 1868 scribunt
1098 1810 1258 1872 Marcelli-

166 1887 492 2030 numffiCassiodorus,
521 1885 674 1950 chronica
708 1887 880 1972 Ungarica,
909 1887 1077 1970 Burouius,
1109 1891 1256 1976 valesiis,

166 1981 201 2034 εἰ
223 1993 345 2131 ειι1111.
369 2075 418 2136 11.
467 2063 636 2140 Θεοδόσιος
663 2064 816 2150 μοναχός]
844 2071 995 2154 Euagrius
1017 2071 1071 2136 lib.
1095 2073 1114 2134 2
1134 2093 1202 2158 cap.
1223 2074 1254 2154 5,

165 2151 318 2214 Barouins
341 2155 380 2214 ad
404 2175 519 2214 annum
542 2150 605 2213 459
625 2174 708 2213 uum.
730 2149 772 2213 96
795 2162 827 2215 ct
846 2175 932 2238 seqq.

266 2253 397 2330 166,18.
423 2249 682 2322 Ουἀλεντινιανὸς
698 2248 862 2329 βασιλεύς]
884 2253 984 2330 Actio,
1003 2263 1035 2314 el
1050 2253 1162 2316 Studio
1177 2277 1252 2319 coss.

164 2333 288 2394 Aetium
308 2357 325 2395 a
346 2333 567 2396 Valentiniano
587 2333 742 2395 sublatum
755 2335 895 2417 Prosper
916 2336 1059 2397 editionis
1081 2339 1251 2418 sirmundi,

161 2418 378 2493 Marcellinus,
408 2418 542 2493 idatius,
564 2424 596 2478 et
616 2416 668 2479 alii
688 2425 852 2485 testantur.
894 2415 951 2481 hos
975 2425 1078 2480 lamen
1098 2441 1172 2484 coss.
1197 2445 1252 2483 nu·

160 2522 237 2562 num
258 2502 408 2563 Marciani
428 2510 586 2585 quartum,
608 2509 645 2560 nt
665 2500 775 2563 chron.
798 2501 1055 2575 Alexandrinum
1081 2503 1132 2564 ulii
1156 2506 1250 2589 quin.

159 2594 245 2662 tum,
266 2595 303 2647 ut
321 2584 487 2666 Prosperi,
510 2584 701 2668 consignasse
730 2585 913 2647 observant:
937 2584 1178 2649 Alexandrinum
1200 2610 1249 2652 sc-

159 2670 269 2751 quitur
296 2668 510 2751 Theophanes.

261 2771 344 2848 167,
377 2768 425 2835 14.
472 2762 734 2840 Ουάλενττνεανός
770 2760 790 2827 d
822 2766 879 2849 τῆς
905 2764 1030 2849 Ῥώμης
1054 2768 1249 2855 βασιλεύων]

158 2874 241 2914 anno
264 2854 414 2915 Marcioni
434 2850 544 2935 quinto
565 2852 817 2915 Valentinianum
854 2853 1025 2913 nlllaxirno
1049 2852 1249 2917 interfectum

156 2935 330 2998 chronicon
359 2936 601 2997 alexandrinum
630 2936 739 2997 scribit
771 2935 837 3015 ipso
867 2934 1084 2996 Valentiniano
1116 2936 1187 2997 Vlll
1216 2944 1248 2999 ct

155 3020 321 3081 Anthemio
351 3040 427 3085 coss.
457 3018 569 3103 quihus
597 3018 747 3102 Prosperi
780 3018 969 3097 chronicon,
998 3025 1030 3080 et
1049 3018 1246 3083 Marcellinus

156 3124 224 3165 cum
246 3104 353 3165 refert.

255 3204 325 3282 168,
345 3204 377 3270 3.
416 3202 457 3287 τῇ
478 3200 618 3284 Εὕδοξίᾳ
636 3194 691 3285 βίᾳ
710 3200 903 3279 συνεγένετο]
925 3219 1053 3263 uxorem
1079 3198 1137 3261 sibi
1160 3219 1245 3260 sum.

152 3283 247 3367 psisre
271 3293 382 3347 norant
390 3283 515 3362 Iduum,
532 3296 564 3347 et
579 3284 751 3367 Procopius
765 3283 803 3345 dc
821 3282 904 3347 bello
915 3282 1017 3349 Vand.
1040 3280 1091 3347 lib.
1107 3286 1134 3362 1,
1147 3304 1245 3367 quaro

154 3362 192 3429 ud
215 3367 273 3453 βίᾳ
292 3368 378 3432 deest
399 3371 431 3431 in
454 3370 519 3432 Pal.
541 3376 573 3431 et
589 3368 725 3453 Peyrez.¹
739 3387 795 3427 ms.

235 3468 315 3533 Iba'd.
347 3472 398 3535 19.
450 3462 519 3542 ἔτας
539 3464 586 3551 ἓν]
615 3488 679 3529 nou
710 3466 902 3548 completum
932 3462 1068 3548 intelligo
1094 3485 1129 3529 cx
1161 3464 1244 3527 Pro.

150 3548 249 3634 speri,
268 3550 411 3615 chronici
423 3551 587 3614 Alexandr.
609 3550 730 3612 Sidonii
752 3550 837 3613 lib-2
858 3548 945 3631 episi.
962 3552 1000 3617 13
1024 3547 1222 3617 auctoritate.

241 3654 312 3729 169,
334 3658 365 3719 1.
379 3647 497 3729 nadair
518 3649 554 3712 dd
573 3644 626 3713 rhu
635 3648 790 3726 Μαξεᾍισν
802 3646 954 3724 θάνατον]
976 3647 1125 3710 historiae
1145 3646 1241 3709 cliro.

150 3731 357 3819 nologiaequc
375 3756 497 3798 merum
518 3734 580 3795 hoc
606 3734 699 3797 chaos
726 3738 922 3814 componunt
941 3729 1078 3805 Idalias,
1107 3730 1243 3825 Marcel-

148 3816 421 3969 hpmdidonius,
439 3818 657 3897 Cassiodorus,
678 3819 856 3895 lornaudes,
885 3814 1039 3898 Papyrius
1061 3814 1241 3890 Mussoums,

249 4000 380 4067 11617.
422 3994 622 4080 ἐτελεύτησεν
641 3992 794 4073 Bosora]
818 3996 857 4059 ad
878 3996 953 4059 ulios
984 3996 1123 4080 quinque
1144 4016 1240 4059 annos

146 4082 309 4146 Endociae
333 4092 468 4147 mortem
487 4080 649 4167 protrahit
670 4080 822 4144 Batonius
845 4100 880 4145 cx
909 4078 1084 4163 Nicephoro
1115 4078 1153 4142 ad
1182 4102 1240 4142 an.

146 4188 224 4229 num
253 4161 317 4231 46⁰
339 4190 423 4231 uum.
439 4166 490 4233 22.
