3050 4900
297 248 371 375 aaa
449 293 660 389 mssrssu
694 293 888 400 msrouu
923 291 1229 364 accamrssucs

294 486 353 548 per
372 467 597 548 Dargamernm
622 485 684 546 pro
704 483 783 546 pace
804 485 909 527 rursus
942 465 980 526 acl
1003 465 1184 530 Michaelem
1207 467 1382 549 imperato.

294 570 362 610 rem
382 549 565 632 legationem
585 548 677 622 misit,
700 568 850 630 quaerens
879 547 1004 610 foedera
1028 571 1108 632 quae
1127 551 1183 611 snb
1204 551 1381 614 Theodosio

293 632 511 694 Hadramitino
532 640 564 692 et
575 634 730 693 Germano
745 631 922 711 patriarcha
942 633 1126 714 repromissa
1140 635 1274 696 tuamne
1295 635 1378 696 Cor.

292 715 398 791 mesic,
420 701 475 797 qni
498 735 556 797 per
582 715 657 775 illud
687 721 806 794 tempus
829 714 995 795 vulgariae
1025 715 1166 778 dominns
1189 717 1377 796 habebatur,

293 819 374 880 quae
402 798 551 859 terminos
579 797 780 859 continebant
811 819 828 858 a
850 796 998 861 Meleonis
1018 798 1264 876 Thracensihus,
1286 802 1378 862 vesti.

290 889 396 942 menta
418 900 483 964 qno
507 901 547 942 ue
565 901 619 942 seu
642 881 800 942 coccineas
820 880 914 961 pelles
947 902 1042 965 nsque
1066 883 1103 944 ad
1127 885 1263 964 pretinm
1284 886 1377 966 quin.

291 964 440 1046 quaginta
473 963 495 1024 li
519 986 625 1026 rarum
645 965 731 1039 anri,
754 973 787 1024 et
816 983 910 1046 super
939 964 1015 1026 haec
1044 967 1194 1048 prologos
1214 967 1376 1050 utriusque

288 1047 386 1188 partis
410 1047 449 1108 ad
471 1047 659 1130 alterutrum
680 1044 778 1123 reddi,
800 1047 823 1110 si
850 1048 1027 1130 contigisset
1048 1069 1099 1109 eos
1124 1049 1260 1110 insidiari
1280 1071 1374 1134 prae-

301 1130 375 1203 atis;
397 1130 589 1212 negotiantes
620 1151 696 1192 vero
716 1130 747 1190 in
771 1143 905 1214 utraque
926 1131 1053 1214 regione
1077 1153 1136 1214 per
1156 1141 1322 1215 praecepta
1344 1145 1377 1196 et

287 1213 443 1296 signacula
471 1213 701 1278 commendari:
728 1213 754 1273 si
785 1215 839 1298 qni
869 1236 945 1275 vero
974 1215 1038 1277 sine
1067 1215 1223 1298 signaculo
1258 1217 1376 1280 inventi

285 1297 423 1373 fument,
444 1295 659 1380 diriperentur
681 1317 762 1380 quae
783 1297 951 1376 haberent,
975 1308 1008 1360 et
1029 1299 1224 1361 inferrentur
1243 1299 1376 1382 publicis

285 1380 471 1442 rationibus.
526 1381 649 1462 scripsit
682 1381 777 1441 etiam
796 1389 829 1442 et
852 1379 1062 1442 damnationes
1084 1379 1123 1443 ad
1143 1383 1374 1464 imperatorem,

259 1461 343 1523 'nisi
363 1463 601 1526 acceleraveris”
628 1463 770 1545 inquiens
793 1463 854 1525 “ad
876 1485 999 1544 pacem,
1020 1461 1135 1527 iudicio
1158 1474 1213 1527 tuo
1237 1468 1373 1547 praelia-

284 1546 346 1607 bor
369 1556 483 1608 contra
504 1546 748 1608 Mesembriam.”
798 1546 842 1607 lais
861 1549 1018 1628 perceptis
1047 1549 1219 1630 imperator
1241 1571 1372 1634 nequam

285 1629 487 1691 consiliorum
516 1630 779 1692 admonitionibus
807 1651 917 1712 pacem
938 1633 1037 1694 miuus
1057 1632 1188 1694 admisit.
1219 1633 1287 1695 ‘sub
1312 1633 1371 1694 oh..

284 1721 375 1773 tentu
395 1713 479 1774 enim
498 1713 591 1774 falsae
612 1713 745 1795 pietatis,
769 1715 830 1774 imo
848 1713 1134 1794 indisciplinationis
1147 1723 1179 1777 et
1199 1715 1283 1777 circa
1303 1739 1371 1779 rem

284 1793 440 1878 publicam
465 1796 666 1876 perditionis,
696 1817 828 1880 nequam
855 1798 1066 1860 consiliatores
1088 1798 1263 1860 asserebant
1285 1801 1369 1862 “non

186 1887 414 1963 p.77ttoportet
436 1879 568 1960 fugitivo
597 1879 763 1953 reddere,'’
793 1879 989 1964 perhibentes
1011 1883 1041 1943 in
1064 1881 1274 1946 testimonium
1293 1883 1369 1944 illud

283 1961 492 2044 evangelicum
513 1961 632 2024 domini
652 1961 811 2044 eloquium
831 1963 1022 2046 perhibentis
1042 1969 1134 2027 “enm
1149 1965 1204 2049 qai
1225 1965 1310 2029 venit
1329 1965 1368 2028 ad

281 2065 351 2125 me,
382 2065 447 2106 non
479 2045 599 2108 eliciam
626 2047 740 2107 soras.”
786 2047 942 2109 mediante
977 2069 1053 2110 vero
1087 2069 1189 2110 meuse
1211 2050 1367 2113 Octobrio

280 2128 378 2189 aciem
400 2126 508 2210 dirigit
528 2129 683 2190 Crumnns
704 2138 814 2190 contra
829 2130 1042 2192 Mesembriam
1064 2130 1098 2192 in
1118 2131 1368 2195 machinamentis

281 2220 313 2271 et
334 2213 492 2289 manganis
514 2221 545 2273 et
567 2213 726 2289 arietibus,
749 2234 829 2296 quae
850 2213 1019 2294 Nicephori
1040 2217 1221 2292 occasione,
1243 2215 1367 2278 destru-

280 2294 375 2354 ctoris
396 2294 520 2372 Christi,
542 2295 704 2358 didicerat.
753 2297 850 2360 Arabs
873 2298 955 2358 enim
974 2297 1099 2382 quidam
1122 2297 1161 2358 ad
1181 2298 1366 2380 baptismum

278 2389 450 2440 accesserat
461 2378 533 2440 satis
553 2401 660 2463 expers
671 2379 866 2444 mechanicae
884 2383 967 2459 artis,
988 2401 1080 2465 qnam
1101 2403 1171 2442 cum
1183 2392 1282 2444 castra
1302 2405 1367 2446 me·

277 2470 358 2523 tatus
372 2469 466 2535 esset,
490 2463 521 2523 in
544 2463 772 2548 Hadrianopoli
790 2464 965 2539 coustituit;
986 2466 1038 2526 cni
1059 2466 1176 2527 nullum
1197 2467 1365 2529 secundum

277 2547 423 2607 meritum
443 2544 589 2607 auxilinm
621 2550 669 2610 vel
696 2550 881 2611 heneficium
902 2549 1083 2625 conferens,
1109 2549 1183 2633 quin
1208 2552 1311 2632 potins
1332 2560 1364 2613 et

279 2649 388 2709 rogam
416 2630 481 2690 aius
513 2630 712 2708 abbrevians,
743 2641 989 2692 murmurantem
1020 2633 1109 2692 nimis
1140 2632 1265 2695 cecidit·
1307 2635 1362 2717 qai

276 2730 371 2793 super
390 2711 453 2774 hoc
471 2712 609 2774 tristatus
635 2716 714 2797 fugit
734 2714 774 2775 ad
795 2712 963 2795 Vulgares,
985 2722 1016 2775 et
1034 2714 1146 2776 docuit
1165 2737 1217 2778 eos
1240 2738 1362 2778 omnem

276 2795 420 2879 mangani
444 2804 553 2861 artem.
609 2797 639 2857 in
669 2796 716 2855 his
737 2796 890 2869 insistens,
912 2796 1034 2859 nemine
1055 2798 1096 2861 ob
1112 2798 1240 2860 multam
1260 2802 1362 2862 stulti.

276 2878 352 2937 tiam
373 2876 544 2953 resistente,
564 2899 623 2960 per
643 2887 744 2940 totam
766 2900 900 2941 mensem
928 2882 1012 2962 cepit
1030 2901 1108 2942 eam.
1150 2881 1286 2945 kalendis
1306 2906 1361 2945 au.

274 2967 338 3021 tem
353 2959 548 3021 Novembriia
579 2960 730 3023 aduocato
759 2961 933 3045 imperator
960 2964 1148 3047 patriarcba,
1172 2988 1242 3027 cum
1262 2988 1361 3050 angu-

273 3042 431 3118 stiaretur,
453 3042 493 3105 de
515 3065 592 3125 pace
608 3047 769 3114 consilinm
790 3048 928 3128 sumpsit.
970 3046 1099 3109 aderant
1117 3056 1220 3115 antem
1241 3055 1273 3111 et
1293 3072 1360 3113 me-

274 3127 478 3209 tropolitani,
499 3130 648 3189 Nicaeam
679 3130 823 3192 videlicet
852 3125 890 3193 et¹
905 3130 1072 3212 Cyzicenus
1096 3132 1243 3215 episcopi,
1265 3154 1358 3215 prae.

253 3209 409 3271 'sentibus
434 3232 561 3294 qnoque
581 3212 683 3293 pravis
704 3214 886 3275 consiliariis
907 3235 977 3274 cum
995 3214 1165 3277 Theodoro
1187 3216 1358 3301 hegumeno

272 3292 384 3355 Stadii.
428 3304 460 3357 et
480 3296 658 3375 patriarcba
688 3297 814 3381 quidem
839 3318 876 3357 ac
894 3297 1096 3379 metropolita
1117 3299 1266 3362 antistites
1287 3322 1358 3361 cum

272 3374 464 3459 imperatore
478 3398 587 3459 pacem
602 3379 887 3463 amplectebantur:
910 3380 982 3441 mali
1000 3402 1077 3443 vero
1097 3382 1262 3443 consiliarii
1285 3404 1356 3445 cum

170 3459 442 3536 p·tttTheodoro
469 3460 642 3543 hegumeno
663 3464 765 3525 Stadii
797 3464 877 3525 hanc
900 3464 1132 3541 subvertebant,
1153 3468 1281 3529 fatentes
1303 3468 1354 3527 “iu

271 3544 503 3608 subversionem
523 3546 619 3607 divini
637 3547 774 3609 mandati
804 3566 894 3607 nemo
914 3568 1023 3629 pacem
1041 3550 1262 3630 amplectitur:
1284 3572 1355 3611 eom

271 3628 389 3710 quippe
408 3628 463 3711 qui
491 3630 587 3708 venit,
614 3630 716 3713 inquit
743 3631 902 3707 dominus,
927 3632 966 3692 ad
989 3652 1048 3709 me,
1073 3652 1135 3693 nou
1160 3632 1279 3693 eiiciam
1302 3635 1354 3697 lo-

269 3718 348 3791 ras‚''
368 3712 535 3773 nescientes
553 3734 654 3794 neque
679 3736 759 3796 qnae
783 3712 923 3776 dicerent
953 3736 1053 3797 neque
1075 3714 1115 3778 de
1136 3715 1247 3799 quihus
1266 3716 1354 3777 affir-

268 3803 400 3871 marent,
420 3795 524 3877 primo
549 3796 674 3877 quidem
699 3796 848 3879 quoniam
869 3798 990 3859 nemine
1019 3798 1059 3860 ad
1083 3820 1137 3860 nos
1160 3820 1195 3861 ex
1217 3802 1258 3861 eis
1274 3820 1349 3861 con.

268 3877 406 3960 fugiente
432 3899 487 3939 uos
507 3899 559 3941 eos
580 3878 635 3960 qni
658 3880 740 3939 intra
761 3888 884 3941 cortem
913 3889 1005 3943 mant
1023 3880 1226 3965 prodidimus,
1246 3882 1352 3944 valen.

268 3970 314 4023 tes
334 3962 389 4022 hos
411 3982 483 4021 cam
505 3982 582 4045 pace
600 3962 739 4043 salvare3
759 3962 895 4025 secundo
916 3984 992 4026 vero
1014 3964 1088 4048 quia
1107 3974 1140 4028 et
1161 3966 1187 4025 si
1205 3966 1352 4049 fugeruut
1390 4032 1393 4037 ,

268 4045 333 4107 rari
356 4044 480 4141 guidam
503 4044 544 4106 ad
559 4066 624 4121 nos,
648 4066 708 4127 pro
723 4046 913 4131 acquirenda
936 4056 1038 4110 tamen
1058 4048 1199 4132 pluribus
1219 4058 1253 4111 et
1272 4070 1354 4111 con·

258 4128 435 4191 tribulibus
456 4126 553 4192 salute
572 4129 741 4215 oportebat
761 4132 865 4219 potius
889 4131 1049 4199 decertare
1071 4151 1165 4222 quam
1186 4152 1280 4223 saper
1303 4133 1352 4199 in·
