3050 4900
501 402 553 466 EX
581 399 841 468 Tusculanus.
1140 394 1209 468 lli

125 581 173 635 tor
191 571 239 634 his
263 581 294 634 et
314 569 379 632 aliis
401 572 638 656 quamplurimis
666 575 963 638 commonitionibus
984 577 1135 660 populum
1157 599 1209 638 ex.

122 657 262 718 hortatus
285 667 385 728 esset,
421 657 583 736 respondit
612 659 639 718 ei
664 679 740 718 unus
773 680 833 740 pro
856 661 1000 722 omnihus
1021 660 1212 743 “expandisti

124 741 292 823 angustiam
321 739 426 801 cordis
460 743 575 819 nostri,
604 739 750 817 domine,
773 763 807 802 os
835 751 922 820 tuum
946 744 977 803 in
999 743 1211 805 admonitione

123 823 260 884 dilatans.
279 831 432 884 uenerunt
455 843 613 886 sermones
636 823 682 885 tui
706 823 822 908 gladios
844 838 985 904 nostros,
1010 835 1042 888 et
1062 826 1118 888 hos
1143 827 1212 886 arni·

122 915 219 968 matos
260 906 383 988 operati
413 914 496 967 sunt.
549 907 707 990 expeditos
740 929 795 969 nos
825 912 885 970 tuis
905 911 1008 972 verbis
1039 911 1212 972 exhibuisti.

123 991 332 1054 erubescimus
352 997 384 1050 te
404 990 583 1071 aspicientes
607 1012 661 1052 nos
688 992 720 1051 in
742 993 853 1074 pugnis
876 991 1077 1075 praecedere,
1098 1002 1130 1055 et
1151 996 1215 1054 ins-

122 1077 222 1136 siones
243 1081 311 1134 tuas
342 1073 373 1132 in
404 1074 546 1134 omnihus
576 1079 772 1156 sequemur.''
814 1077 987 1159 imperator
1007 1085 1111 1140 autem
1130 1099 1216 1140 sum-

124 1159 184 1240 ptis
206 1157 325 1220 militiis
347 1177 417 1218 mox
438 1157 477 1218 ad
497 1157 656 1220 Persidem
669 1159 855 1221 interiorem
871 1162 1012 1237 accessit,
1034 1162 1105 1243 igne
1127 1181 1217 1221 com-

124 1243 242 1304 burens
262 1241 355 1304 urbes
375 1249 408 1302 et
430 1248 539 1302 eastra.
581 1241 617 1302 ht
640 1242 732 1303 etiam
752 1242 804 1302 hie
826 1244 966 1305 terribile
987 1244 1147 1327 quoddam
1160 1245 1218 1304 mi·

123 1325 289 1388 taculuma
313 1325 344 1392 in
365 1323 501 1386 aestivali
526 1323 643 1408 quippe
666 1324 800 1386 solstitio
834 1337 888 1388 aer
915 1329 1031 1389 sudore
1052 1329 1152 1389 faetus
1173 1337 1219 1387 est

123 1408 276 1485 madidus,
299 1409 419 1470 enimes
450 1410 666 1470 Romanorum
699 1410 851 1470 exereitus
882 1431 1043 1488 recreans,
1076 1410 1155 1473 adeo
1184 1419 1220 1470 nt

125 1492 199 1554 bine
222 1513 309 1573 spem
335 1492 486 1572 optimam
506 1501 674 1554 sumerent.
729 1493 855 1554 audiens
876 1502 1039 1574 praeterea
1060 1493 1221 1555 Heraclius

127 1575 215 1657 quod
236 1575 389 1638 Chosroes
411 1575 494 1655 apud
515 1579 636 1638 Gazaeo
660 1575 820 1638 civitatem
839 1597 911 1638 enm
934 1577 1141 1660 quadraginta
1160 1577 1222 1636 mi·

125 1661 206 1722 libus
228 1659 450 1721 bellicosorum
470 1667 547 1720 esset
567 1659 719 1736 virorum,
738 1661 860 1740 impetu
874 1660 1020 1722 adsersus
1041 1662 1130 1721 illum
1148 1679 1223 1742 per.

128 1743 225 1815 rexit;
258 1751 290 1804 et
309 1742 469 1822 praemissi
492 1740 619 1824 quidam
651 1743 689 1804 ab
714 1763 752 1806 eo
782 1745 1013 1805 Saracenorum
1033 1743 1092 1806 sihi
1114 1745 1222 1814 subin.

127 1837 273 1906 gaiorum
296 1825 441 1888 Chosrois
464 1835 639 1888 occurrunt
659 1826 792 1909 vigiliae,
812 1827 973 1888 ethorum
993 1827 1144 1910 quosdam
1164 1846 1229 1887 oe-.

127 1909 291 1988 ciderunt,
321 1908 471 1992 quosdam
497 1929 574 1972 sero
603 1911 806 1992 compedibus
839 1910 961 1971 vinctos
982 1932 1054 1972 enm
1074 1920 1223 1993 praetore

126 1992 269 2073 ipsorum
306 1989 489 2072 imperatori
519 2003 808 2075 praesentaverunt.
857 1992 920 2055 boe
940 2004 1105 2076 comperto
1128 1991 1224 2055 Chos·

128 2097 211 2153 roes,
237 2075 387 2136 derelicta
409 2085 472 2138 mm
493 2077 617 2138 civitate
637 2099 730 2160 qnam
752 2076 874 2148 militia,
899 2077 971 2160 fuga
995 2096 1064 2138 usus
1089 2087 1144 2144 est.
1180 2059 1320 2142 artelli

129 2180 207 2220 sero
221 2159 381 2222 Heraclius
400 2160 552 2220 insecutus
567 2161 972 2243 quosdampraeoeenpatos
982 2162 1112 2221 occidite
1127 2159 1225 2223 reteri

129 2253 237 2304 autem
258 2241 318 2303 hec
340 2241 472 2326 illucque
498 2245 638 2324 palantes
667 2241 803 2326 dissipati
823 2252 905 2305 sunt.
955 2266 1090 2327 eumque
1111 2264 1228 2326 persea

127 2326 224 2387 nimet
247 2326 426 2406 imperator
456 2325 494 2388 ad
518 2328 740 2388 Gaaaeensium
775 2328 954 2404 civitatem,
984 2328 1015 2386 in
1039 2326 1226 2390 suburbanis

127 2407 222 2473 huius
245 2411 409 2473 reficiebat
441 2411 611 2473 exercitum
631 2432 734 2472 suum.
789 2412 1011 2485 permovere,
1036 2412 1089 2493 qni
1112 2411 1228 2472 eoniu-

127 2502 243 2575 gerant
264 2493 304 2555 ad
324 2493 628 2575 enm‚perhibebaut
642 2494 727 2590 quod
744 2491 897 2554 Chosroes
918 2493 1036 2574 fugiens
1058 2494 1131 2575 igne
1151 2512 1227 2555 con·

128 2578 300 2658 sumpserit
323 2579 428 2640 omnia
450 2587 515 2639 seta
536 2578 569 2639 in
593 2578 669 2639 locas
692 2576 768 2650 illis,
800 2586 833 2637 et
853 2576 1035 2657 peruenerit
1056 2576 1097 2635 ad
1117 2575 1228 2637 cisitu·

129 2661 405 2723 temThebarman
423 2662 452 2722 in
464 2662 596 2723 Oriente
617 2660 719 2733 sitnm,
743 2658 774 2719 in
802 2682 863 2742 qua
883 2669 953 2720 erut
977 2658 1127 2742 templum
1150 2660 1228 2742 ignis

129 2753 230 2827 atque
261 2745 412 2825 pecuniae
441 2745 549 2806 Croesi
578 2743 740 2826 Lydorum
765 2744 845 2825 regie
876 2753 908 2804 et
927 2762 1022 2804 error
1042 2764 1229 2825 prunarum.

129 2824 179 2889 his
199 2828 333 2909 acceptis
357 2826 396 2887 ad
417 2836 519 2908 partes
534 2827 708 2910 Dastugerd
728 2828 790 2887 iter
812 2826 931 2909 agebat.
974 2827 1149 2907 imperator
1169 2848 1230 2888 au·

128 2918 199 2971 tem
219 2912 381 2991 profectus
403 2933 420 2970 a
441 2911 661 2972 Guaacensium
695 2910 825 2971 civitate
844 2910 988 2991 pervenit
1005 2911 1229 2990 Thebarmeso,

130 3002 167 3054 et
186 2989 339 3075 ingressus
361 2995 481 3055 ineam
508 2993 579 3076 igue
599 2994 791 3075 consumpsit
819 2994 969 3074 templum
990 2995 1082 3077 ignis,
1107 3004 1138 3056 et
1160 3003 1228 3055 totu

131 3076 264 3139 civitate
285 3078 355 3159 igne
376 3078 537 3139 combusta
566 3085 746 3159 persecutus
779 3088 825 3138 est
845 3086 917 3159 post
938 3077 1098 3138 Chosroen
1120 3078 1151 3137 in
1170 3100 1230 3139 an-

130 3162 241 3241 gustiis
272 3161 407 3242 regionis
439 3158 618 3224 Medorum.
669 3160 825 3223 Chosroes
855 3170 957 3221 antem
988 3160 1020 3219 in
1044 3160 1090 3220 bis
1110 3159 1228 3221 duabus

131 3243 314 3325 regionibus
341 3244 380 3305 de
408 3243 478 3307 loeo
511 3245 543 3305 in
572 3244 677 3315 lecum
699 3264 869 3325 peragrans
899 3243 1053 3318 latitabat,
1077 3253 1108 3304 et
1127 3243 1229 3303 Hera·

129 3326 210 3389 clius
232 3326 317 3391 hone
339 3348 529 3411 persequens
549 3328 661 3389 multas
675 3328 814 3389 civitates
834 3326 1004 3388 devastavit
1023 3334 1056 3387 et
1077 3326 1228 3407 regiones.

130 3410 236 3473 hieme
261 3432 335 3473 vero
365 3411 531 3473 accedente
565 3409 729 3472 consilium
761 3410 893 3471 faciebat
926 3408 1054 3470 ubinam
1076 3407 1229 3471 hiemaret

132 3516 207 3555 enm
229 3494 366 3575 pepulo;
398 3504 431 3557 et
461 3494 586 3578 quidam
609 3494 641 3553 in
662 3493 825 3555 Albaniam
853 3491 1080 3575 perhibebant,
1103 3490 1228 3576 quidam

131 3598 211 3639 vero
229 3588 342 3639 eontra
364 3578 464 3660 ipsum
486 3598 662 3661 properare
682 3577 856 3638 Chosroen.
900 3585 946 3637 ast
967 3577 1141 3657 imperatur
1164 3576 1229 3635 ius·

132 3664 173 3721 sit
195 3661 350 3743 populum
374 3662 474 3723 tribus
504 3660 612 3722 diebus
632 3659 772 3723 divinum
802 3660 965 3721 oraculum
986 3658 1229 3739 praestolantem

131 3756 217 3806 caste
240 3745 414 3825 asperiter
441 3744 620 3806 conversari
632 3789 642 3820 ,
665 3744 772 3826 sicque
801 3764 949 3824 responso
970 3751 1100 3825 accepto
1121 3742 1152 3801 iu
1172 3743 1230 3803 At-

134 3828 228 3891 hania
251 3828 350 3891 hieme
373 3827 573 3889 commorari.
616 3825 691 3887 dum
713 3848 793 3888 vero
816 3826 888 3887 illue
902 3825 1006 3887 abiens
1029 3829 1228 3907 denegaret,

133 3910 252 3975 habens
275 3934 379 3973 secum
397 3912 556 3994 copiosam
568 3910 734 3971 Persarum
754 3909 915 3993 praedam,
937 3909 1020 3971 haud
1041 3928 1157 3991 pancos
1177 3908 1228 3969 in.
1324 3985 1328 3990 .

135 4014 246 4057 cursus
267 4017 286 4055 a
315 3994 445 4057 Persicis
477 3994 581 4059 cuneis
604 3994 744 4076 pertulit.
795 3994 861 4077 ipse
879 4014 955 4053 vero
980 3991 1083 4053 diviua
1107 3985 1325 4075 coepe-P·lll

137 4078 262 4139 ratione
284 4078 478 4159 triumphum
496 4078 536 4140 de
558 4078 698 4157 omnibus
725 4076 809 4138 tulit.
852 4088 1018 4161 praeterea
1039 4097 1112 4138 eum
1130 4076 1226 4139 vehe-

138 4182 222 4223 mens
246 4169 410 4243 tempestas
444 4182 538 4245 super
564 4182 635 4223 enm
664 4159 823 4223 cecidisset
849 4161 881 4221 in
903 4161 969 4237 via,
993 4166 1026 4220 at
1052 4158 1137 4221 bunc
1158 4164 1228 4243 gelu

140 4255 401 4328 praeoccupasset
431 4246 462 4307 in
484 4244 631 4320 Albania,
666 4244 857 4327 haberetque
886 4243 1112 4327 quinquaginta
1134 4243 1229 4317 ,milia
