3050 4900
280 331 327 404 76
425 335 635 408 tamasis
665 337 860 406 nlsronsn
889 333 1198 406 acfflrsrssucn

278 515 408 590 praeter
425 517 536 572 uotum
555 511 619 572 eius
641 518 868 586 consecratum,
888 518 920 572 et
938 509 1068 572 Petram
1076 509 1226 592 Moggum
1245 507 1362 570 iterum

223 617 229 648 ι
278 591 432 655 reducere
452 592 679 656 Alexandriam.
702 602 780 654 tune
798 601 831 656 et
851 593 1008 654 enotieuus
1030 594 1104 654 feeit
1120 593 1218 670 Zeno,
1238 600 1274 654 ut
1291 591 1365 674 qui-

279 673 349 736 dam
372 676 529 752 aiuutab
550 677 664 738 Anneio
687 676 1035 758 Constantinopolitano
1061 677 1221 751 dictatum,
1239 683 1276 772 et
1290 675 1366 772 nbi-

276 760 951 906 ntltttfft‘hdtzt:tellit
964 768 1366 924 sabathani?

278 947 340 1008 que
361 925 486 1000 Anneio,
508 925 573 1010 qui,
597 924 741 988 videlieet
758 928 900 998 Aeacius,
921 925 1047 1008 scripsit
1066 925 1276 988 Alexandrinis
1297 944 1368 986 sus-

278 1007 384 1088 cipere
413 1011 563 1092 Moggnm
596 1019 629 1072 et
657 1011 806 1071 loannem
827 1011 973 1072 abiicere.
1015 1011 1144 1070 Ioannes
1165 1029 1242 1069 aero
1262 1007 1369 1068 audita

274 1091 364 1152 Petri
384 1093 568 1174 praesentis,
590 1094 663 1156 lieet
686 1094 786 1156 cleros
808 1113 879 1154 cnm
899 1091 1019 1175 popule
1040 1093 1126 1154 crire
1145 1090 1231 1152 illum
1252 1090 1368 1174 probi.

277 1174 377 1252 beret,
399 1197 480 1272 quae
499 1176 723 1258 praesumenda
744 1188 837 1240 erant
857 1199 875 1239 a
895 1178 992 1240 Petro
1013 1175 1220 1252 considerans,
1242 1177 1368 1258 sapien..

279 1263 328 1319 ter
349 1268 381 1320 et
398 1280 462 1321 sane
484 1260 665 1322 turbatione
685 1261 821 1322 recessit.

284 1387 288 1394 ⁴
360 1363 470 1426 Mundi
482 1363 663 1442 aunsetila,
684 1361 808 1428 divinae
830 1363 1052 1426 incarnationis
1069 1385 1151 1426 anno
1165 1360 1240 1440 479,
1262 1363 1367 1425 Then-

279 1445 399 1510 dnricns
422 1449 590 1530 Valamer',
622 1451 708 1511 euius
736 1448 850 1510 multus
879 1449 961 1510 inter
989 1449 1141 1510 barbarus
1164 1457 1197 1509 et
1214 1449 1371 1509 Romanos

280 1541 325 1592 est
347 1553 448 1594 senno
468 1541 581 1616 utpote
602 1533 692 1595 fortis
708 1541 739 1594 et
754 1529 894 1614 providi,
913 1530 965 1592 sed
981 1552 1037 1592 nec
1053 1532 1210 1593 rationum
1225 1522 1372 1612 inexper-⁸

185 1616 328 1693 penatis,
349 1637 442 1697 penes
463 1615 648 1702 Byzantium
675 1616 795 1699 quippe
827 1615 914 1676 obses
935 1615 1094 1698 quondam
1121 1614 1264 1694 traditus,
1286 1614 1371 1695 opti-

281 1699 339 1760 mis
363 1700 582 1780 magistrorum
613 1696 767 1774 adhaesit,
796 1717 868 1760 enm
895 1709 988 1780 pater
1018 1701 1101 1761 solus
1129 1699 1277 1760 Valamer
1295 1705 1370 1781 post

282 1781 395 1844 Attilae
416 1783 494 1843 filios
514 1781 575 1844 dux
597 1792 695 1860 esset,
718 1783 776 1843 sub
798 1781 912 1844 Leonis
941 1783 1085 1865 imperio,
1107 1782 1298 1843 Gothorum.
1320 1781 1371 1841 in-

283 1874 370 1929 terea
392 1863 564 1928 Orientales
586 1865 728 1947 episcopi
755 1866 908 1948 scripsere
931 1865 1045 1927 Aeacie
1067 1865 1311 1947 vituperationes
1331 1881 1370 1925 ec

306 1946 369 2009 uod
403 1947 561 2031 receperit
590 1951 738 2032 Magum
769 1949 802 2008 in
828 1949 1101 2023 communionem
1123 1948 1178 2032 qui
1199 1947 1373 2030 parvipen.

282 1969 357 2094 dens
381 2050 432 2092 eos
454 2051 559 2092 amnes
581 1971 780 2115 impudenter
801 2033 1032 2095 communicare
1059 2035 1175 2114 Moggo
1196 2039 1305 2092 coacte
1324 2031 1374 2091 fe.

181 2114 334 2187 passeis
377 2121 410 2174 st
430 2136 507 2176 vero
530 2115 584 2198 qui
605 2123 696 2176 erant
715 2137 750 2178 ex
765 2119 851 2198 regia
868 2116 957 2193 urhe,
979 2137 1102 2177 necnon
1125 2125 1157 2178 et
1173 2113 1212 2176 de
1225 2113 1373 2191 Oriente,

282 2197 440 2279 deprecati
472 2205 543 2260 sunt
573 2199 709 2261 Felicem
738 2201 913 2260 Romanum
937 2201 1140 2282 episcopum,
1171 2198 1376 2280 significantes

282 2281 429 2342 Acacium
449 2301 511 2344 esse
532 2283 687 2344 maloram
710 2293 880 2344 asactorem.
904 2283 988 2343 inter
1006 2302 1084 2366 ques
1107 2291 1139 2344 et
1152 2284 1281 2343 loannes
1301 2280 1377 2342 Ale-

282 2365 448 2428 xandrinus
471 2365 576 2428 eadem
599 2365 708 2430 dicens·
726 2367 857 2428 Romam
878 2368 1039 2446 profectus
1060 2375 1114 2428 est.
1165 2365 1250 2427 Felix
1273 2373 1378 2424 autem

282 2447 401 2534 synodo
425 2451 457 2511 in
480 2458 541 2511 tem
568 2448 598 2512 lo
618 2449 729 2512 summi
753 2449 887 2533 apostoli
903 2452 990 2511 Petri
1010 2451 1092 2523 faeta
1117 2451 1195 2513 duos
1210 2447 1375 2530 episcopos

284 2544 316 2596 et
333 2532 478 2596 ecclmiae
500 2472 694 2597 deldnsorem
716 2534 1023 2616 Constantinopolim
1042 2534 1135 2611 misit,
1156 2534 1293 2594 scribens
1315 2532 1376 2593 Ze-

284 2616 359 2678 noni
380 2624 411 2679 et
433 2618 547 2679 Acacio
568 2626 604 2678 ut
625 2620 754 2680 Petrum
767 2619 917 2699 Moggum
936 2625 1086 2699 tanquam
1108 2617 1300 2678 haereticum
1320 2615 1379 2676 eii·

284 2709 371 2762 aeret
405 2701 444 2760 ab
463 2698 656 2761 Alexandria.
703 2700 846 2783 sequenti
867 2720 944 2760 vero
968 2720 1049 2760 anno
1081 2700 1127 2762 his
1156 2701 1210 2783 qui
1231 2722 1249 2760 a
1272 2702 1374 2761 Roma

282 2782 365 2843 missi
384 2784 509 2845 fuerant
531 2783 614 2864 apud
635 2782 782 2865 Abydum
801 2781 934 2844 Zenonis
954 2791 987 2845 et
1007 2784 1113 2858 Aeacii
1136 2785 1298 2844 voluntate
1319 2802 1373 2844 re-

284 2866 386 2942 tentis,
409 2864 582 2948 litterisque
603 2866 711 2928 ablatis
733 2864 765 2925 iu
786 2885 945 2927 carcerem
971 2866 1079 2936 missis,
1104 2867 1307 2928 comminatus
1329 2872 1378 2927 est

285 2950 369 3010 Zeno
394 2948 462 3010 illos
482 2947 648 3023 occidere,
674 2946 731 3009 nisi
750 2948 866 3011 Anneio
888 2959 920 3011 et
937 2950 1034 3012 Petro
1062 2952 1177 3033 Moggo
1202 2948 1378 3011 communi-

185 3038 414 3111 pwbeassent.
458 3050 559 3114 porro
580 3034 665 3094 Zeno
694 3032 825 3095 coasilio
850 3032 955 3095 Aeacii
982 3034 1120 3095 Orientis
1142 3034 1303 3115 episcopos
1320 3051 1379 3092 co-

285 3114 378 3199 gebat
412 3114 606 3177 subscribere
636 3116 760 3178 enotico
792 3125 826 3178 et
857 3116 1089 3179 communicare
1119 3118 1217 3179 Petro
1251 3118 1325 3197 Meg
1347 3135 1379 3175 o.

286 3196 474 3295 responsales
495 3218 573 3261 vero
592 3198 704 3262 Felicis
734 3200 866 3261 Romani
887 3200 1070 3262 conveniens
1098 3210 1131 3261 et
1150 3198 1298 3281 pecuniis
1321 3136 1379 3260 de-

286 3283 412 3364 cipiens,
435 3282 549 3343 Aeaeio
572 3282 806 3345 communicare
824 3294 937 3345 eontra
956 3284 1109 3366 quaesibi
1128 3285 1253 3345 fuerant
1273 3282 1379 3362 impe-

286 3376 355 3428 rata
376 3364 536 3447 persuasit,
557 3387 735 3451 quanquam
757 3376 907 3429 econtra
927 3377 980 3428 ter
999 3373 1251 3429 contestarentur
1265 3364 1380 3425 orthe-

287 3448 373 3527 doxi,
398 3448 535 3531 primum
564 3450 692 3533 quidem
724 3450 817 3513 hamo
847 3450 1157 3533 circumponentibus
1186 3452 1306 3523 lunem,
1344 3456 1380 3508 et

287 3554 385 3595 anum
407 3552 519 3595 eornm
546 3534 673 3615 publice
692 3534 934 3611 instruentibus,
967 3532 1138 3596 secundum
1158 3541 1262 3595 antem
1284 3533 1314 3591 in
1337 3530 1380 3590 li.

287 3616 382 3677 hrum
401 3615 606 3691 immiserunt,
630 3627 662 3680 et
676 3618 807 3680 tertium
825 3618 858 3678 in
880 3617 1050 3701 cophinum
1072 3618 1194 3677 olerum
1217 3616 1378 3696 imposue-

290 3707 374 3761 runt.
416 3701 502 3762 Felix
521 3710 625 3763 antem
639 3702 807 3781 compertis
830 3722 910 3783 qnae
927 3702 965 3762 ab
987 3700 1196 3782 apocrisiariis
1214 3700 1275 3761 sais
1295 3706 1381 3780 gesta

288 3790 371 3858 suut,
391 3781 535 3865 deposuit
559 3804 622 3862 eos,
643 3785 780 3845 scribens
801 3785 914 3845 Acacio
944 3785 1182 3866 depositionem.
1232 3802 1334 3863 perro
1356 3781 1383 3842 is

290 3866 345 3948 qui
365 3864 447 3927 hanc
467 3866 639 3939 deferebat,
661 3868 807 3949 effugiens
829 3888 881 3930 ees
915 3868 971 3951 qui
995 3878 1085 3929 erant
1107 3868 1139 3927 in
1162 3866 1284 3949 abydo,
1303 3884 1381 3945 per-

291 3948 379 4010 venit
399 3951 439 4011 sd
459 3952 682 4013 monasterium
703 3952 764 4014 Dii.
807 3951 951 4013 monaehi
975 3974 1052 4013 vero
1074 3951 1128 4012 Dii
1151 3949 1309 4011 dominico
1331 3947 1386 4010 die

292 4032 325 4093 in
349 4034 486 4093 sacrario
508 4056 679 4117 porrexere
701 4034 861 4117 epistelam
870 4038 994 4097 Anneio.
1037 4045 1084 4095 ast
1105 4035 1136 4094 bi
1158 4033 1212 4116 (qui
1233 4040 1324 4093 erant
1346 4050 1383 4093 ex

293 4124 385 4196 parte
406 4118 506 4178 Aeacii
529 4129 731 4199 peremerunt
763 4120 912 4203 quosdam
934 4116 1159 4194 exmonachis,
1184 4116 1239 4199 qui
1262 4116 1380 4195 episto·
1423 4152 1427 4159 -

294 4201 355 4261 lana
379 4198 550 4277 dederant,
586 4200 736 4285 quosdam
766 4214 869 4267 autern
906 4204 1030 4284 punitos
1066 4202 1184 4264 carceri
1212 4197 1382 4261 tradidere.
