3050 4900
547 332 597 395 EX
625 328 883 395 tumrultus.
1181 325 1256 398 205

166 526 240 566 cum
264 500 380 587 gaudio
411 500 458 563 his
487 502 620 582 receptis
641 502 793 564 miserunt
813 501 916 565 denuo
938 500 968 563 ia
990 499 1130 563 alaniam
1150 499 1259 582 perhi-

166 592 278 651 bentes
311 584 474 647 “dabimus
505 584 593 647 vohis
615 584 734 648 obsides
754 586 833 647 filios
853 593 996 658 nostros,
1025 593 1059 647 et
1076 584 1150 647 date
1171 584 1259 646 nobis

164 668 371 753 spatharium,
391 678 427 730 ut
448 667 604 729 mittamus
634 690 706 731 eum
725 669 766 730 ad
785 669 1015 731 lastinianum.”
1056 689 1167 730 verum
1185 688 1259 749 spa..

166 754 287 815 thurius
307 751 371 814 hoc
393 749 559 815 admittere
579 750 690 830 nolant,
712 772 847 815 assereus
867 753 971 815 “valet
990 750 1068 813 mihi
1089 751 1163 813 deus
1185 772 1259 833 npe-

163 839 234 899 rirc
254 837 368 898 ostium
396 834 547 899 exeundi:
579 856 651 897 nam
676 856 735 917 par
764 835 927 919 abasgiam
955 856 1018 898 non
1041 839 1146 897 exeo.''
1187 842 1261 916 post

164 918 297 1003 aliquod
330 940 406 981 vero
441 930 561 1001 tempus
590 940 660 980 cum
690 920 841 983 exercitus
863 920 1128 980 Romanorumn
1149 922 1260 980 Arme-

166 1004 295 1067 niorum
315 1002 442 1085 ingressi
463 1010 561 1065 masat
592 1002 623 1062 in
647 1002 790 1065 Loricam
810 1013 843 1065 et
863 1002 1080 1084 Artheopolirn
1101 1021 1261 1084 expugna.

165 1096 249 1159 rent,
270 1085 500 1147 Saracenorum
522 1082 629 1147 andito
646 1082 780 1148 adventu
801 1096 1004 1151 recesserunt.
1025 1085 1161 1167 separati
1182 1104 1259 1147 vero

167 1192 205 1233 cx
227 1169 270 1230 cis
293 1189 390 1251 usque
413 1166 623 1231 adducentes
647 1169 856 1231 ascenderunt
877 1169 908 1230 ia
930 1177 1035 1252 partes
1055 1168 1188 1265 Apsiliae
1207 1178 1260 1229 at·

164 1275 230 1338 qne
252 1253 481 1314 Canesueorum
496 1250 650 1313 montium
672 1250 906 1335 depraedantes.
947 1252 1108 1314 Saracenis
1128 1273 1201 1315 sane
1220 1250 1357 1330 adp-6⁰4

164 1338 308 1399 Lazicam
328 1334 521 1397 venientibus
540 1334 612 1417 suga
635 1335 736 1432 lapsus
749 1337 964 1399 Romanorum
977 1335 1261 1419 armeniorumque
1343 1334 1348 1341 ’

164 1422 303 1505 populus
323 1420 434 1483 Phasin
459 1440 599 1481 remeans
622 1414 710 1481 adiit.
754 1418 881 1481 ducenti
900 1439 977 1481 vero
1000 1418 1044 1481 illi
1066 1428 1261 1481 remanentes

165 1508 199 1567 in
221 1504 373 1565 Caucasiis
402 1510 515 1565 stetere
548 1502 727 1580 montibus,
749 1503 971 1567 latrocinantes
990 1513 1023 1565 et
1042 1502 1090 1563 sni
1113 1501 1263 1583 despera.

166 1590 286 1649 tionem
305 1586 465 1668 patientes.
508 1606 572 1669 quo
597 1595 764 1669 comperto
787 1587 875 1649 Alani
893 1585 1037 1649 arbitrati
1058 1595 1131 1647 sunt
1151 1586 1262 1647 multi.

164 1670 308 1733 tudinem
318 1671 527 1731 Romanorum
542 1671 572 1731 in
585 1670 742 1733 Caucaseis
761 1670 918 1734 montibus
939 1690 1012 1748 ease,
1032 1668 1261 1752 gaudentesque

164 1754 254 1815 aiant
263 1750 423 1834 spathario
436 1753 588 1817 “Romani
600 1753 875 1837 appropinquant:
889 1774 986 1837 perge
997 1752 1035 1815 ad
1048 1757 1131 1818 eas.”
1143 1774 1261 1814 amum-

163 1838 225 1921 ptis
244 1857 322 1919 ergo
356 1835 532 1917 spatharius
559 1836 660 1899 Alanis
693 1836 733 1901 50
770 1840 914 1900 transivit
945 1843 1017 1899 cum
1038 1835 1260 1921 cyclopedibus

164 1920 249 1983 Maio
269 1940 375 1981 mense
396 1918 565 1983 Caucaseos
586 1930 716 1999 montes,
738 1932 772 1983 et
793 1922 911 1986 invenit
929 1942 1001 1995 σοις
1025 1918 1108 1984 unda
1127 1919 1260 1981 multam

162 2004 284 2087 gavisus
313 2002 528 2065 sciscitabatur
558 2002 684 2065 ubinam
723 2016 801 2068 esset
832 2005 977 2088 populns.
1030 2004 1085 2088 qui
1114 2002 1260 2065 dixerunt

162 2086 350 2149 “Saracenis
373 2086 565 2149 irruentibus
582 2088 807 2151 iuRomaniam
830 2089 947 2151 reversi
968 2096 1050 2151 sunt.
1085 2108 1141 2150 nos
1155 2094 1259 2149 autem

164 2194 229 2233 nan
251 2169 389 2233 valentes
408 2170 637 2233 inRomaniam
660 2172 716 2247 ire,
738 2170 778 2233 ad
789 2172 929 2235 Alaniam
949 2171 1115 2233 venimus.’'
1137 2181 1171 2233 et
1183 2168 1261 2231 dixit
1339 2216 1343 2222 ,

145 2254 207 2349 ,pal
232 2275 283 2315 eas
303 2252 401 2337 “qaid
428 2253 573 2317 fasianus
593 2254 731 2317 modo?''
754 2256 809 2339 qui
830 2254 976 2319 dixerunt
996 2260 1076 2337 “per
1098 2255 1259 2336 regionem

166 2346 257 2397 astam
277 2336 466 2419 impossihile
494 2348 540 2400 est
559 2338 694 2403 transire
723 2340 809 2401 aos.’'
852 2348 885 2401 at
919 2358 997 2406 vcro
1025 2336 1200 2420 spatharius
1215 2339 1260 2397 ait

165 2422 251 2482 “non
273 2428 319 2483 est
340 2420 484 2504 possibile
504 2441 565 2503 per
587 2418 677 2482 aliam
708 2422 832 2484 criret'
855 2430 988 2484 casuum
1010 2442 1087 2505 ergo
1108 2428 1178 2483 erat
1197 2418 1260 2482 illic

163 2505 421 2588 cognominatum
450 2502 628 2583 Sindirum,
656 2506 688 2566 in
726 2527 790 2589 quo
822 2505 885 2568 loci
914 2512 1057 2567 servator
1084 2503 1260 2566 habebatur

163 2589 294 2672 qnidam
305 2589 541 2650 Pharasmanina
560 2589 695 2664 nornine,
716 2589 773 2650 suh
798 2587 924 2650 dicione
936 2589 1163 2650 Saraceaomm
1177 2605 1259 2650 con·

160 2673 270 2734 sistens
289 2682 321 2735 et
341 2691 451 2754 pacem
472 2694 544 2734 cum
563 2671 717 2734 Armeniis
748 2671 873 2734 hahens.
914 2672 1040 2734 mittens
1060 2670 1166 2754 itaqua
1185 2690 1258 2752 spa-

161 2755 284 2818 tharius
307 2754 458 2836 significat
491 2755 519 2816 ei
549 2752 652 2818 dicens
686 2752 858 2838 “quamdiu
878 2775 989 2838 pacem
1012 2775 1084 2816 cum
1106 2753 1259 2818 Armeniis

160 2838 277 2916 hahes,
299 2839 456 2921 paciscere
477 2845 509 2900 et
537 2859 678 2918 mecum,
708 2847 740 2900 ct
760 2849 827 2900 esta
848 2839 906 2901 snb
927 2859 1024 2921 reguo
1045 2859 1134 2916 meo,
1163 2836 1258 2900 etde

164 2922 256 2984 nohis
278 2921 424 2982 auxilium
456 2917 660 2984 descendendi
683 2921 722 2984 ad
741 2943 830 2985 mare
860 2933 892 2984 et
915 2920 1094 2986 transeundi
1116 2918 1155 2984 ad
1173 2921 1354 3007 Tra-phtlt

161 3005 397 3088 pesuatensiam
419 3004 515 3066 loca.'’
558 3025 595 3068 eo
616 3025 693 3068 vero
720 3015 852 3088 patrare
871 3005 934 3068 hoc
961 3028 1025 3067 non
1047 3012 1259 3090 proponente,

160 3089 261 3151 mittit
278 3085 454 3172 spatharius
475 3109 571 3152 unum
592 3111 629 3152 ex
644 3087 823 3152 hominihus
842 3087 902 3151 suis
920 3100 954 3152 et
972 3089 1145 3166 Armenios,
1161 3108 1258 3171 prae-

161 3171 282 3255 cipiens
295 3171 338 3234 eis
352 3181 388 3234 ut
399 3171 540 3236 facerent
553 3173 812 3246 occultationem
835 3175 888 3234 “et
903 3193 975 3234 cum
995 3172 1143 3236 exierint’
1152 3171 1258 3256 inquit

161 3261 202 3316 “e
223 3265 328 3318 castra
340 3253 379 3318 ad
394 3255 545 3332 laborem,
559 3257 662 3339 capite
674 3278 709 3320 cr
724 3257 766 3317 cis
786 3264 947 3341 quotquot
962 3255 1116 3339 poteritis,
1130 3263 1257 3337 portas·

162 3359 227 3422 quc
250 3345 354 3400 tenete
375 3339 414 3400 nh
438 3337 484 3400 his
506 3341 559 3423 qui
578 3339 654 3400 furis
671 3347 754 3420 sunt,
776 3340 877 3401 donec
891 3347 923 3400 et
943 3339 1256 3422 nosperveniamns.''

163 3423 277 3504 quibus
298 3423 482 3484 abeuntibus
500 3433 532 3486 et
554 3423 735 3484 sarientibus
750 3422 1005 3500 occultationem,
1027 3442 1099 3484 cum
1120 3422 1257 3505 popalus

162 3515 242 3568 emet
262 3505 301 3568 ad
322 3505 462 3568 lahorem
482 3527 628 3588 egressas,
649 3505 753 3568 subito
768 3505 923 3568 irruentes
944 3514 976 3569 et
996 3513 1122 3588 portam
1143 3514 1257 3568 tenuc-

163 3600 241 3652 runt
264 3597 296 3650 et
315 3590 430 3652 multos
456 3599 619 3671 ceperunt.
669 3611 741 3650 cum
772 3598 875 3651 antem
894 3587 1129 3652 pharasmanius
1148 3585 1180 3649 ia
1203 3609 1257 3648 ca·

163 3682 229 3735 stro
252 3693 324 3736 cum
341 3672 447 3754 paucis
462 3674 627 3750 mansisset,
647 3673 791 3754 pervenit
803 3672 896 3734 etiam
910 3671 1095 3756 spatharius,
1117 3681 1149 3734 et
1162 3692 1256 3753 prac-

87 3779 96 3796 ·
163 3755 288 3819 locutus
309 3777 381 3818 cam
402 3754 624 3818 Pharasmania
648 3767 683 3817 ut
702 3755 843 3839 aperiret
863 3777 936 3818 cam
959 3778 1045 3838 pace,
1069 3755 1181 3832 noluit,
1202 3751 1256 3816 sed

163 3841 359 3904 coacervavit
381 3839 506 3902 bellum.
529 3861 638 3902 verum
660 3862 731 3902 cum
752 3849 888 3902 castrum
915 3839 1069 3902 munitum
1093 3847 1180 3915 esset,
1200 3859 1256 3900 ca-

163 3943 239 4006 pere
261 3921 293 3984 id
315 3921 440 3984 minime
467 3931 649 4004 potuerunt.
700 3921 840 3986 Marinus
862 3944 939 3985 vero
962 3923 1082 4005 primus
1102 3921 1255 3984 absilien.

163 4006 241 4066 sium
263 4027 334 4068 cum
357 4003 512 4068 didicisset
531 4005 617 4090 quod
640 4015 775 4067 castrum
798 4016 1039 4089 expugnaretur,
1062 4002 1178 4067 timore
1198 4003 1255 4066 de.

164 4099 266 4151 tentus
289 4100 352 4166 est,
373 4089 546 4152 existimans
576 4089 707 4152 multum
729 4111 791 4152 csse
818 4109 888 4151 cum
909 4089 1070 4172 spathario
1090 4087 1255 4172 papalum,

164 4179 195 4234 et
214 4174 343 4258 sumptis
366 4193 470 4236 sccum
499 4173 644 4238 trecentis
676 4173 739 4235 ahit
773 4173 812 4236 ad
842 4171 1034 4257 spatharium
1055 4172 1158 4237 diceus
1173 4177 1254 4260 “ego
