3050 4900
519 306 570 368 Ex
598 303 856 368 THEOPHANE.
1170 296 1240 368 155

148 475 280 537 loricam
301 473 395 556 ipsius
417 495 452 534 cx
474 495 552 536 auro
574 485 760 553 contextam,
782 483 814 538 et
827 475 1035 558 scaramaggin
1059 473 1123 538 eius
1147 474 1241 536 detu-

145 561 254 622 lerunt
276 575 347 622 cum
365 558 467 639 capite
481 557 582 640 ipsius,
604 567 698 642 atque
719 558 870 621 dextralia
889 559 941 638 *),
964 569 997 620 et
1017 558 1123 621 sellam
1141 567 1242 619 totam

148 663 185 704 er
213 663 294 704 auro
320 641 531 702 fabrefactam.
581 661 682 724 porro
718 650 821 706 tentus
859 651 906 706 est
933 643 1020 705 vivus
1045 643 1241 704 Barzamuses

147 725 295 809 princeps
318 725 510 788 Hiberorum
529 725 586 788 sab
603 726 703 788 Persis
725 725 913 807 degentium.
955 747 1047 788 nemo
1067 734 1171 788 autem
1191 746 1242 786 re·

147 810 228 870 colit
249 808 424 870 huiusmodi
443 809 560 871 hellam
578 809 662 872 inter
681 811 839 872 Romanos
861 819 893 872 et
906 810 1024 888 Persas,
1045 808 1133 892 quod
1153 807 1242 868 vide-

145 894 221 955 licet
247 914 307 974 per
335 902 438 954 totum
466 891 549 954 diem
579 892 689 955 habuit
711 903 845 970 statum,
874 893 1079 976 viceruntque
1099 890 1243 954 Romani.

147 997 259 1038 verum
282 976 343 1038 hoc
363 979 478 1037 factum
502 987 548 1038 est
572 977 639 1038 solo
660 977 708 1038 dei
726 979 890 1040 iuvamine.
932 978 1107 1059 imperator
1129 997 1204 1037 vcro
1226 996 1244 1034 a

146 1081 180 1121 se
205 1061 419 1120 confortatum
434 1062 605 1122 exercitum
627 1070 737 1122 contro
753 1061 915 1122 Cbosroen
929 1061 1069 1122 minabat
1080 1062 1120 1136 *Ἴ
1129 1107 1139 1138 ,
1162 1080 1244 1142 qua·
1286 1123 1289 1127 ,

149 1144 234 1204 tinus
254 1143 339 1204 hunc
360 1143 545 1216 deterreret.
601 1163 701 1226 porro
731 1143 770 1206 13
798 1143 943 1206 kalendas
973 1144 1129 1204 lanuarias
1152 1163 1243 1203 com-

144 1235 240 1308 perto
262 1227 436 1310 imperator
449 1226 534 1310 quod
547 1227 681 1308 populus
695 1225 834 1304 tharaci,
848 1230 902 1310 qui
915 1249 949 1288 ex
964 1225 1121 1289 bochello
1135 1225 1242 1302 evasit,

145 1310 251 1372 unitus
272 1312 370 1372 fucrit
389 1311 490 1372 tribus
502 1312 623 1372 milibus
641 1333 722 1394 quac
743 1311 915 1372 aCbosroe
933 1309 1084 1372 destinata
1105 1311 1279 1386 fuerant,p.
1291 1308 1347 1370 4⁹2

145 1401 179 1455 et
199 1404 385 1477 sequeretur
406 1403 477 1474 post
498 1415 530 1456 se
542 1440 551 1470 ,
584 1395 788 1478 ceperintque
808 1394 933 1471 Ninive,
961 1402 1152 1457 transmeans
1175 1415 1244 1453 ma-

146 1499 243 1558 gnum
261 1478 376 1553 Zuhan,
399 1477 497 1538 mittit
519 1479 691 1560 Georgium
712 1475 916 1539 turmarchen
941 1499 1012 1537 cum
1031 1477 1114 1538 mille
1135 1475 1246 1538 militi-

146 1562 213 1636 bus,
237 1581 300 1642 quo
325 1571 469 1622 curreret
487 1561 526 1622 ad
548 1560 745 1623 retinendum
767 1573 879 1644 pontes
901 1560 1031 1622 minoris
1046 1561 1151 1621 Zaben
1175 1560 1245 1643 pri-

147 1665 279 1728 usquam
300 1644 332 1706 id
354 1643 507 1707 Chosrocs
530 1665 568 1706 co
592 1655 745 1706 nosceret.
780 1667 914 1728 cumque
935 1643 1125 1706 cucurrisset
1143 1645 1247 1704 Geor.

145 1727 212 1809 gius
232 1737 329 1789 noctu
349 1727 488 1790 miliariis
508 1667 714 1811 quadraginta
732 1736 818 1802 octo,
840 1728 942 1790 tenuit
961 1737 1113 1812 quattuor
1132 1733 1245 1810 pontes

144 1811 279 1872 minoris
299 1811 414 1894 Zaban,
438 1821 469 1874 et
490 1811 632 1874 inventos
660 1814 691 1873 in
711 1811 842 1876 castellis
864 1813 972 1875 Persas
992 1811 1142 1873 obtinuit.
1186 1809 1245 1870 de-

146 1895 230 1954 cimo
252 1905 417 1976 praeterea
439 1893 643 1957 kalendarum
661 1896 876 1957 Ianuariarum
897 1896 1083 1978 perveniens
1104 1893 1245 1975 impera-

90 2021 93 2028 .
146 1987 198 2040 tor
221 1981 261 2039 ad
284 1987 395 2060 pontes
414 1979 636 2056 transfretavit,
659 1989 691 2042 et
713 1979 843 2042 divertit
855 1980 886 2042 in
905 1979 1015 2040 domos
1037 1975 1189 2059 fliesdem,
1210 1988 1245 2040 et

147 2062 255 2123 refecit
277 2071 341 2122 tam
369 2063 539 2125 exercitum
575 2083 668 2146 quum
699 2063 885 2140 animantia,
914 2063 1051 2146 fecitque
1074 2060 1243 2122 nativitatis

148 2143 263 2206 Christi
283 2145 483 2207 festivitatem
504 2147 534 2206 in
557 2146 667 2208 eodum
688 2145 773 2209 loco.
814 2155 978 2229 comperto
1000 2166 1076 2208 vero
1090 2143 1245 2207 Chosroes

148 2228 233 2310 quod
243 2229 376 2289 Romami
393 2239 537 2291 tenerent
550 2241 662 2312 pontes
675 2231 805 2294 minoris
815 2232 929 2308 Zabae,
940 2229 1022 2292 arisit
1035 2227 1074 2290 ad
1084 2228 1244 2290 Persicum

147 2313 310 2396 populum,
328 2313 378 2374 cui
387 2313 535 2376 librantes
550 2323 704 2396 praeerat,
719 2325 754 2377 ut
776 2313 895 2397 oppido
909 2315 1087 2376 festinantes
1108 2333 1245 2394 praeve·

149 2395 252 2457 nircnt
277 2396 499 2479 imperatorem
519 2406 551 2459 et
572 2397 610 2459 ad
634 2398 735 2480 ipsum
745 2407 928 2481 pergerent.
951 2396 1161 2459 accelerantes
1184 2417 1245 2457 au-

147 2486 209 2541 tem
230 2480 284 2559 illi,
307 2488 339 2543 et
358 2490 580 2543 transmeantes
603 2483 758 2545 minorem
778 2484 882 2543 anan
903 2483 935 2542 in
956 2481 1022 2542 uliis
1043 2478 1129 2554 locis,
1150 2495 1247 2561 prae*

146 2573 301 2625 venerunt
321 2564 544 2647 imperatorem
573 2576 667 2651 atque
695 2566 872 2647 praeibant.
914 2582 1050 2647 cumque
1068 2562 1246 2643 imperator

147 2648 299 2728 palatium
345 2649 408 2711 uod
438 2650 602 2711 dicebatur
635 2648 809 2713 Deaeridan
842 2648 981 2732 cepisset,
1006 2646 1067 2707 boc
1090 2644 1245 2707 destruxit

148 2740 241 2813 atque
262 2671 440 2795 combussit.
492 2744 524 2795 at
554 2756 633 2796 vero
655 2735 768 2795 Persae
798 2753 871 2794 cum
889 2740 1020 2815 pontem
1039 2730 1165 2792 Torone
1180 2727 1245 2791 flu-

147 2815 235 2875 minis
257 2817 508 2899 pertransissent,
529 2818 644 2879 ibidem
663 2828 765 2881 castra
785 2819 891 2879 metati
914 2824 995 2878 suut.
1038 2821 1085 2874 ast
1105 2814 1243 2896 impera..

147 2898 436 2981 torcomprebenso
459 2900 519 2962 alio
535 2901 652 2983 palatio
667 2902 825 2978 chosroe,
850 2900 938 2984 quod
958 2899 1132 2961 vocabatur
1150 2898 1245 2975 Rosa,

145 2989 176 3043 et
198 2981 261 3043 hoc
279 2984 442 3047 subvertit.
492 2994 632 3049 ceterum
653 2986 822 3049 verebatur
842 2983 980 3067 quadiu
1000 2991 1100 3066 ponte
1117 2983 1245 3044 Tor-nae

146 3064 281 3128 fluminis
308 3067 410 3131 hostes
432 3070 540 3131 forent
571 3079 683 3131 contra
701 3090 733 3133 se
754 3068 909 3131 bellaturi.
959 3068 1013 3129 scd
1033 3066 1097 3127 boc
1115 3064 1160 3125 illi
1181 3065 1243 3127 sci.

146 3158 230 3211 entes
260 3144 370 3213 reliclo
398 3162 496 3235 ponte
527 3152 683 3237 fugeruut.
736 3154 858 3215 interca
885 3154 1061 3233 imperator
1086 3168 1158 3209 cum
1177 3148 1243 3209 sine

145 3232 369 3315 impedimento
402 3234 590 3315 transiisset,
618 3235 825 3319 apprehendit
843 3235 927 3298 aliud
948 3234 1099 3315 palatium
1118 3239 1338 3315 cogno-ptltt

145 3326 251 3378 mento
275 3318 406 3394 Beclml,
439 3320 492 3381 ubi
517 3332 549 3383 et
568 3320 828 3403 hippodromium
860 3318 1090 3382 aedificaverat.
1131 3316 1186 3378 sed
1208 3322 1241 3376 et

145 3400 222 3463 illud
241 3402 325 3463 casui
346 3402 440 3465 dedit.
482 3423 555 3467 sane
576 3404 703 3487 quidam
725 3403 966 3481 Armeniorum,
988 3400 1044 3484 qui
1065 3422 1138 3463 cum
1157 3400 1240 3460 Per-

145 3484 183 3545 sis
205 3484 350 3564 aderant,
372 3498 526 3549 venerunt
544 3485 584 3549 ad
601 3488 826 3569 imperatorem
844 3495 942 3548 noctu
963 3484 1100 3547 dicentes
1121 3480 1240 3546 “Chos-

145 3588 216 3629 rocs
238 3590 311 3628 cum
346 3569 557 3653 elephantibus
577 3582 608 3634 et
625 3572 764 3633 exercitu
785 3591 842 3630 suo
862 3570 1002 3653 quinque
1017 3568 1138 3630 milibus
1160 3566 1241 3627 citra

144 3652 297 3733 palatium
316 3672 416 3731 suum,
439 3654 593 3717 vocabulo
613 3654 809 3738 Dastagcrd‚
833 3654 865 3714 iu
887 3653 957 3714 loco
977 3661 1158 3734 nuncupato
1179 3649 1241 3708 Ba-

145 3734 272 3797 rasracb
304 3746 406 3799 castra
433 3746 564 3799 metatus
587 3747 649 3815 est,
671 3746 702 3799 et
734 3736 894 3797 mandavit
913 3745 1016 3798 totum
1037 3735 1102 3796 illic
1120 3731 1241 3795 exerci-

145 3827 212 3881 tum
235 3822 422 3900 convenire,
445 3832 481 3884 ut
512 3820 656 3884 adversus
684 3828 716 3883 te
737 3819 929 3905 praeliatura
956 3828 1001 3881 est
1022 3820 1103 3880 enim
1126 3818 1243 3878 illicet

181 3964 206 4039 ⁶)
230 3966 374 4045 dextralia]
405 3970 517 4023 Glossas
536 3970 645 4023 Isidori:
664 3968 797 4023 dextralia
822 3964 981 4020 brachialia.
1003 3962 1075 4017 udde
1091 3960 1237 4017 flodoard.

217 4038 281 4091 bist.
303 4042 375 4093 Rem.
395 4043 413 4095 2
430 4042 457 4096 6.
493 4044 572 4097 Fran.

160 4108 198 4181 ’Ἴ
214 4110 910 4257 'ittbttllftlttftfl.²⁶.ttt.t¹”tlt.?⁰'·
955 4106 1041 4164 ''¹¹²¹''
1061 4112 1139 4161 ”m
1161 4104 1243 4157 '⁰¹⁴'
