3050 4900
234 283 307 353 aaa
604 281 646 350 m
673 285 951 350 rasurarum
988 261 997 280 “

314 459 368 542 lb,
379 463 412 529 8.
452 459 690 546 Ἀλεξανδρείας
709 462 890 546 internum]
911 461 1022 526 eodem
1040 457 1235 525 Constantini
1257 459 1320 522 lm-

235 547 373 630 perantis
401 566 483 608 anno
507 546 713 608 Alexandrum
743 548 808 608 vita
831 548 990 624 functum,
1017 555 1048 608 et
1069 545 1266 607 Athanasium
1289 545 1320 605 in

234 631 415 713 episcopatu
435 630 531 692 subro
553 641 637 692 atum
656 631 766 691 scribit
780 628 1045 692 chronrllexand.
1056 629 1221 691 Athanasio
1242 647 1324 712 pon.

202 780 207 803 ι
234 715 366 777 libratos
386 651 556 791 aunuald,
578 714 642 775 dies
667 713 705 775 15
726 714 856 796 assignat
876 711 1088 776 Ecchellensis.
1146 733 1242 773 annos
1262 733 1323 793 pa.

234 798 314 860 riter
331 792 375 857 46
395 796 510 880 reliqui
528 797 621 859 codd.
645 795 831 858 attribuunt.
873 807 983 858 auctor
1007 798 1015 857 i
1040 817 1071 858 se
1094 795 1227 856 canonio
1250 816 1323 854 suc.

234 880 364 943 cedente
384 880 517 942 totidem
537 890 698 954 numerat;
729 901 958 963 numerumque
985 817 1038 941 41)
1049 879 1174 962 reliquis
1203 879 1234 938 iu
1267 897 1323 938 ca·

235 964 336 1024 neniis
355 972 479 1043 servat,
510 964 595 1024 annis
616 963 689 1025 licet
712 964 856 1026 omnibus
876 962 1030 1048 sigillatim
1052 961 1218 1038 recensitis,
1242 981 1324 1022 non.

235 1047 294 1110 nisi
312 1043 354 1108 43
375 1047 478 1108 lector
507 1047 604 1130 possit
630 1047 782 1129 reperire.
833 1045 1081 1108 hallucinationis
1101 1067 1223 1106 eausam
1245 1064 1324 1106 con.

235 1129 310 1192 iicio
338 1129 494 1193 Athanasii
515 1130 733 1214 pontificatum
762 1131 793 1192 in
817 1151 913 1190 annos
942 1129 1182 1212 tressequiores
1205 1129 1243 1189 ab
1266 1149 1325 1188 au.

235 1221 326 1275 ctore
344 1223 509 1274 semotum:
532 1212 614 1274 nude
627 1211 875 1276 etEccbcllensia
896 1215 927 1274 in
945 1235 1059 1274 annum
1082 1210 1222 1272 anitrndi
1246 1231 1325 1271 con-

236 1297 307 1358 ditu
328 1294 409 1358 5819
430 1294 516 1356 illum
536 1304 684 1374 revocat,
706 1318 801 1381 quem
819 1306 856 1358 ut
883 1296 1010 1358 teotnms
1042 1297 1073 1357 in
1103 1293 1186 1356 5829
1210 1305 1325 1355 auctor

233 1379 368 1461 seponit.
391 1381 638 1460 praecessoribus
672 1381 769 1462 igitur
799 1343 998 1442 Alexandriae
1017 1377 1207 1462 praesulibus
1230 1395 1326 1438 annos

165 1461 173 1478 “
235 1472 365 1547 praeter
386 1464 432 1525 ius
456 1463 533 1525 duos
551 1485 717 1547 perperam
739 1463 913 1544 assignavit,
935 1485 971 1524 ac
991 1471 1155 1544 praeterea
1175 1461 1245 1522 solis
1266 1483 1326 1520 un.

236 1546 336 1608 decim
345 1546 441 1607 Petro
465 1549 607 1631 martyri,
628 1569 663 1608 ex
685 1548 817 1607 aliorum
839 1549 932 1608 etiam
956 1546 1177 1612 historicorum
1201 1554 1326 1606 senten·

235 1631 280 1692 tia
301 1629 462 1705 concessis,
485 1631 551 1713 ipse
572 1631 605 1691 iu
625 1630 712 1690 annis
735 1626 843 1690 mnndi
856 1626 1020 1690 duodecim
1035 1627 1162 1710 reliquit
1184 1629 1327 1708 spatium,

237 1721 349 1776 octavo
381 1712 527 1776 nimirum
555 1723 585 1774 et
607 1713 806 1795 sequentihus
836 1713 974 1794 propriis
1003 1711 1162 1776 caedibus
1183 1711 1326 1793 depulsis.

237 1798 360 1942 riffge’
376 1796 487 1858 amabo
495 1843 506 1874 ,
526 1816 599 1880 pag.
622 1792 708 1858 biit
735 1796 760 1856 B
794 1803 827 1858 et
860 1795 997 1858 defectus
1025 1797 1180 1880 originem
1204 1815 1325 1855 mecum

239 1902 258 1942 o
294 1901 381 1942 ersa.

322 1985 404 2049 ibid.
438 1983 469 2049 s.
520 1981 658 2045 inirem
688 1984 928 2058 Konstantiana
954 1980 972 2046 ti
1003 1980 1147 2066 εὐσεβής]
1178 1983 1332 2045 consentit

240 2077 353 2130 auctor
373 2068 565 2150 Hieronymo
588 2068 737 2129 scribenti
765 2068 804 2130 ad
827 2089 942 2131 anunm
963 2069 1157 2132 Constantini
1180 2065 1230 2131 26.
1263 2065 1331 2129 edi-

237 2165 283 2214 cto
306 2141 493 2214 Comiaruini
512 2152 668 2234 gentilium
687 2154 801 2236 templa
821 2153 964 2215 subversa
986 2167 1065 2214 sunt.

326 2275 406 2338 Ibaii.
431 2271 480 2340 16.
523 2268 699 2357 μελλούσης
730 2267 868 2356 ἑβδόμης
888 2274 1094 2359 ἰιδικτιιὸιος]
1118 2275 1172 2336 ubi
1193 2273 1331 2356 primum

240 2357 607 2506 tltttthiltitttt
625 2361 1123 2507 tt⁵ttl'iiit⁰tltttnt⁰t
1142 2353 1333 2503 iiiiii

242 2548 323 2589 nuno
347 2526 462 2589 Christi
484 2520 548 2587 444
571 2528 713 2609 quintam
736 2548 799 2589 esse
815 2528 971 2603 decernet,
995 2467 1161 2609 poptgocto
1184 2525 1332 2589 nimirum

242 2611 282 2672 ab
303 2610 365 2671 boc
384 2619 547 2693 praesente
568 2609 683 2671 Christi
709 2631 792 2670 auno
814 2608 877 2671 394
898 2611 1103 2673 indictionum
1120 2610 1254 2691 integras
1275 2629 1333 2690 pe·

243 2692 365 2755 riodos:
395 2692 504 2775 quinta
533 2690 639 2773 itaque
664 2693 700 2771 (si
729 2692 826 2752 modo
850 2692 1070 2776 praecedenti,
1094 2700 1127 2754 et
1145 2702 1334 2775 sequuturae

243 2773 532 2863 consentiatlbnic
557 2796 639 2835 anno
668 2768 731 2836 394
762 2774 855 2837 debet
887 2774 1021 2860 adiungi.
1074 2766 1334 2859 quapropterad

243 2846 401 2937 ἑβδόμης,
435 2855 522 2941 quod
552 2858 674 2920 codices
706 2878 811 2921 omnes
834 2860 1020 2941 proferunt,
1038 2858 1184 2920 vitiosum
1205 2868 1260 2934 est,
1282 2864 1336 2919 aut

245 2948 331 3002 certe
362 2950 435 3021 post
462 2959 558 3000 annos
587 2940 665 3002 dnos
683 2940 764 3002 hauc
797 2942 1012 3005 narrationem
1041 2942 1202 3024 transponi
1233 2940 1334 3003 decet.

245 3032 385 3087 ceterum
415 3022 440 3085 si
460 3022 651 3105 Septembris
679 3026 821 3085 nondum
846 3027 950 3087 fuerat
984 3026 1114 3087 indictio
1138 3024 1282 3099 delibata,
1305 3030 1338 3084 et

246 3127 318 3168 cnm
339 3108 406 3189 ipso
429 3126 534 3168 meuse
548 3108 676 3188 paribus
692 3108 801 3169 diebus
812 3130 955 3187 emensa,
977 3108 1030 3170 scd
1052 3108 1154 3169 adhuc
1171 3117 1236 3169 erat
1258 3104 1344 3184 μέλ--

248 3192 347 3254 looou
366 3184 648 3271 ἐπιλαμβάνεσθαι,
666 3190 811 3253 iamiam
832 3193 1017 3273 attingenda,
1042 3196 1166 3269 (octavo
1190 3190 1338 3251 nimirum

248 3272 311 3335 kat.
336 3272 480 3350 Octobr.)
511 3282 624 3334 auctor
653 3274 756 3337 verbis
777 3272 954 3337 huiusmodi
977 3276 1172 3337 Constantini
1194 3282 1338 3354 ternpore

248 3356 312 3418 eins
334 3357 509 3438 primordia
531 3356 721 3440 Septembris
752 3357 863 3433 initio,
888 3369 924 3420 ut
951 3380 1049 3441 aequo
1073 3379 1163 3441 passu
1184 3354 1340 3439 procede-

247 3448 329 3516 rent,
348 3439 489 3501 nondum
505 3439 597 3501 fuisse
616 3439 785 3502 coniuncta
804 3441 975 3525 significat:
998 3441 1037 3505 de
1059 3463 1123 3525 quo
1146 3440 1339 3503 doctissimus

246 3523 392 3586 Petavius
411 3522 467 3583 lib.
493 3522 531 3583 ll
553 3520 593 3586 de
614 3524 700 3586 doct.
723 3534 818 3607 temp.
841 3546 909 3607 cap.
929 3522 990 3585 40.’
1318 3530 1319 3535 ’

293 3701 297 3705 a
330 3646 414 3713 ibid.
430 3643 479 3707 19.
520 3642 575 3708 tut
595 3647 652 3726 τῆς
671 3647 782 3727 χώρας
799 3645 999 3731 Ἀντιοχέων]
1022 3648 1133 3709 famem
1154 3646 1238 3708 illam
1258 3666 1339 3707 anno

249 3729 442 3791 Constantini
454 3729 598 3791 vicesimo
608 3734 738 3813 septimo
749 3732 911 3816 consignat
921 3732 1140 3815 Hieronymus:
1155 3752 1193 3791 co
1208 3749 1341 3811 namque

248 3812 341 3873 terris
362 3813 524 3874 incubuit:
548 3817 737 3877 rusticorum
761 3835 837 3877 vero
858 3816 995 3896 irruptio
1018 3816 1126 3889 mensis
1150 3813 1340 3895 Septembris

249 3894 341 3958 initio
368 3898 429 3959 visa
462 3897 658 3959 Constantini
691 3898 870 3960 vicesimum
903 3910 1048 3959 octavum
1083 3904 1242 3992 penetrat·
1258 3894 1342 3979 apud

228 3976 482 4073 *Theophanem
504 4002 585 4065 quae
605 3982 688 4064 apud
703 3982 930 4067 Hieronymum
951 4003 1065 4042 annum
1088 4003 1106 4040 a
1122 3982 1266 4041 lanuarto
1288 4001 1343 4039 au.

249 4084 264 4124 ι
288 4072 432 4140 icantem,
454 4066 537 4127 intra
559 4065 694 4127 vicesimi
705 4066 828 4149 septimi
841 4066 951 4127 limites
965 4072 1154 4147 perseverat
1175 4063 1218 4123 sic
1240 4072 1344 4123 autern

273 4165 347 4208 aea
366 4147 483 4211 scribit.
522 4150 697 4233 pesokntia
715 4148 849 4231 ascrae
875 4148 1109 4213 immmerabilis
1128 4146 1289 4209 multitudo
1321 4147 1359 4207 in
