3050 4900
526 337 583 403 nx
608 334 930 407 numenium·
1057 351 1060 361 ·
1164 329 1242 406 eea

153 518 294 591 tallone?
314 513 614 597 diffamaveruntque
631 513 706 599 qula
726 513 869 576 rurrerlt¹
880 533 975 596 nuper
990 533 1106 597 equum
1125 511 1242 592 mdeoa,

155 614 189 667 et
210 601 299 664 vadit
316 599 466 696 Vulgarer
487 598 668 675 bellatumn,
688 598 741 681 qui
762 619 781 660 e
801 605 913 660 contra
933 599 1101 659 Tartarum
1121 597 1244 660 ¹habitat

154 707 229 749 eum
251 683 461 768 daemonrbna.
485 682 539 764 qui
554 682 593 743 ab
617 683 703 743 urbis
718 682 877 764 praefecto
899 680 1115 763 comprehensi
1138 681 1242 761 primo

154 767 283 855 quidem
304 765 537 828 mentiebantur
558 765 706 829 divinitus
729 767 814 826 ultro
845 765 934 825 fuisso
951 775 1060 846 portas
1080 764 1243 844 sepulcro.
1252 781 1278 836 p·
1291 763 1346 817 '182

155 875 229 917 rum
250 860 393 934 apertura
421 848 610 930 praesentati
639 869 715 910 veno
743 847 891 911 tribunali
918 847 1067 930 praefacti
1094 856 1126 908 et
1160 850 1246 908 circa

157 933 370 1000 taatimonium
401 930 607 994 claudicantes
628 931 833 994 obserationis
864 929 1007 993 fraudem
1032 940 1103 994 ante
1123 950 1246 993 omnem

156 1039 293 1105 poenam
311 1013 444 1078 confessi
461 1027 549 1089 aunt3
567 1035 648 1098 quos
666 1013 782 1076 merito
798 1013 937 1076 vectibus
957 1014 1090 1077 subdens
1112 1031 1247 1097 pompae

156 1101 304 1187 publicae
322 1098 475 1175 anhmieit,
496 1099 702 1162 vociferanter
713 1105 836 1159 oausam
857 1118 986 1180 poenae.
1028 1099 1072 1160 aio
1092 1097 1174 1158 enirn
1194 1111 1248 1160 ne·

157 1185 278 1270 quitiae
297 1183 445 1244 inreator
465 1181 605 1244 diabulau
631 1203 704 1244 auor
724 1181 835 1244 militm
855 1181 1011 1260 erudivit,
1033 1189 1067 1241 nt
1089 1201 1247 1262 nonper-

156 1280 229 1332 cau
249 1289 306 1329 ana
327 1265 386 1349 ipai
407 1275 562 1342 accumnt,
581 1265 637 1328 aed
658 1263 866 1326 orthodoxum
897 1271 932 1325 et·
945 1285 966 1326 a
988 1265 1130 1348 patribus
1149 1264 1250 1326 tradi·

156 1359 222 1414 tam
240 1350 337 1413 iidem
355 1370 542 1432 eaernmqne
563 1348 706 1412 babitom
724 1347 963 1430 monachorum,
983 1348 1037 1432 qui
1058 1346 1180 1410 divinae
1203 1356 1249 1410 cat

155 1434 280 1520 pbiloao
305 1432 373 1496 biae
468 1432 596 1506 narium.
615 1432 707 1494 multi
729 1442 834 1494 autem
850 1451 963 1494 ‚eorum
986 1429 1040 1514 qni
1061 1431 1092 1492 iu
1112 1430 1159 1493 bia
1178 1429 1246 1492 blu-

154 1517 265 1600 rpbem
305 1526 383 1592 ant,
454 1515 524 1578 bitu
551 1523 674 1578 tanturn
703 1524 796 1578 erant
811 1513 998 1590 Christiani,
1020 1514 1152 1577 raritate
1172 1533 1248 1575 vero

155 1593 338 1678 Pauli‘eiaui,
366 1599 423 1682 qni
439 1620 503 1660 non
523 1599 668 1662 ualenter
689 1597 881 1662 detestabilia
902 1597 1048 1679 dogm‘ata
1067 1619 1121 1659 aua
1141 1596 1249 1662 mani.

154 1686 271 1748 roure
291 1681 503 1746 buinacem'odi
531 1685 695 1746 occarione
727 1682 872 1744 indoctoa
901 1680 1142 1757 adulterabant,
1165 1683 1249 1754 Con·

155 1769 340 1847 mutinum,
360 1768 415 1850 qni
431 1764 547 1830 Iudaici
567 1768 670 1829 luerat
687 1787 801 1843 aenam,
827 1767 954 1826 buum
967 1763 1102 1826 dicenter
1122 1772 1249 1846 ntpro-

153 1851 283 1935 phetam
304 1861 338 1913 et
356 1852 522 1930 rictorem,
543 1849 760 1933 haeresimque
781 1849 873 1932 ipsius
894 1848 924 1910 in
947 1845 1179 1920 subversionem
1194 1845 1250 1910 ‹in-

156 1944 303 1998 carnatae
323 1931 558 2016 dispensationis
580 1933 699 1996 domini
715 1933 814 1994 noatri
830 1934 898 1995 lesu
920 1930 1036 1994 Christi
1055 1929 1249 2012 amplecten-

158 2027 213 2082 te.
256 2037 359 2100 porro
382 2017 503 2079 decimo
524 2017 668 2080 kalendar
684 2015 776 2077 luliaa
797 2015 951 2097 praelium
971 2013 1147 2078 ineuntibus
1165 2012 1250 2076 band

157 2103 273 2185 procul
295 2101 336 2163 ab
358 2097 594 2183 Hadrianopoli,
616 2100 803 2182 delinquunt
826 2096 951 2183 quide'm
974 2097 1141 2160 Christiani
1161 2095 1250 2159 valde

157 2183 229 2246 dire
249 2184 336 2246 circa
356 2183 482 2259 bellum,
504 2187 651 2247 obtinent
666 2189 771 2246 antem
793 2182 909 2244 inimici
927 2203 1100 2264 pugnnma
1123 2180 1195 2260 deo,
1214 2185 1250 2240 ut

158 2266 265 2350 plura
283 2267 533 2331 Christianorum
557 2289 615 2330 nec
635 2267 771 2350 primum
801 2265 1050 2349 congressionem
1071 2305 1079 2326 .
1101 2305 1110 2326 .
1132 2285 1251 2340 summa

163 2351 238 2432 tuga
256 2357 439 2428 uterentur,
469 2351 514 2413 ita
534 2361 571 2413 ut
589 2351 744 2412 Crumnua
767 2359 984 2412 consternatur
1001 2347 1182 2410 amtimaret
1200 2347 1347 2426 in-ptsss

160 2431 310 2498 sidiarum
338 2454 536 2519 quarumque
565 2441 782 2518 argumentum
807 2454 887 2507 ωας
926 2448 990 2531 quo
1010 2431 1128 2493 factum
1150 2440 1196 2493 eat
1216 2438 1254 2491 nt

158 2517 319 2579 modinum
338 2518 491 2580 retineret
509 2537 581 2581 auor
603 2520 642 2581 ab
656 2516 873 2579 insecutioner
896 2532 970 2599 quta
995 2514 1078 2577 enim
1099 2512 1178 2573 vidit
1199 2534 1252 2574 eos

156 2600 225 2663 aiae
245 2601 308 2662 nlla
331 2603 508 2665 retentione
529 2602 638 2685 fugere
649 2645 660 2680 ,
688 2608 868 2684 perarantur
899 2596 1019 2660 occidit
1039 2594 1253 2659 multitudines

158 2685 312 2767 copiosae,
332 2686 456 2747 ueniens
481 2684 680 2747 nibilominus
699 2683 739 2745 ad
755 2684 901 2759 aaroinae,
924 2690 957 2743 et
972 2681 1024 2742 bas
1047 2700 1118 2741 eum
1137 2678 1253 2757 exuviis

158 2770 316 2831 auferent.
335 2777 381 2831 aet
392 2768 568 2852 imperrtor
579 2768 698 2852 fugiens
714 2766 883 2849 repedabat
894 2765 1056 2841 inurbem,
1078 2763 1254 2825 multitudi-

159 2852 250 2913 nibna
263 2851 439 2935 bonumque
451 2852 647 2934 principibus
659 2852 801 2934 sumptis.
824 2850 952 2932 insuper
967 2856 999 2911 et
1012 2847 1133 2930 imperii
1157 2844 1253 2929 poti.

158 2936 292 2996 uebatur
304 2932 531 3017 depositionem
540 2934 695 2997 deiurant.
708 2935 791 2997 inter
803 2956 881 3031 quos
895 2942 929 2995 et
937 2934 1074 2995 Leonem
1083 2932 1252 3013 patrieinm

156 3028 191 3080 et
204 3027 385 3100 praetorem
397 3018 617 3097 Orientalium,
626 3027 777 3101 tanquam
789 3040 876 3101 prom
888 3026 920 3078 et
935 3014 1136 3077 fortianmnm
1151 3024 1184 3077 et
1194 3034 1252 3097 por

159 3100 265 3163 omniu
286 3110 456 3184 strenuum,
477 3103 508 3163 in
530 3100 666 3164 tenendo
687 3102 821 3199 imperio
831 3100 979 3161 noioeane
998 3098 1118 3160 romum
1140 3097 1251 3159 voluit.

159 3184 216 3267 qni
243 3184 415 3246 nullatenus
439 3187 644 3269 acquiereret,
666 3182 782 3246 dimuit
800 3206 870 3247 eum
893 3201 1034 3266 praeesse
1055 3180 1252 3258 tlremrtibue,

159 3268 289 3351 ipeoque
321 3267 362 3329 ad
396 3270 512 3351 regiam
533 3269 677 3351 parvenit
707 3268 818 3331 urbem
834 3274 962 3329 'octavo
982 3262 1130 3327 kalendar
1148 3262 1251 3341 lulirr,

158 3352 267 3413 volens
286 3350 446 3435 deponere
474 3352 641 3434 imparium
659 3360 692 3413 et
724 3350 821 3413 ulium
841 3369 1047 3432 promoverer
1071 3347 1126 3429 qui
1147 3356 1252 3407 tamen
1326 3382 1334 3404 .

158 3434 202 3495 ab
225 3436 346 3513 uxore,
379 3446 412 3498 et
434 3436 474 3497 ab
494 3435 541 3498 hir
574 3437 641 3521 qui·
657 3434 805 3519 nequiter
833 3431 1089 3517 praevaluerant,
1121 3452 1184 3491 non
1206 3434 1254 3491 art
1323 3460 1329 3476 ·

158 3518 334 3599 permistus.
375 3540 484 3581 verum
510 3520 542 3581 in
564 3516 831 3601 booNieepborua
851 3511 1254 3597 saactluimusvpatrlualta

159 3600 386 3677 consentiebat,
408 3604 462 3665 “at
483 3603 566 3685 ipae·
587 3602 730 3685 inquient
756 3602 809 3663 “et
829 3600 883 3661 filii
904 3600 968 3663 eiua
988 3598 1123 3660 salvandi
1145 3604 1250 3669 erunt,
1300 3650 1302 3655 .

159 3682 315 3745 ritaliter
346 3685 414 3767 qnia
439 3688 695 3767 promerentur?
725 3694 782 3745 ‘at
813 3702 889 3745 uero
917 3690 1080 3765 praetores
1101 3681 1252 3743 discentes

159 3766 796 3934 {tlsllltllmclslllll‘llll
809 3768 931 3911 33:¹23?
944 3761 1252 3927 ,llllnlttlll

450 3894 454 3904 ¹
915 3894 925 3927 7

160 3942 257 3995 temet
281 3872 368 4015 ipaoe
400 3934 612 4017 implorabant
640 3938 777 3997 Leonem
810 3932 979 4015 patricium
1007 3938 1044 3993 -ct
1071 3937 1252 4013 praetorem

161 4016 381 4092 Orientalium,
406 4040 468 4099 quo
493 4019 694 4081 auxiliaretur
713 4016 870 4079 communi
891 4012 1095 4097 reipublicae
1116 4010 1252 4075 elChri·

161 4100 335 4161 atianorum
363 4100 505 4185 religioni
535 4101 754 4184 opitularetur.
805 4109 851 4162 ast
874 4098 926 4159 ille
944 4094 1134 4179 'aliquandiu
1154 4093 1251 4157 rebe-

161 4192 285 4249 mentcr
305 4182 469 4249 differebat
489 4193 620 4270 tempor,
643 4182 839 4250 considerans
852 4180 1064 4247 difficultatem
1085 4186 1117 4245 ot
1136 4177 1346 4259 barba-pittl
