3050 4900
610 378 758 453 NOEAR
847 412 852 419 ·
1160 372 1236 451 463

144 566 257 631 nempe
276 544 392 609 Christi
418 542 479 609 6911
499 552 532 611 et
552 541 632 625 696,
654 545 694 611 ad
715 546 802 611 huno
821 546 929 633 ltaque
945 558 1141 633 praesentem
1161 549 1236 633 609,

144 634 199 717 qni
222 628 434 709 munnulus,
455 628 606 692 decimam
630 632 756 693 tertium
776 632 1051 713 nonndiunrerit,
1071 635 1124 697 sed
1137 658 1237 721 qner-

143 725 206 777 tarn
229 723 260 775 et
288 714 440 776 decimam
470 712 574 775 fateor
604 734 654 775 me
675 712 834 795 ignorare.
888 736 929 779 ne
948 738 1026 781 vere
1044 718 1235 801 scriptorum

143 818 257 862 errore
279 798 388 859 falsum
406 799 437 859 in
458 795 678 859 indictionibus
698 798 782 861 lrisce
803 818 969 861 numerum
990 802 1056 863 irre
1079 801 1148 865 sisse
1167 804 1237 888 quis

144 889 270 960 asserat,
292 902 330 942 en
362 890 398 943 ut
417 902 488 966 pag.
520 877 702 943 succedente
723 880 761 941 ad
783 881 899 944 Christi
922 905 1037 945 annum
1056 822 1121 947 its
1150 885 1237 948 indi.

145 968 281 1027 ctionem
302 965 444 1047 quintam
465 984 502 1024 ac
524 963 674 1025 decimam
697 963 835 1041 clandit,
852 966 892 1028 nd
906 960 971 1029 664
989 969 1124 1050 primam
1142 970 1238 1031 semel

145 1057 179 1113 ut
199 1049 313 1111 iterum
335 1050 428 1124 citat,
452 1046 492 1109 ad
513 1044 592 1124 613,
614 1066 684 1131 pag.
709 1046 771 1109 953
792 1047 944 1111 decimam
964 1052 1116 1128 nominat,
1140 1062 1173 1115 et
1193 1054 1237 1115 ita

144 1130 289 1213 deinceps
313 1130 415 1215 cyclos
437 1129 549 1193 ordina
566 1130 790 1213 prosequitur:
812 1138 845 1193 et
865 1142 902 1194 nt
922 1135 1045 1217 gravius
1066 1134 1237 1197 hallucina·

145 1226 213 1279 tum
235 1223 396 1277 auctorem
409 1214 556 1297 aperiam,
571 1234 664 1297 quem
681 1214 805 1275 admisit
815 1234 966 1295 errorem,
987 1218 1120 1286 eundern
1145 1230 1236 1282 tran·

143 1300 268 1380 scripsit
290 1299 445 1396 iptcrpres
464 1297 649 1395 Anastasius,
671 1296 711 1359 ad
733 1296 847 1361 Christi
866 1295 931 1361 444
961 1310 994 1363 et
1016 1303 1168 1400 Marciani
1189 1324 1237 1365 ce-

146 1379 1236 1551 {ttitti·tltttrltl{ttett‘tttf‘ttuttssplltztll?

145 1572 227 1647 mann
248 1569 417 1647 apponens,
439 1570 519 1633 qnae
542 1566 624 1609 nona
643 1557 767 1693 tpntum
786 1546 1088 1647 landaridebuerat.
1103 1632 1111 1647 ο
1129 1559 1233 1649 extant

146 1630 656 1798 tl¹tttt.lttl⁸0tt⁸·.li.tt
676 1629 1236 1803 lntltttttltttlltlttl

147 1802 230 1861 renti
253 1798 387 1878 Phocoe,
408 1804 462 1861 aut
483 1798 628 1861 Heraclio
650 1816 747 1859 annus
769 1818 849 1862 unna
869 1799 1026 1862 deuectus
1046 1810 1102 1863 est.

229 1898 301 1985 459,
322 1904 373 1969 96.
414 1904 664 1986 καστελλωμένα]
681 1905 855 1969 verborum
867 1917 1067 1992 augmentum
1088 1908 1121 1972 in
1141 1928 1238 1994 prae·

147 1990 249 2055 teritis
271 1990 419 2075 expungit
439 1988 591 2053 moderna
603 1990 746 2057 Graecia.

231 2096 309 2161 ttae
324 2098 374 2160 91.
423 2092 612 2183 καταρτίοις]
644 2098 730 2161 navis
757 2098 873 2162 malum
901 2102 1099 2165 Graecorum
1129 2100 1238 2186 vulgus

145 2188 239 2247 vocet
259 2182 437 2262 surriperes.

164 2350 179 2375 ,
228 2282 301 2365 466,
325 2288 354 2351 1.
402 2283 420 2349 d
451 2284 603 2361 lltuldtcc
629 2288 662 2353 Γ
658 2284 804 2373 εαίργιος]
834 2285 874 2351 de
897 2308 962 2373 quo
990 2287 1148 2355 luculente
1168 2290 1238 2352 dia.

144 2372 247 2520 fflplc
276 2372 492 2456 de.Georgiis
519 2378 633 2435 auctor
651 2372 780 2437 Allatins
814 2369 855 2435 ad
885 2374 1059 2458 Georgium
1089 2376 1237 2457 Aeropo.

226 2563 308 2631 Ittd.
334 2561 382 2626 18.
432 2561 557 2641 στέμμα
587 2558 622 2622 ἐκ
646 2561 703 2641 τῆς
733 2559 910 2644 ἐκκλησίας]
935 2556 1098 2645 ἀνάθημα,
1120 2562 1240 2626 donum

145 2647 177 2710 in
200 2669 237 2712 ea
258 2669 441 2732 appensum.
494 2644 660 2707 videndum
689 2645 840 2724 Mauricii
860 2657 979 2728 gestum
999 2667 1094 2728 cupre
1117 2647 1157 2708 ad
1180 2668 1239 2707 an.

146 2755 227 2830 num·
243 2729 377 2877 diuelli).
420 2729 781 2875 legcrppinstsllicephurus
804 2729 836 2792 in
851 2729 997 2792 Heraclio
1014 2729 1143 2793 maioris
1164 2730 1239 2792 lilio.

146 2835 282 2899 origines
358 2835 452 2896 .apu
527 2835 562 2876 re
591 2835 689 2874 erum.

228 2917 301 3000 461,
324 2923 356 2984 9.
398 2921 432 2984 ἐν
452 2921 496 3006 epi
514 2919 592 3004 nor]
622 2919 798 2984 chronicon
818 2917 963 2985 Alexand.
992 2929 1025 2986 et
1045 2919 1240 3007 Nicephorns

147 3005 188 3070 de
209 3007 281 3070 loro
302 3007 380 3068 Bon.
403 3005 483 3088 orig.
509 3005 567 3066 CP.
591 3013 624 3066 et
647 3003 781 3088 Gyllins.

225 3115 306 3178 loru.
319 3113 348 3178 7.
392 3107 594 3194 adroxpnirmp
617 3111 674 3175 uui
683 3103 834 3198 νύμφιος]
855 3111 895 3178 da
913 3112 1036 3200 gemina
1056 3114 1238 3198 nuptiarum

145 3209 178 3264 et
198 3199 322 3282 imperii
344 3219 462 3261 corona
483 3197 637 3280 superius.

229 3321 308 3386 Ibr’d.
332 3319 381 3384 13.
422 3317 593 3384 Ζνδικτιῶνι
615 3313 640 3398 ζ’
648 3321 660 3404 l
683 3321 811 3384 consule
831 3321 882 3384 tte
901 3319 1003 3382 varim
1022 3318 1181 3383 lectiones.
1203 3369 1210 3377 .

228 3428 313 3496 tttd.
337 3423 387 3492 14.
428 3427 543 3514 ἐπέχθη
564 3429 609 3516 τῷ
629 3429 760 3527 decutiet
775 3423 957 3514 ἐπιφάνεια]
980 3428 1154 3491 chronicon
1168 3430 1237 3492 dle-

143 3513 234 3576 rand.
253 3515 293 3577 nd
318 3535 433 3576 annum
450 3511 586 3576 Heraclii
606 3533 756 3597 primum.

226 3635 298 3716 469,
321 3635 353 3702 3.
394 3637 568 3700 recitative
599 3630 678 3699 idcir
706 3633 741 3698 in
762 3631 879 3720 ἀπορίᾳ
900 3625 950 3717 ἦν]
978 3656 1059 3719 quaa
1087 3656 1124 3698 ar
1143 3635 1237 3697 Nico-

143 3720 318 3868 pptppofpldt·
336 3743 452 3783 annum
471 3718 531 3783 611
566 3717 794 3798 conveniendi,
823 3718 1068 3804 consulendique
1094 3719 1237 3782 Priscum

229 3929 312 3993 Ibtd.
333 3927 366 3995 6.
410 3921 470 3996 δύο
491 3922 611 4007 μόνους
630 3913 738 4010 siper]
763 3933 930 3990 attestatur
951 3926 1123 3990 simocatta
1142 3921 1238 3987 tint

143 4035 212 4097 cap.
226 4013 275 4093 19,
296 4022 327 4078 at
349 4015 380 4076 iu
398 4015 545 4078 Raxatem
562 4011 687 4075 Persam
708 4011 939 4094 expeditionem
957 4011 998 4074 ab
1017 4007 1163 4072 Heraclio
1181 4029 1237 4070 sn.

142 4109 280 4182 coeptam
300 4098 448 4182 suggerit.

226 4225 309 4288 ltu.
354 4225 389 4288 ir
410 4225 489 4288 πᾶσι
518 4227 582 4297 τοῖς
604 4221 735 4308 separa]
765 4223 872 4286 rhina.
902 4219 987 4284 dieta
1007 4225 1053 4284 est
1074 4219 1105 4281 in
1129 4215 1237 4303 primis
