3050 4900
519 345 573 409 EX
600 340 857 409 THEOPHANE.
1151 337 1221 405 201

138 510 247 572 “veui’'
272 508 384 593 inquit,
409 514 462 573 “et
484 510 630 575 recedo-’³
672 521 705 575 et
720 522 849 595 accepto
863 520 994 595 praetor
1016 512 1055 573 ab
1069 531 1107 572 eo
1127 510 1226 572 verbo
1234 534 1261 588 p.
1271 512 1325 568 594

136 616 208 657 cum
227 594 375 657 trecentis
397 595 552 679 equitibus
567 596 654 659 veuit
670 596 710 659 ad
735 596 831 657 ilium.
874 594 1010 659 videntes
1032 604 1137 657 autem
1156 616 1229 655 cusu

136 678 272 761 Agareui
294 676 397 739 vestiti
417 678 523 744 loricis
540 678 599 743 suis
620 688 774 743 venerunt
794 682 823 741 ei
848 680 985 757 obviam,
1010 678 1066 761 qni
1085 676 1232 738 manebat

140 759 272 823 dimidio
294 760 407 844 procul
427 784 444 823 a
467 764 574 825 castris
596 784 705 825 eorum
726 762 875 825 miliario.
912 782 972 844 per
993 771 1056 824 tres
1074 782 1147 823 saue
1166 759 1231 821 dies

138 866 175 911 eo
203 845 397 926 procedente
418 843 589 929 adipsum,
612 868 693 931 quae
715 845 754 909 ad
777 868 887 929 pacem
907 854 989 921 snut,
1009 844 1239 929 loquebantur,

138 938 170 990 ct
191 935 227 989 ut
247 950 265 987 a
287 929 413 993 civitate
426 928 629 993 recederents
652 938 685 993 at
704 930 748 992 itti
762 930 939 993 asserebant
958 927 1098 1011 “sponde
1111 948 1232 1009 pacem,

138 1022 171 1075 et
195 1009 397 1075 recedimus.”
453 1022 618 1096 comperto
647 1034 724 1077 vero
753 1022 885 1096 praetor
912 1009 999 1096 quod
1019 1034 1091 1075 eum
1118 1010 1234 1073 velient

138 1094 296 1171 retinere,
329 1095 453 1157 vocavit
479 1098 594 1161 mattos
613 1116 649 1159 ex
682 1096 851 1161 illustribus
871 1094 1033 1159 Saracenis
1052 1095 1091 1157 ad
1112 1116 1233 1170 cenam,

140 1185 173 1241 et
194 1179 389 1241 vescentibus
410 1178 452 1241 eis
475 1180 558 1245 misit
580 1179 757 1243 Suhetimau
779 1179 842 1242 trie
861 1180 946 1240 milia
966 1180 1174 1242 loricatorum
1192 1177 1233 1238 ad

139 1262 399 1325 circumdandum
421 1284 492 1325 eum
516 1285 555 1327 ne
576 1265 705 1348 fugeret,
726 1271 759 1325 et
781 1264 977 1325 servandum.
1018 1284 1084 1347 quo
1103 1261 1233 1345 cognito

140 1344 284 1407 custodia
307 1346 462 1409 nuntiavit
482 1347 511 1409 ei
532 1348 605 1431 quia
626 1345 837 1409 multitudines
858 1345 1048 1431 equestrium
1060 1346 1234 1408 Saraceno-

139 1450 212 1491 rum
233 1428 265 1489 iu
290 1429 426 1493 circuitu
460 1438 568 1493 nostro
595 1440 688 1493 stant.
743 1432 866 1493 veniens
894 1439 998 1491 antem
1030 1450 1109 1491 unus
1138 1450 1174 1491 ex
1191 1428 1235 1490 eis

139 1534 246 1595 eques,
265 1514 392 1575 nomine
414 1514 527 1593 zuber,
548 1513 776 1597 inpraesentia
799 1514 885 1577 stetit
906 1510 1009 1575 diceus
1031 1517 1161 1575 “servus
1181 1510 1235 1571 tu.

139 1597 187 1679 git
210 1598 331 1657 sumtus
352 1598 516 1678 pecuniam
536 1599 674 1675 muium,
695 1606 727 1662 et
750 1604 886 1681 propter
908 1596 995 1659 ilium
1014 1596 1102 1680 equis
1121 1593 1237 1657 insedi·

139 1683 244 1743 mus.’'
287 1700 388 1762 porro
420 1682 562 1763 ipsorum
589 1684 693 1767 agnita
720 1691 854 1764 praetor
876 1679 1072 1763 deceptione,
1094 1678 1172 1741 dixit
1193 1677 1234 1739 ad

139 1784 194 1827 eos
217 1766 279 1826 “ue
306 1764 493 1827 turbeminis
531 1788 603 1827 nam
631 1786 823 1849 quoeunque
852 1763 1049 1845 perrexerit,
1072 1760 1235 1823 incastris

140 1846 257 1909 uostris
277 1846 468 1928 reperiemus
493 1852 592 1911 euna!
634 1848 774 1912 tristatus
789 1856 893 1911 autem
912 1846 1019 1931 potuit
1040 1844 1163 1909 occulte
1175 1866 1235 1927 per

61 1960 65 1974 =
141 1928 305 1993 bominem
326 1950 414 1993 suum
436 1932 631 1995 innotescere
645 1932 692 1995 his
717 1933 773 2016 qui
782 1931 903 1994 Amorii
925 1940 1025 2009 mant,
1047 1929 1150 1993 diceus
1170 1924 1330 1999 “ti-effi

140 2022 225 2075 nnete
248 2013 360 2089 deum,
385 2037 424 2077 nc
447 2016 647 2100 vosmetipsos
667 2014 821 2098 prodatis.
874 2036 949 2079 ecee
969 2014 1051 2077 euim
1071 2022 1104 2077 et
1123 2011 1236 2077 Masat-

141 2118 207 2157 ruas
232 2098 499 2181 appropinquat.²'
549 2110 581 2163 et
611 2100 684 2163 exiit
705 2100 798 2161 ctiam
828 2100 989 2196 episeopus
1017 2096 1058 2159 ad
1087 2118 1184 2174 eum,
1204 2106 1237 2159 et

141 2178 252 2243 eadem
271 2180 336 2262 ipsa
364 2181 441 2243 dicit
471 2182 508 2244 ci.
562 2205 633 2245 cum
654 2203 730 2247 vero
752 2182 930 2245 sunenmm
964 2180 1119 2245 didicisset
1150 2179 1238 2263 quod

142 2264 252 2327 exisset
274 2263 314 2325 ad
346 2286 417 2327 eum
441 2265 624 2350 episcopus,
646 2267 743 2330 mittit
775 2259 1026 2349 adfpraetorem,
1047 2264 1109 2327 “da
1128 2262 1238 2325 uobis''

143 2348 250 2410 diceus
271 2347 501 2431 “episcopum”
545 2350 599 2436 qui
621 2358 752 2412 maestus
772 2351 871 2411 faetus
884 2348 1049 2411 abscondit
1062 2368 1144 2419 eum,
1167 2346 1238 2408 cui·

144 2430 218 2494 dam
243 2430 404 2494 huminum
432 2455 562 2496 snorum
585 2434 787 2516 praecipiens.
839 2432 968 2496 “nobis’'
991 2431 1095 2515 inquit
1116 2428 1238 2492 “colio-

146 2517 313 2598 quentibus
335 2517 428 2578 indue
448 2539 520 2580 enm
544 2516 609 2580 aliis
630 2519 738 2592 stetis,
768 2526 801 2578 et
821 2517 907 2600 quasi
930 2524 1066 2599 propter
1088 2513 1168 2596 tigna
1190 2513 1239 2574 vet

145 2619 261 2680 saluam
282 2599 405 2662 missum
424 2600 491 2663 sine
506 2610 542 2663 ut
563 2599 659 2662 variat
678 2601 710 2661 iu
731 2604 881 2662 montes.'’
904 2597 1111 2662 imistentibus
1134 2605 1239 2657 autem

144 2703 207 2763 pro
230 2681 377 2765 episeopo
399 2685 559 2748 Saracenis
582 2683 659 2747 dicit
678 2695 812 2768 praetor
830 2687 915 2745 “non
939 2689 986 2744 est
1006 2680 1067 2742 hic.
1108 2701 1239 2742 serum.

145 2774 249 2826 manen
273 2769 393 2848 pergite
421 2767 623 2844 adsumme,
655 2776 687 2830 et
706 2767 800 2830 venio
830 2769 924 2829 etiam
943 2767 1018 2850 ipse,
1040 2773 1073 2828 et
1096 2762 1136 2826 de
1157 2785 1239 2824 cuu—
1306 2772 1311 2778 '

143 2848 203 2910 ctis
224 2848 417 2932 loquemur.'‘
469 2853 525 2933 ipsi
556 2862 659 2914 autem
691 2851 861 2934 cogitantes
889 2851 974 2934 quod
996 2871 1067 2912 eum
1089 2847 1239 2910 introiret

144 2933 185 2994 ad
208 2954 362 3011 emeram,
389 2934 419 2994 in
442 2935 545 2998 medio
580 2937 719 3018 ipsorum
739 2934 912 2996 retinerent
935 2956 1016 3013 eum,
1038 2931 1120 2994 bunc
1141 2930 1236 2992 dimi-

142 3024 264 3078 serunt.
318 3027 350 3078 at
370 3017 421 3078 iile
454 3037 525 3080 eum
559 3039 640 3102 equo
668 3018 841 3096 insedisset,
871 3019 1072 3100 proiecturus
1095 3015 1235 3076 cumbis

143 3108 271 3161 centum
294 3099 471 3164 bominibus
501 3103 588 3185 quusi
618 3111 805 3178 venaturus,
836 3101 924 3164 dedit
954 3100 986 3162 iu
1012 3108 1136 3182 partem
1156 3098 1235 3158 sini·

143 3193 252 3244 stram.
306 3184 453 3246 Saraceni
483 3207 576 3268 ergo,
606 3187 661 3268 qui
681 3195 772 3248 erant
792 3205 863 3246 cum
884 3205 933 3263 eo,
953 3184 1060 3248 dicunt
1081 3179 1126 3242 illi
1147 3183 1233 3262 “quo

143 3265 268 3326 vadis?''
289 3267 342 3328 “in
365 3269 478 3352 pratis''
499 3269 544 3330 ait
565 3271 659 3332 “volo
679 3273 835 3332 manere.”
858 3276 891 3329 at
908 3267 951 3330 itti
972 3265 1116 3329 dixerunt
1136 3267 1235 3322 “eon-

145 3348 250 3412 silium
272 3357 360 3412 tuum
383 3373 446 3414 non
469 3361 514 3416 est
533 3354 665 3426 bouum,
689 3361 721 3416 et
741 3373 805 3416 non
824 3351 982 3414 veniemus
1004 3349 1135 3411 tecum-’⁹
1159 3356 1235 3409 tuuc

145 3431 222 3493 dicit
242 3442 374 3514 praetor
400 3437 459 3498 suis
489 3437 607 3498 “verbo
631 3435 720 3500 nobis
749 3435 824 3498 dato
854 3444 963 3496 tenere
983 3454 1039 3496 nos
1057 3431 1335 3516 votuerunt,p‚595

143 3527 176 3580 et
205 3525 339 3598 propter
369 3541 425 3580 nos
445 3519 634 3582 Christianos
663 3519 810 3602 perdere.
865 3539 974 3580 verum
1004 3537 1039 3578 ex
1058 3512 1236 3576 hominibus

145 3601 260 3660 nostris
282 3601 329 3662 vel
350 3603 564 3680 animantibus,
587 3625 667 3687 quae
684 3611 909 3678 remanserunt,
931 3600 1049 3662 nulium
1070 3597 1236 3660 retinent.’'

145 3691 268 3746 etcum
291 3683 361 3748 isset
383 3685 504 3748 mitibus
525 3687 642 3764 decem,
663 3687 785 3748 mansit.
827 3693 955 3768 postera
974 3703 1051 3745 vero
1068 3681 1119 3742 die
1140 3677 1237 3740 mittit

146 3777 320 3828 stratorum
341 3791 469 3832 suorum
483 3768 697 3846 domesticum,
719 3777 750 3832 ct
764 3768 916 3852 signifieat
935 3769 976 3831 eis
993 3765 1088 3849 “quia
1107 3762 1238 3825 verbum
1326 3805 1331 3814 ·

146 3849 222 3912 mihi
244 3850 369 3914 dedistis
395 3863 426 3915 et
448 3853 522 3916 doto
546 3876 595 3916 mc
620 3855 756 3916 retinere
785 3851 933 3928 voluistis,
956 3849 1074 3912 idcirco
1098 3844 1238 3910 recessi.''

148 3941 278 3995 atvero
299 3937 455 3998 Mesatmas
477 3939 633 3998 clausuras
655 3937 830 4013 transierat,
852 3934 1030 3997 Subelimau
1052 3939 1155 3994 autem
1175 3928 1239 3989 hoc

149 4016 323 4094 ignorabat.
366 4041 466 4102 porro
489 4022 668 4086 tumultuati
687 4019 895 4082 sunt‘amerei
919 4028 949 4080 et
971 4016 1103 4100 populus
1125 4020 1238 4076 contra

149 4100 339 4184 sationum,
362 4103 557 4184 perhibentes
579 4111 636 4164 “ut
652 4103 727 4186 quid
740 4103 917 4165 obsidemus
935 4121 1052 4174 neuros,
1074 4107 1106 4161 et
1128 4098 1236 4158 isacar-

147 4183 244 4248 siones
266 4207 329 4248 uon
354 4189 519 4250 tacimus?”
564 4187 767 4272 repositisque
790 4185 996 4250 tabernaculis
1021 4182 1235 4248 discesserim.
