3050 4900
308 297 382 370 466
667 311 709 370 ΙΝ
738 305 1015 370 ΤΗΕΟΡΗΑΝΕΜ

391 475 464 554 367,
474 475 503 538 8.
544 475 705 557 Bromius,
717 474 773 538 καί
783 477 1111 558 ΒρίγκυςῙΕοάυοηιιο
1128 485 1283 537 errantem
1292 477 1401 538 Theo.

308 561 443 645 pbanem
465 560 599 620 imitatus
618 558 751 639 Βιρίον,
774 559 829 620 καί
840 561 988 638 Βρίγκας.
1011 581 1045 620 ex
1066 580 1130 641 quo
1151 561 1277 620 Brioras
1299 583 1402 643 quan..

307 645 380 705 dam
403 644 509 704 ltaliae
537 643 693 703 civitatem
717 643 793 702 lialso
826 643 976 703 aestimat.
1005 644 1179 704 Anastasius
1208 643 1403 724 Tbeopbane

307 728 495 802 correctior,
518 726 696 802 Veronam,
712 737 743 786 et
767 725 900 786 Brixiam
930 727 1077 808 reposuit.
1127 727 1278 786 victoriae
1297 747 1400 807 porro

306 813 453 871 nuncium
474 830 575 868 mense
597 810 764 870 Novembri
799 810 925 869 allatum
956 809 1110 884 coniicies,
1132 831 1168 870 ac
1189 831 1292 891 nuper
1311 811 1400 872 obie-

306 905 388 954 ctam
410 893 541 973 replebis
563 891 721 966 lacunam,
753 893 838 974 quod
861 891 992 953 enodem
1014 913 1147 954 mensem
1172 893 1230 952 iam
1258 896 1399 974 superius

306 987 419 1038 auctor
442 975 595 1051 citaverit,
619 977 824 1036 Decembrem
844 977 939 1057 paulo
962 977 1089 1037 inferius
1112 975 1324 1058 designaturus
1346 978 1398 1040 sit·

387 1085 470 1145 ibid.
497 1083 544 1143 11.
587 1077 650 1142 n’ad
683 1083 872 1164 Μελιστῶν,
902 1078 1158 1162 αἠγυροπράτης]
1190 1083 1243 1144 lios
1271 1085 1397 1145 aestima

304 1168 499 1248 Trapezitas,
532 1174 564 1225 et
592 1166 834 1242 nummularios,
864 1168 910 1225 rei
926 1168 1071 1249 privatae
1100 1168 1263 1242 ministros,
1280 1169 1327 1227 vel
1349 1169 1399 1227 rei

292 1253 486 1310 monetariae
510 1252 711 1334 praepositos.
765 1247 945 1310 Iustinianus
976 1250 1056 1310 enim
1080 1249 1269 1331 inexplebilis
1292 1251 1398 1310 arari-

303 1335 366 1395 tiae
389 1334 502 1391 morbo
534 1333 677 1392 laborans
716 1332 805 1392 facile
832 1332 938 1413 potuit
969 1333 1123 1392 aerarium
1150 1332 1397 1396 administrantes

304 1417 336 1476 in
358 1438 389 1476 se
410 1416 586 1475 concitare:
610 1417 648 1475 de
671 1439 734 1498 quo
747 1415 898 1496 Euagrius
921 1410 1005 1476 lib.4
1023 1437 1090 1496 cap.
1109 1414 1158 1478 99.
1181 1415 1308 1476 laistoria
1331 1417 1392 1477 mi.

302 1500 394 1560 scella
415 1499 535 1596 argenti
557 1499 735 1560 venditores
762 1499 889 1581 exponit
915 1491 968 1558 τὸν
989 1495 1051 1559 dud
1074 1499 1261 1580 ilielroroir,
1283 1508 1315 1562 et
1334 1497 1396 1582 nip-

300 1603 512 1664 γυροπρατην.

384 1682 466 1742 idid.
479 1680 525 1746 14.
551 1673 612 1759 πρὸ
634 1683 692 1742 τοῦ
706 1679 878 1760 nausiam]
891 1675 1062 1761 μησευσειν
1082 1675 1116 1742 τὸ
1128 1679 1300 1760 ἀποδημεῖν
1310 1680 1393 1764 glos-

301 1787 351 1826 sae
365 1764 653 1839 Graeeobarbnrae,
674 1765 813 1835 Fortius,
837 1772 869 1824 et
883 1765 1041 1826 recentior
1064 1785 1133 1826 usus
1157 1765 1393 1846 interpretator.

385 1863 467 1924 ibid.
494 1860 543 1923 16.
584 1859 829 1944 Σολεντουρίκον]
852 1863 894 1922 ita
914 1864 1103 1924 recentiores
1124 1863 1235 1923 dicunt
1255 1861 1393 1939 κυνήγιν,

299 1944 418 2025 παιδίν,
438 1947 607 2027 τραπέζιν·
657 1945 725 2006 rice
746 1945 907 2027 κυνήγιον,
929 1948 1065 2022 παιδίον,
1085 1945 1261 2022 τραπέζιον.
1284 1945 1394 2005 Σιλου-

298 2028 454 2104 τιαρίκιον
485 2029 583 2110 igitur
603 2028 752 2110 intelliges
773 2027 1022 2090 silentiarioruxn
1044 2029 1258 2090 excubitorum
1278 2027 1390 2088 statio.

299 2131 371 2170 nem
393 2110 423 2169 io
445 2111 572 2192 palatio.
601 2109 812 2192 Ἀρχίγγελον
832 2119 936 2174 autem
959 2120 992 2174 et
1005 2101 1114 2192 Ἄρμα
1135 2113 1202 2173 loca
1226 2113 1271 2174 bis
1291 2110 1392 2172 nomi-

298 2193 389 2254 nibus
412 2192 565 2277 insignita.

380 2299 452 2378 368,
474 2301 507 2364 3.
530 2299 689 2384 λογοθίτη]
714 2301 820 2362 utlaio
842 2303 980 2382 primum
1001 2301 1165 2380 scribitur,
1190 2301 1231 2361 ita
1253 2299 1392 2382 primum

296 2404 386 2443 usum
409 2386 562 2467 accepisse
581 2383 707 2446 videtur
720 2385 818 2444 dictio
834 2385 1163 2466 λογοθέτης,.οουιίίεοι
1184 2385 1230 2445 rei
1244 2387 1387 2468 privatae

296 2468 455 2549 qnondam
476 2471 656 2551 significans,
692 2468 778 2551 qnod
811 2470 1050 2530 auctoritatibus
1080 2468 1110 2528 io
1134 2468 1389 2529 annotationibus

294 2552 335 2694 apl
356 2552 532 2614 Codrenum
564 2554 623 2613 iam
656 2552 818 2629 adductis,
846 2561 877 2614 et
905 2574 963 2635 per
991 2552 1052 2613 hoc
1086 2572 1164 2633 opus
1195 2550 1307 2634 sparsis
1328 2550 1388 2613 de-

296 2644 446 2696 carator.

378 2734 462 2796 Ibid.
486 2731 550 2793 1ss
575 2731 740 2811 σιλὲντιον]
763 2742 934 2795 conventus
967 2734 997 2793 in
1022 2754 1085 2817 quo
1108 2734 1283 2813 imperator
1305 2742 1387 2807 orat,

296 2823 328 2876 et
348 2814 387 2877 de
404 2816 561 2899 religionis
586 2814 730 2892 maxime,
751 2826 784 2877 et
808 2814 846 2878 de
867 2816 1056 2899 reipublicae
1080 2824 1239 2878 momento
1262 2826 1389 2879 tractat.

295 2899 415 2960 Nicetes
439 2901 470 2959 in
491 2898 632 2961 lllanuele
653 2898 824 2961 Comneno.
875 2900 1126 2981 κατηχητηρίους
1149 2889 1242 2961 (idrus
1264 2896 1388 2977 λόγους,

295 2977 351 3054 oiie
373 2982 457 3063 φασί
474 2983 632 3043 utilimu-
673 3002 829 3058 sermones,
849 2984 959 3068 prailius
980 2986 1149 3059 instrueret,
1172 2982 1386 3065 depromebat:

294 3087 367 3147 qnos
386 3080 498 3127 vocant
517 3067 647 3127 silentia.
670 3068 804 3125 Zonaras
827 3064 857 3125 in
882 3070 986 3127 Leone
1008 3064 1207 3167 philosopho.
1233 3061 1290 3123 ουόο
1312 3062 1388 3124 s'dn-

294 3141 377 3227 νήθη
398 3147 609 3227 διαλεχθῆναι
630 3148 668 3232 τῇ
686 3142 847 3231 συγκλήτῳ
864 3146 939 3227 περί
950 3148 1091 3229 νηστείας
1104 3170 1160 3229 την
1177 3143 1301 3228 συνήθη
1317 3140 1389 3207 dui·

295 3231 387 3310 λεξιν,
410 3224 430 3311 ἡ
452 3236 594 3292 καλεῖται
616 3233 792 3294 vaesana·
841 3246 1010 3293 nomentana
1043 3235 1204 3293 orationem
1228 3230 1277 3292 ad
1295 3251 1388 3291 sena.

294 3326 356 3373 ram
379 3316 417 3374 de
438 3314 548 3375 ieirmio
576 3336 637 3375 raon
658 3316 759 3399 potuit
776 3316 930 3397 profirre,
953 3338 1019 3376 eum
1042 3316 1144 3376 dicunt
1163 3316 1323 3375 silentium.
1348 3334 1386 3373 ex

295 3396 340 3455 bis
360 3398 598 3458 dissertationem
631 3399 735 3480 potius
769 3420 861 3479 quam
889 3406 1076 3459 conventum
1097 3400 1246 3459 sitentium
1268 3398 1388 3457 referre

294 3484 408 3622 pernis.
450 3485 556 3542 lorsan
580 3481 653 3564 qnia
674 3482 741 3542 siue
770 3480 902 3563 strepitu
924 3482 1062 3543 modeste
1083 3502 1118 3541 ac
1149 3480 1235 3543 velut
1262 3478 1386 3541 silentio

317 3572 395 3626 eret.

375 3642 448 3724 369,
469 3644 499 3707 6.
540 3644 669 3727 γέγοναν
691 3642 833 3725 {ysaiam
847 3641 882 3708 ri
902 3642 1061 3727 δεύτερον]
1085 3654 1226 3709 extructa
1248 3654 1320 3727 post
1335 3666 1387 3707 se·

293 3727 446 3790 ditionem
467 3730 524 3789 roei
554 3729 640 3793 Νίκα
670 3730 702 3789 S.
732 3729 868 3809 Soplrieie
898 3730 991 3806 aede,
1012 3731 1113 3811 prima
1134 3730 1191 3791 sub
1218 3727 1385 3790 lustiniano

293 3815 374 3874 facta
396 3822 443 3873 est
465 3814 528 3874 eius
550 3811 726 3873 dedicatio:
750 3810 789 3873 de
810 3814 938 3896 antiqua
962 3814 1079 3896 qnippe
1099 3814 1154 3873 suh
1180 3812 1386 3875 Constantino

293 3896 395 3959 nullus
423 3896 476 3957 hic
494 3916 607 3956 sermo.
662 3894 748 3955 trulli
781 3919 856 3957 νον-ο
878 3906 950 3959 ante
980 3920 1076 3959 anrxos
1099 3896 1239 3979 quinque
1259 3894 1386 3975 collapsi

295 3980 387 4039 ruina
408 4001 479 4041 cum
501 3979 600 4041 altare
632 3980 827 4039 confractam
858 3980 983 4055 suisset,
1012 4000 1049 4040 eo
1071 3988 1218 4061 reparato
1239 3978 1387 4039 encaenia

294 4084 423 4145 quoque
441 4084 546 4125 sacrae
567 4061 651 4123 aedis
671 4072 828 4145 reparata.
870 4056 1022 4140 παννυχίς
1039 4062 1089 4139 hio
1110 4073 1282 4125 memorata
1304 4063 1387 4143 or'gi..

293 4144 352 4205 lias
373 4144 559 4210 dedicationi
581 4146 722 4229 praevias
743 4146 776 4206 in
799 4146 924 4208 eeclesia
945 4166 1053 4207 eoram
1074 4146 1128 4209 SS.
1151 4140 1289 4229 reliquiis
1310 4164 1386 4228 pcr-
