3050 4900
511 398 563 461 EX
592 396 852 463 renormat.
952 446 960 461 .
1165 394 1235 465 ‘261

143 565 324 631 tenebratus
345 575 449 628 autem
476 578 522 629 est
544 568 591 629 sol
611 590 670 651 per
699 570 807 630 decem
829 578 862 631 ct
883 576 1001 649 septem
1025 568 1098 645 dies,
1120 580 1152 631 et
1176 578 1241 632 noa'
1345 597 1349 607 ¹

142 650 232 713 dedit
259 648 364 711 radios
390 671 478 727 snos,
509 651 553 712 ita
582 662 619 713 ut
658 652 845 713 aberrarent
873 673 962 712 naves
1000 660 1033 713 et
1068 654 1241 734 ferrentur,

142 754 315 818 omnesque
336 732 478 795 dicerent
503 744 598 819 atque
619 736 847 798 confiterentur
875 735 960 818 qaod
985 744 1118 817 propter
1141 738 1241 821 impe·

142 819 261 881 ratoris
281 816 463 879 caecitatem
483 818 531 878 sol
554 818 739 881 obcaecatus
771 840 842 880 suos
862 819 966 879 radias
989 820 1165 881 retraxerit.
1208 830 1241 883 et

143 903 253 963 taliter
274 901 313 963 dc
333 910 440 963 cetero
461 901 597 983 imperat
615 900 750 964 Heirene
769 912 872 964 mater
891 904 965 963 eius.
1265 903 1271 912 ’

227 1008 349 1069 Eodem
369 1010 463 1070 etiam
485 1030 567 1071 anno
601 1017 633 1069 et
653 1010 772 1071 Romae
794 1009 919 1094 cognati
940 1010 1051 1071 beatae
1071 1010 1241 1073 memoriae

142 1092 297 1154 Hadriani
319 1114 420 1175 papae
443 1102 673 1154 commoventes
696 1094 851 1176 populum
866 1094 1047 1155 tumultuati
1068 1104 1140 1155 sunt
1161 1115 1242 1155 con.

143 1184 195 1237 tre
216 1178 355 1237 Leonem
376 1196 498 1259 papam,
522 1187 554 1238 ct
567 1185 705 1240 tenentes
720 1184 928 1239 caecaverant
948 1198 1028 1255 eum,
1052 1198 1115 1238 noa
1137 1187 1240 1239 tamea

143 1261 269 1343 penitus
292 1259 394 1321 lumen
418 1262 482 1322 eius
504 1260 683 1343 extinguere
704 1270 889 1343 potuerunt
912 1269 945 1320 at
966 1259 1017 1321 ille
1038 1262 1180 1343 confugit
1201 1260 1241 1322 ad

144 1344 296 1421 Carolnm
319 1344 516 1426 Francorum
536 1364 651 1425 regem,
675 1346 729 1429 qui
746 1344 827 1405 ultus
840 1352 887 1405 est
907 1342 1049 1409 inimicos
1070 1346 1133 1406 eius
1154 1368 1261 1405 ama--

143 1448 191 1505 re,
213 1436 245 1488 et
267 1428 381 1488 iterum
401 1428 537 1488 restituit
556 1426 642 1487 illum
663 1428 694 1488 in
717 1428 822 1490 sedem
842 1448 937 1491 suam.
980 1438 1120 1490 ceterum
1142 1430 1241 1490 vicem
1250 1430 1338 1504 pass

144 1512 262 1572 Cereio
295 1530 531 1594 recompensans
564 1510 731 1573 coronavit
764 1512 988 1593 imperatorem
1006 1511 1039 1572 in
1068 1511 1185 1593 templo
1210 1512 1241 1573 S.

143 1594 231 1655 Petri
255 1594 404 1675 apostoli,
437 1616 616 1678 perungens
645 1596 715 1657 oleo
739 1619 756 1656 a
780 1596 882 1677 capite
904 1616 1001 1680 usque
1024 1594 1063 1656 ad
1084 1596 1188 1677 pedes,
1210 1604 1244 1659 et

146 1676 342 1739 circumdans
365 1679 568 1759 imperatoria
591 1687 675 1739 veste
698 1687 792 1763 atque
806 1700 937 1753 corona,
959 1690 1072 1740 octavo
1097 1676 1242 1741 kalendas

122 1761 303 1829 ,lanuarias
324 1760 500 1822 indictionis
524 1783 635 1829 nonae.
676 1762 773 1845 igitur
801 1762 946 1824 Romanis
970 1764 1086 1826 iterum
1107 1762 1244 1847 imperat

145 1844 281 1908 Heireoe
302 1845 388 1907 anais
403 1844 551 1929 quinque.

231 1956 322 2015 Anno
342 1953 449 2037 itaque
471 1952 594 2035 imperii
618 1952 664 2014 sni
687 1953 823 2017 Heirene
842 1953 958 2035 primo,
982 1953 1013 2015 id
1033 1964 1080 2017 est
1101 1976 1174 2015 cum
1192 1972 1245 2015 te·

146 2034 250 2098 cundo
275 2037 434 2119 imperare
456 2038 618 2118 coepisset,
638 2040 800 2098 confestim
823 2036 930 2121 dirigit
941 2039 1141 2100 Dorotheum
1164 2058 1245 2120 egn-

109 2183 112 2192 Δ
145 2141 272 2181 menum
303 2120 602 2203 chrysopolitanum
637 2129 671 2182 et
699 2122 936 2181 Constantinum
968 2120 1244 2205 chartophylacem

148 2202 295 2266 ecclesiae
312 2224 442 2287 magnae
462 2204 502 2264 ad
522 2204 699 2265 Abimelecla
730 2215 834 2285 partes
858 2206 1075 2287 Cappadociae
1098 2208 1244 2287 depopu-

113 2310 117 2317 ·
148 2286 265 2347 lentem
290 2296 382 2371 atque
406 2288 567 2359 Galatiae,
599 2288 793 2349 intercedens
823 2308 884 2369 pro
914 2310 1010 2370 pace;
1031 2288 1116 2369 quod
1139 2296 1245 2348 tamen
1272 2311 1276 2320 ·
1341 2325 1348 2337 ·

150 2370 268 2431 factum
288 2392 349 2431 non
375 2380 429 2432 est.
472 2380 504 2433 et
528 2371 685 2433 Octobrio
705 2392 808 2432 mense
829 2372 956 2453 quidam
981 2371 1109 2433 rebelles
1132 2372 1162 2430 in
1186 2392 1242 2431 cu-

147 2453 252 2516 stodia
272 2455 377 2536 positis
402 2455 433 2516 in
456 2455 573 2537 palatio
595 2440 807 2536 Coatlaerapia
828 2455 896 2514 tiliis
918 2455 1126 2538 impugnantis
1148 2453 1244 2514 deum

149 2538 345 2600 Constantini
379 2537 418 2598 ad
442 2555 602 2620 'magnam
636 2539 807 2621 confugere
842 2538 1032 2618 persuadent
1064 2537 1242 2614 ecclesiam,

148 2622 235 2705 qnasi
264 2631 405 2704 petentes
437 2625 636 2683 securitatem
667 2622 880 2705 subsequentis
921 2622 1130 2683 indemnitatis
1159 2641 1242 2703 suae,

149 2707 294 2788 quatinus
316 2726 375 2788 per
394 2705 569 2768 huiusmodi
590 2705 785 2767 occasionem
807 2703 1000 2786 appellarent
1021 2725 1057 2766 er
1078 2705 1119 2765 eis
1133 2723 1242 2786 quem-

149 2811 245 2872 qnam
266 2788 501 2872 imperatorem.
545 2799 576 2850 et
599 2791 698 2850 multo
720 2788 841 2871 populo
862 2787 901 2848 ad
923 2789 1081 2850 ecclesiam
1103 2808 1241 2850 concur-

148 2883 239 2934 rente
260 2873 412 2955 ingressns
433 2881 479 2935 est
505 2874 611 2936 Attius
633 2873 791 2934 eunuchus
816 2873 989 2954 patricias,
1011 2881 1043 2934 et
1064 2872 1169 2934 eduxit
1190 2891 1243 2932 eos

146 2957 272 3037 verba,
294 2957 417 3018 nemine
446 2955 485 3017 ad
506 2956 572 3017 illos
594 2955 757 3032 tendente,
781 2966 813 3017 et
831 2955 920 3016 exilio
940 2955 1167 3018 damnaverant
1189 2975 1243 3016 eos

148 3041 233 3120 apud
249 3039 394 3102 Athenas.
437 3039 499 3101 dno
521 3049 623 3100 autem
644 3040 781 3122 patricii,
797 3039 975 3102 Staaracius
998 3039 1115 3102 scilicet
1131 3047 1163 3099 et
1180 3041 1242 3098 At-

148 3125 221 3200 tias,
248 3125 304 3206 qni
327 3123 430 3184 dilecti
449 3145 513 3185 esse
533 3124 742 3186 noscebantur
772 3124 998 3206 imperatricis,
1021 3123 1096 3183 sacti
1117 3130 1188 3183 sunt
1208 3121 1240 3180 in

148 3207 337 3268 alterutram
358 3206 470 3286 hostes,
494 3208 536 3270 ita
558 3218 594 3269 ut
616 3208 809 3268 inimicitiam
831 3207 993 3268 manifeste
1015 3211 1270 3278 monstrarent,p
1294 3203 1347 3260 tat

148 3289 242 3351 ambo
266 3291 472 3352 intentionem
502 3291 652 3353 habentes
677 3301 908 3373 postmortem
936 3293 1000 3353 eius
1022 3288 1162 3371 cognatis
1180 3286 1241 3348 suis

149 3372 317 3456 imperinm
342 3375 535 3460 acquirendi.

230 3489 323 3551 Anno
355 3491 478 3574 imperii
500 3491 634 3554 Heireae
655 3487 791 3553 secundo
816 3487 995 3553 Ahimelech
1017 3485 1111 3550 crivit
1129 3495 1243 3551 contra
1353 3517 1362 3526 ¹

149 3572 344 3652 Romaniam‚
367 3584 398 3636 et
418 3576 508 3636 misso
531 3576 747 3656 expeditorum
767 3576 893 3636 incursu
914 3571 1072 3636 descendit
1085 3591 1183 3654 usque
1203 3565 1244 3632 ad

150 3655 321 3738 Megallae,
345 3667 377 3718 et
398 3681 632 3740 praeoccupans
653 3661 683 3719 in
704 3658 829 3719 stabulis
850 3655 1004 3719 Stauracii
1024 3677 1120 3740 equos
1140 3653 1243 3734 impe-

150 3741 273 3800 ratorio
302 3741 453 3824 equitatui
474 3743 564 3824 a'ptos
584 3745 650 3803 sine
672 3742 805 3804 laesione
827 3763 968 3803 reversus
988 3749 1053 3811 est3
1076 3749 1108 3799 et
1128 3735 1243 3820 reliqui

151 3821 381 3968 ‹lescepderuat
419 3847 519 3911 usque
560 3825 714 3910 Lydiam,
745 3835 779 3888 et
812 3824 944 3886 maltam
981 3821 1144 3916 consequti
1170 3827 1245 3882 suat

153 3926 230 3987 prae
254 3929 314 3968 am.

235 4009 341 4070 Mense
362 4031 438 4072 vero
459 4011 575 4072 Martio
596 4009 744 4090 septimae
765 4007 943 4069 indictionis
965 4007 1066 4070 voluit
1084 4003 1245 4067 Aeamirus
1273 4026 1278 4052 ²
1308 4018 1315 4033 '
1346 4031 1355 4052 ·

150 4087 370 4154 sclavinorum
382 4094 530 4156 Belziciae
552 4094 698 4176 princeps
719 4092 856 4174 pulsatas
877 4091 915 4152 ab
928 4087 1091 4152 Helladicis
1107 4087 1253 4152 educere·

151 4171 230 4233 salios
241 4174 446 4254 Constantini,
468 4189 499 4240 ct
519 4197 554 4239 ex
576 4179 617 4238 eis
631 4175 1074 4258 promovere'imperatorem.
1096 4192 1166 4234 cnm
1189 4193 1245 4234 an.

154 4267 217 4316 tem
238 4257 301 4321 hoc
321 4263 519 4344 cognovisset·
534 4260 716 4344 irnperatrir
737 4259 892 4337 flattena,
904 4257 1000 4320 mittit
1020 4255 1058 4320 ad
1076 4255 1246 4340 patricium
