3050 4900
271 328 344 402 206
424 336 633 403 ahssrasu
665 336 862 401 HISTOth
889 280 1206 405 EOCLESleTlCh'

268 518 301 571 te
320 506 438 571 salsum
460 506 570 571 ducam
599 528 698 592 usque
725 508 765 571 ad
799 508 985 576 maritima.”
1027 520 1156 573 atvero
1177 508 1363 571 Pharasma-

268 592 335 654 nius
357 594 420 653 visa
444 592 624 655 necessitate
639 592 678 653 ad
698 592 891 675 spatharium
914 593 990 654 dixit
1009 599 1117 655 “sume
1137 594 1234 653 tilium
1255 612 1360 655 meum

171 674 417 751 proconsulem,
440 686 473 737 et
492 677 650 759 profiteor
670 676 805 758 imperio
827 676 1012 739 deserviam
1055 677 1110 761 qui
1129 688 1260 759 recepto
1281 686 1359 739 nato

266 760 330 823 eins
353 760 431 821 dicit
452 760 480 819 ei
502 760 646 843 “qualem
667 780 792 820 seruum
814 760 966 842 teipsum
986 760 1141 842 perhibes,
1164 760 1238 843 qnia
1261 761 1364 821 iuclu-

265 865 313 905 sus
337 864 409 905 cum
431 842 470 902 sis
490 841 626 925 loqueris
651 842 762 905 nobis?
804 844 994 925 impossihile
1015 844 1106 905 nobis
1125 853 1174 905 est
1193 842 1362 919 discedere,

266 928 367 989 donec
387 935 525 988 castrum
547 926 732 1009 capiamus.’'
754 934 832 988 tuuc
847 925 925 989 dixit
943 928 1182 991 pharasmanius
1202 926 1263 989 “da
1284 927 1361 989 mihi
1394 976 1398 982 .

264 1012 426 1072 vantsumu
470 1016 503 1070 at
529 1030 607 1071 vero
633 1010 806 1091 spatharius
828 1008 915 1071 dedit
944 1012 974 1073 ei
996 1012 1127 1073 verbum
1149 1010 1226 1071 nihil
1247 1010 1277 1072 ei
1298 1032 1360 1071 uo.

264 1093 375 1172 cendi,
394 1093 448 1157 sed
475 1114 547 1154 cum
568 1094 709 1176 triginta,
740 1092 796 1191 qui
816 1114 877 1155 uus
899 1115 1004 1157 secum
1023 1094 1291 1176 ingrediebantur,
1309 1094 1361 1154 di.

264 1198 336 1239 cens
358 1182 450 1239 “mox
473 1186 510 1237 ut
532 1176 659 1259 inpressi
683 1177 850 1254 fuerimus,
870 1186 975 1241 tenete
994 1188 1123 1261 portas,
1148 1186 1181 1238 et
1200 1178 1361 1241 introeant

265 1267 396 1323 omnes.’'
438 1268 472 1323 et
493 1260 555 1321 hoc
573 1264 656 1345 snqto
679 1260 775 1321 rediit
792 1260 938 1325 missurus
958 1262 1061 1347 ignem
1075 1262 1107 1321 in
1129 1272 1244 1323 castro.
1286 1282 1361 1323 cum

263 1352 368 1405 autem
389 1344 506 1407 factum
519 1344 626 1405 luisset
645 1342 823 1405 incendium
837 1355 966 1423 vastum,
986 1348 1090 1407 exiere
1109 1344 1252 1421 familiae,
1269 1345 1360 1427 quic·

263 1428 340 1510 quid
360 1437 510 1511 poterant
534 1436 655 1526 pestere
677 1426 832 1509 rapientes
861 1448 899 1489 ex
918 1429 1009 1490 bonis
1029 1428 1101 1491 suis.
1142 1436 1177 1488 et
1198 1428 1359 1505 transactis

177 1576 179 1581 ,
263 1511 328 1571 aliis
357 1508 400 1573 tri
423 1512 486 1573 iata
517 1510 625 1574 diebus
661 1510 814 1572 destruxit
844 1531 953 1573 muros
981 1532 1080 1595 usque
1107 1510 1145 1573 ad
1169 1521 1303 1588 terram,
1327 1520 1360 1573 et

262 1606 367 1658 motus
396 1532 555 1657 descendis
584 1594 615 1655 in
643 1593 812 1675 Dapsiliam
846 1616 919 1656 cum
944 1596 1070 1657 Marino
1099 1594 1205 1677 primo
1237 1616 1362 1671 eorum,

262 1684 406 1761 suscepto
438 1700 455 1739 a
487 1677 730 1759 Dspsiliensibus
767 1698 839 1741 oum
877 1678 994 1760 ingenti
1031 1678 1163 1740 honore.
1221 1679 1359 1761 indeque

262 1764 368 1824 abiens
389 1760 428 1823 ad
449 1762 605 1822 maritima
627 1760 787 1839 remeavit,
811 1770 843 1822 et
863 1762 951 1822 venit
972 1761 1012 1822 ad
1034 1761 1245 1822 lastinianum.
1265 1782 1359 1844 prae-

262 1854 348 1907 terea
371 1844 540 1905 iustinianu
562 1844 752 1925 interempto
773 1852 806 1906 et
825 1843 1002 1928 Philippico
1024 1845 1092 1905 visu
1114 1844 1280 1907 oculorum
1303 1866 1360 1907 or·

262 1928 338 1991 bato
353 1930 487 2011 imperat
508 1928 674 2005 Artemius,
696 1927 750 2011 qui
770 1939 963 2009 provexerat
983 1950 1055 1989 eum
1075 1938 1259 2011 praetorem
1280 1928 1359 1990 Ori-

264 2012 423 2073 entalium.
465 2031 538 2072 cum
561 2032 640 2073 vero
660 2008 855 2073 Theodosius
875 2010 1064 2094 imperasset,
1086 2019 1119 2073 et
1136 2010 1243 2093 pulsus
1261 2013 1357 2073 Arte-

165 2114 191 2167 p.
203 2096 343 2157 normias
364 2094 521 2171 extitisset,
535 2096 816 2177 Romanorumque
835 2114 884 2155 res
905 2096 1031 2177 publica
1046 2104 1125 2156 esset
1141 2095 1268 2155 confusa
1292 2103 1358 2155 tam

264 2198 300 2240 er
320 2178 530 2239 harbarorum
549 2178 678 2239 incursu
699 2198 794 2261 quam
808 2198 844 2239 ex
867 2177 1025 2239 iustiniani
1046 2178 1219 2240 homicidiis
1240 2187 1274 2239 et
1282 2177 1358 2239 Phi.

263 2260 372 2343 lippisi
394 2261 526 2323 scelestis
550 2262 678 2337 actibus,
701 2260 753 2321 hic
772 2263 837 2323 Leo
856 2262 1062 2324 simulabatur
1084 2272 1116 2323 et
1135 2283 1195 2346 pro
1215 2262 1357 2323 Artemio

254 2347 468 2429 expugnabat,
482 2344 662 2407 Theodosio
683 2342 872 2419 adversatus,
896 2347 972 2427 quin
992 2356 1152 2407 utverum
1173 2346 1297 2405 dicatur
1317 2344 1357 2406 ad

261 2448 292 2491 se
314 2428 414 2512 ipsum
436 2429 602 2512 imperium
631 2428 804 2492 transferre
832 2426 1014 2504 decertans,
1035 2428 1122 2514 qnod
1140 2439 1173 2491 et
1193 2428 1277 2494 fecit.
1299 2426 1359 2490 ha.

262 2515 358 2575 hehat
377 2523 480 2576 autem
502 2511 749 2575 concordantem
765 2520 797 2574 et
817 2521 1060 2576 concurrentem
1079 2514 1137 2573 sihi
1151 2510 1358 2574 Artabasdum

174 2661 177 2668 ,
261 2597 517 2660 maenianorum
539 2605 739 2679 praetorem,
762 2619 856 2680 quem
876 2607 909 2658 et
929 2619 1078 2679 generum
1098 2597 1166 2675 sihi,
1188 2603 1357 2679 postquam

260 2683 417 2825 rlpgnavip,
447 2685 552 2822 Anqae
583 2679 664 2823 filiag
692 2701 775 2822 sarae¹
793 2682 997 2824 poninnctum
1018 2681 1137 2760 effecit,
1166 2700 1357 2763 promovens

260 2787 269 2824 r
295 2787 346 2825 um
369 2785 386 2826 e
423 2783 498 2824 cons
514 2775 613 2824 rtuens
662 2781 794 2845 uropaa
810 2782 860 2824 eu.

344 2863 465 2924 lnterca
489 2859 652 2922 hlasalmas'
668 2881 739 2922 cum
771 2863 802 2922 in
826 2861 893 2923 Asia
912 2861 1081 2940 hiemasset,
1103 2863 1357 2946 praestolabatur

259 2947 371 3006 Leonis
393 2946 554 3029 promissa.
597 2965 731 3028 cumque
763 2947 807 3007 nil
839 2949 983 3007 aLeone
1011 2949 1192 3029 recepisset,
1214 2955 1246 3008 et
1269 2967 1357 3006 com-

218 3091 223 3110 ,
260 3037 353 3112 perto
378 3029 463 3113 quod
479 3029 581 3090 illusus
603 3035 679 3090 esset
692 3029 730 3090 ab
747 3029 825 3110 ipso,
847 3029 949 3092 adiens
969 3031 1112 3114 Abydum
1125 3051 1230 3091 rursus
1254 3041 1357 3090 trans.
1377 3047 1380 3050 ·

260 3113 343 3173 vexit
365 3115 520 3196 populum
550 3114 715 3194 copiosum
735 3113 767 3172 in
781 3113 953 3190 Thracem,
977 3123 1009 3174 et
1028 3123 1139 3175 contra
1162 3114 1278 3196 regiam
1301 3132 1356 3174 nr-

259 3195 332 3258 bcm
356 3205 532 3258 commotus
550 3205 605 3273 est,
625 3195 768 3258 scribens
784 3207 817 3258 et
833 3198 872 3259 ad
885 3197 1063 3258 Snlehiman
1081 3195 1355 3280 protosymbolum

260 3299 325 3362 qno
346 3280 469 3342 veniret
493 3291 556 3341 una
579 3301 651 3340 cum
683 3281 880 3362 praeparatis
909 3280 1061 3343 classibus.
1102 3301 1204 3362 porro
1231 3279 1270 3340 19
1289 3278 1352 3340 hal.

259 3364 470 3446 septembrias
498 3361 640 3425 obsidere
670 3365 777 3446 coepit
804 3365 913 3424 urbem
934 3365 1118 3441 Masalmas,
1148 3362 1355 3446 depopulatus

259 3443 404 3508 Thraeca
425 3468 553 3534 quoque
576 3445 707 3510 castella.
751 3447 990 3509 circumvallato
1013 3467 1089 3510 vero
1111 3456 1239 3508 terreno
1259 3467 1353 3508 muro

259 3530 409 3594 loderunt
429 3531 460 3592 in
493 3530 628 3592 circuitu
652 3531 774 3592 foveam
799 3530 954 3613 prolixam
976 3541 1007 3593 et
1028 3553 1181 3615 magnam,
1205 3540 1237 3592 et
1256 3551 1354 3612 super

259 3633 327 3675 eam
350 3613 424 3676 sicci
444 3615 553 3697 lapidis
574 3613 737 3675 materiam
758 3635 903 3696 posuere.
922 3612 1060 3677 kalendis
1082 3624 1185 3676 autem
1208 3615 1354 3696 Septem-

258 3697 335 3760 briis
358 3699 479 3782 primae
500 3697 676 3760 indictionis
698 3697 836 3758 ascendit
864 3697 1068 3780 impugnator
1089 3698 1205 3760 Christi
1227 3697 1353 3758 Sulelri.

162 3797 331 3873 pfflsman
353 3803 426 3844 eum
445 3782 526 3844 stolo
559 3791 591 3843 et
613 3779 741 3842 amereis
769 3781 847 3857 suis,
870 3780 987 3842 hahens
1014 3785 1113 3845 mirae
1133 3781 1354 3864 magnitudinis

261 3885 362 3945 naves,
386 3875 419 3928 et
431 3863 556 3948 scaphas
571 3873 709 3946 sumptus
724 3863 868 3940 ferentes,
880 3875 912 3928 et
923 3865 1091 3927 dromones
1114 3883 1245 3926 numero
1267 3864 1353 3926 mille

260 3959 291 4011 et
312 3951 517 4032 octingentos,
541 3956 573 4010 et
593 3948 659 4008 lixit
679 3947 846 4009 stationem
872 3972 891 4010 n
918 3951 1087 4032 Magusum
1109 3945 1265 4032 usquead
1286 3949 1353 4030 cy.

260 4030 409 4095 clnbinm.
457 4041 529 4116 post
559 4029 637 4092 duos
670 4053 743 4092 saue
762 4030 841 4092 dies·
859 4042 966 4092 austro
999 4033 1093 4094 llante
1122 4033 1195 4094 inde
1213 4032 1352 4113 profecti

260 4115 383 4198 navigio
404 4123 556 4178 venerunt
578 4113 616 4174 ad
640 4115 761 4191 urbem,
781 4125 813 4176 et
839 4115 965 4198 qnidam
986 4137 1097 4178 eornm
1120 4138 1154 4177 ea
1180 4117 1248 4176 loca
1269 4135 1359 4198 quae-

260 4199 411 4264 dicuntur
429 4198 580 4283 Eutropii
595 4207 627 4262 et
648 4197 806 4262 Anthemii
826 4209 1074 4280 transmearunt,
1098 4199 1227 4284 quidam
1247 4208 1351 4262 autem
