3050 4900
273 318 347 396 384
639 331 682 396 ut
708 327 990 404 meorfltrtru

359 499 430 577 169,
453 500 501 566 10.
544 490 664 581 ἕκῶηῆ
693 491 860 582 Ῥαβέννα]
894 497 981 584 quod
1011 495 1086 560 hacc
1115 496 1266 579 perioche
1292 508 1364 564 tota

275 584 424 666 respiciat
443 583 586 659 Avitum,
605 590 638 645 et
668 583 793 646 eiusab
825 582 867 644 im
910 585 958 646 rio
980 579 1200 664 depulsionem,
1216 605 1256 646 an
1278 583 1363 648 Tre-

272 669 364 743 veris,
385 666 435 728 vel
443 666 587 728 Ravenna
606 665 671 728 eius
683 667 845 729 occasione
875 665 958 728 uerit
972 665 1104 744 incensa,
1124 663 1231 728 sedulo
1253 665 1361 748 inqui.

275 751 420 813 rendum.
469 747 625 811 Aimoinus
646 749 700 811 lib.
725 755 754 830 1,
772 745 842 814 hist.
875 751 987 814 Frena.
1008 768 1077 832 cap.
1102 743 1132 826 3,
1154 747 1362 831 Fredegarius

274 830 479 896 scholasticus
503 831 558 892 tib.
581 837 609 912 1,
630 852 698 914 cap.
714 831 752 910 7,
771 839 802 892 et
823 851 859 893 ex
878 829 1059 914 Fredegarii
1088 829 1191 894 verbis
1221 831 1363 896 Bedanus

274 916 449 1000 presbyter,
477 914 548 975 alias
582 915 752 976 chronicon
781 915 991 978 Moissiacense
1019 919 1186 998 Augustam
1208 915 1363 976 Treviro-

275 1021 346 1062 rum
368 997 559 1060 ulciscendae
577 999 660 1059 Aviti
681 997 820 1060 luxuriae
842 1019 860 1058 a
879 998 977 1060 Lucio
1002 1008 1145 1061 senatore
1166 999 1364 1060 Francorum

275 1083 370 1144 armis
390 1082 558 1164 expositam
586 1082 790 1144 concordibus
816 1081 939 1165 scriptis
969 1081 1119 1144 referunt
1165 1081 1364 1144 Treverorum

274 1168 389 1244 civitas,
410 1165 455 1226 ait
482 1162 775 1248 Fredeg.,sannn
795 1165 882 1226 unitas
904 1186 947 1227 es:
969 1165 1169 1242 semer-itus,
1189 1166 1237 1226 eni
1256 1185 1364 1226 nomen

275 1247 396 1323 Lucius,
416 1248 578 1310 aFrancis
598 1262 690 1333 capta
707 1261 737 1310 ct
754 1249 876 1310 incensa
895 1261 945 1310 est.
965 1269 1031 1310 cam
1059 1247 1168 1310 Avitus
1196 1250 1271 1331 imp.
1291 1259 1366 1308 esset

277 1332 423 1392 lusanae
441 1329 579 1410 deditae,
606 1344 637 1392 et
653 1331 711 1394 iste
731 1331 843 1392 Lasciuis
874 1331 997 1393 tatem
1016 1331 1172 1392 matteum
1191 1331 1364 1416 petenen-i.

278 1433 364 1476 mam
382 1413 702 1499 eunctarnm,fingens
722 1415 833 1476 Auitus
851 1415 888 1478 ob
903 1413 1116 1496 infirmitatem
1135 1414 1270 1496 eorporis
1289 1414 1365 1474 lecte

278 1518 309 1556 se
326 1497 507 1579 deprensans,
527 1495 605 1559 insse
625 1497 673 1558 ad
688 1517 789 1558 omnes
808 1499 967 1558 senatrices
986 1509 1017 1558 nt
1046 1517 1113 1558 eisne
1131 1499 1286 1556 visitarent
1305 1498 1366 1556 mi·

278 1580 324 1640 sit.
338 1601 461 1663 mmqroe
472 1599 554 1641 aanor
571 1581 703 1641 uenisset
716 1579 813 1656 Lucii,
833 1581 870 1640 ni
890 1579 930 1641 ab
946 1581 1043 1641 Auito
1062 1599 1101 1664 op
1122 1599 1200 1640 ressa
1208 1579 1290 1657 snit.
1331 1578 1371 1639 in

277 1665 441 1724 crastinam
473 1681 595 1742 surgens
623 1663 662 1724 tte
689 1674 786 1724 stratu
813 1665 927 1726 Auitus
948 1663 1031 1723 escit
1059 1683 1079 1722 a
1120 1663 1266 1741 Lucum:
1285 1663 1362 1746 pasl.

278 1746 368 1807 cim
384 1748 514 1806 sternas
534 1745 636 1823 tate,
656 1755 685 1806 et
692 1745 821 1826 frigida
840 1745 936 1806 lavas.
978 1747 1054 1805 haec
1075 1745 1247 1828 indignante
1257 1745 1364 1822 anz'o,

278 1849 338 1890 sua
346 1829 494 1906 factione
511 1824 631 1911 direpta
650 1843 693 1890 est
711 1829 834 1905 ciuitas,
856 1841 885 1889 et
911 1828 1033 1889 incensa
1051 1849 1072 1888 a
1092 1829 1230 1888 Francis.
1274 1827 1367 1888 iabu-

280 1910 340 1970 lam
374 1930 481 1970 rernm
508 1910 730 1972 Francicarnm
761 1910 907 1992 scriptori
934 1931 1053 1990 nupero
1084 1911 1229 1994 quidem,
1256 1931 1367 1972 verum

280 1993 352 2055 alius
375 1993 522 2075 diligenti,
544 1992 678 2090 erudito,
700 2002 732 2053 et
752 1995 885 2078 posteris
913 1993 994 2054 fideli
1015 1993 1224 2076 praedicando
1249 1995 1369 2076 proba.

280 2084 354 2152 mm,
376 2085 408 2137 ct
431 2076 587 2158 exquisitis
615 2080 740 2159 scriptis
769 2077 914 2139 insertam
934 2075 1055 2159 miror,
1077 2098 1112 2137 ac
1133 2078 1239 2158 paucis
1259 2075 1367 2158 expio.

280 2158 423 2225 dendam.
470 2157 584 2220 idatius
606 2180 669 2221 non
691 2158 770 2222 adeo
792 2181 960 2238 summam,
994 2183 1088 2246 quam
1108 2161 1190 2222 Aviti
1210 2167 1368 2244 gestorum

279 2243 392 2304 seriem
406 2242 598 2324 expositurus
619 2243 658 2304 ab
673 2245 811 2306 exercitu
823 2245 983 2307 Gallicano
998 2253 1029 2306 et
1049 2242 1207 2306 honoratis
1228 2243 1367 2326 primunr

280 2327 422 2400 Tolosae,
444 2325 557 2386 dehinc
573 2323 656 2409 apud
674 2329 834 2390 Arelatem
864 2329 1086 2410 imperatorem
1109 2329 1284 2402 salutatum,
1303 2329 1368 2388 Ro·

281 2431 364 2472 mam
393 2409 585 2492 perrexisse,
612 2417 646 2473 et
665 2409 699 2470 in
724 2433 760 2473 ea
791 2419 988 2495 susceptum,
1019 2411 1105 2473 annis
1134 2410 1329 2495 sequentihus
1347 2432 1368 2471 a

281 2492 444 2557 Marciano
464 2494 613 2577 collegam
641 2492 766 2577 imperii
796 2499 925 2559 ascitum
959 2516 1025 2559 rem
1046 2494 1203 2577 publicam
1234 2492 1371 2555 admini-

281 2587 401 2655 strasse,
422 2585 456 2639 et
466 2578 660 2640 Gotthorum
673 2579 787 2641 auxilio
802 2580 983 2643 destitutum
989 2584 1159 2721 potestate,
1172 2578 1236 2639 vita
1258 2580 1370 2640 etiam.

283 2682 359 2721 num
389 2658 514 2721 demum
545 2662 678 2723 carnisse
715 2662 829 2723 refert:
858 2662 897 2725 de
925 2682 985 2744 pro
1001 2661 1122 2724 ectione
1148 2660 1187 2723 ad
1213 2663 1369 2723 Treveros

282 2742 443 2825 Aquitanis
462 2744 642 2825 oppositos,
664 2764 704 2805 ne
724 2744 867 2807 voculam
895 2743 1028 2829 quidem.
1071 2744 1241 2829 Gregorius
1260 2746 1369 2805 Turo-

284 2826 382 2886 nensis
403 2823 473 2887 hist.
494 2826 606 2888 Franc.
632 2844 701 2909 cap.
724 2832 764 2894 st
792 2828 846 2891 lib.
868 2829 888 2890 9
919 2848 990 2889 curu
1021 2826 1176 2891 luxuriose
1198 2848 1289 2911 agere
1311 2848 1369 2889 vo-

283 2905 400 2969 lentem
417 2928 435 2967 a
456 2908 651 2971 senatoribus
665 2908 800 2973 eiectum
820 2910 903 2994 apud
913 2910 1101 2974 Placentiam
1121 2912 1223 2995 episcc
1248 2933 1299 2972 um
1313 2931 1372 2972 or·-

285 2988 427 3051 dinatum
449 3002 578 3053 narrat:
601 2992 743 3055 barbaris
759 2996 927 3079 imperium
940 2992 1160 3079 diripiendum,
1172 3005 1203 3059 et
1216 2933 1371 3057 iteratos

285 3071 455 3135 Galliarum
476 3082 572 3157 caput
590 3074 652 3135 suis
672 3076 852 3140 criminibus
868 3076 1010 3139 incendio
1031 3078 1191 3141 vastandos
1210 3076 1372 3139 tradidisse

284 3163 378 3217 tacet.
432 3157 541 3241 quidni
564 3167 685 3237 taceat,
705 3181 776 3221 cum
799 3161 966 3223 lornandes
988 3163 1090 3227 etiam,
1102 3163 1193 3224 rebus
1216 3162 1247 3222 in
1269 3160 1370 3223 Gallia

285 3240 471 3322 compositis,
492 3261 563 3302 mox
586 3250 741 3325 assumpto
764 3244 909 3327 imperio,
927 3244 960 3305 in
985 3244 1103 3307 ltaliam
1124 3244 1273 3307 involasse
1291 3242 1371 3306 scri-

285 3323 359 3384 batt
382 3324 559 3406 sigehertus
583 3325 639 3385 sub
661 3322 795 3387 Arcadio
817 3328 981 3389 Treverim
1003 3328 1166 3408 incensam,
1187 3328 1371 3391 Paulusne-

287 3405 389 3468 milius
412 3428 493 3469 anno
515 3406 618 3469 salutis
639 3401 716 3487 404,
750 3410 858 3473 eodem
879 3410 1013 3473 Arcadio
1033 3412 1215 3495 imperante,
1234 3412 1371 3473 Francos

286 3488 401 3552 relictis
422 3490 532 3571 patriis
558 3488 699 3569 sedibus,
720 3492 863 3555 Rhenum
883 3502 1082 3579 transgressos
1105 3495 1137 3556 in
1158 3494 1312 3571 Treveris,
1335 3514 1373 3554 ac

286 3571 491 3634 circumiectis
512 3574 622 3636 finibus
644 3574 814 3639 consedisse
837 3578 1008 3640 testentur?
1047 3580 1185 3641 Francos
1208 3576 1333 3661 quidem
1353 3598 1372 3637 a

286 3656 377 3717 Gallo
394 3654 530 3739 quodam
550 3658 592 3721 ob
610 3666 753 3740 stuprum
771 3661 896 3743 coniugi
917 3684 936 3721 a
956 3662 1054 3725 Lucio
1073 3664 1254 3745 provinciae
1274 3680 1374 3743 prae-

286 3739 352 3800 side
374 3738 492 3801 illatum
521 3743 664 3816 irritato,
695 3744 859 3805 Treverim
888 3743 1053 3806 advocatos
1085 3746 1196 3807 urbem
1226 3743 1372 3807 incendic

288 3822 433 3885 delevisse
454 3834 564 3885 narrat
590 3824 757 3907 Duplexius
787 3826 827 3889 de
849 3827 940 3889 rebus
959 3828 1083 3890 Gallicis
1102 3828 1154 3889 lib.
1176 3827 1207 3889 8.
1247 3826 1376 3889 Avitum

287 3904 327 3965 ab
347 3909 389 3966 eis
409 3906 604 3989 temporibus
626 3912 686 3985 (res
715 3910 835 3991 quippe
855 3910 981 3973 Arcadii
1009 3920 1109 3973 aetate
1129 3919 1225 3993 gestas
1245 3914 1374 3986 tractat)

288 3998 453 4065 remotum,
473 3990 517 4051 sic
537 4010 659 4051 accusa
672 3992 817 4055 Treveris
837 3992 1047 4057 incendendae
1057 3994 1129 4056 data
1152 3996 1285 4057 alienum
1308 3994 1376 4055 exi-

288 4070 402 4132 stimat.
442 4076 507 4154 ipsa
532 4073 638 4154 itaque
661 4075 807 4136 Ravenna
833 4079 987 4159 scriptore
1012 4076 1208 4160 theophane,
1228 4077 1311 4139 Aviti
1334 4077 1377 4136 li-

287 4151 429 4215 bidinum
448 4155 598 4220 ultionem
615 4177 700 4240 passa
720 4168 781 4221 est:
802 4160 887 4222 cuius
909 4156 1089 4223 calamitatis
1103 4160 1205 4225 illatae
1226 4160 1379 4225 rationem
