3050 4900
290 345 364 424 olli
664 357 722 424 ΑΙ)
751 357 1030 424 ‘rumentum

288 533 323 593 in
342 527 524 607 macres,
555 529 609 614 qui
630 549 730 616 prope
761 529 959 610 dubitabant,
992 531 1200 611 ἰαρτιίναιᾰωντ
1219 533 1376 612 decuria

291 629 367 713 qnos
385 635 446 696 par
467 613 627 712 rideretpr
648 615 739 676 fnuse
759 613 894 676 incendii
914 614 963 712 vel
983 623 1136 712 auctores,
1155 615 1203 676 vel
1224 620 1373 680 conscios.

288 719 333 760 sac
353 706 385 760 et
405 695 555 758 Buccard.
587 704 741 778 interpres
774 719 838 760 non
872 697 987 778 reddat,
1009 719 1065 760 uasa
1087 721 1148 760 una
1171 701 1273 785 aliqua
1292 702 1374 764 linea

288 783 373 844 iuter
393 800 563 868 opera-rum
581 803 688 842 manus
709 781 832 843 excidit.

370 885 422 966 77,
441 883 492 948 20.
533 882 733 968 ὑπηρετεῖτο]
754 887 846 949 Burb.
868 897 928 955 ele.

369 993 421 1067 79.
444 999 493 1062 10.
534 993 569 1057 ἐν
590 991 790 1078 depectitur]
811 993 949 1078 Scaliger
969 993 1009 1057 ad
1030 995 1170 1060 chronic.
1190 997 1375 1084 Hieronymi

287 1099 358 1162 pag.
380 1077 442 1146 235
464 1077 523 1160 leg.
545 1077 709 1139 contendit
727 1077 935 1162 δουροστόρῳ,
957 1079 1006 1142 vel
1028 1079 1214 1168 δοροστόριρ.

365 1185 418 1266 80,
437 1185 468 1248 5.
511 1183 560 1246 ἐπ’
581 1181 743 1268 α’νατροπῇ
761 1183 815 1266 τῆς
837 1187 929 1258 θεῖος
950 1177 1155 1269 ἇποφάσεως]
1177 1189 1223 1250 ad
1237 1191 1375 1254 divinam

287 1269 399 1332 cante
415 1265 634 1350 corfietondam
651 1271 844 1344 sententiam
864 1269 948 1350 quod
971 1269 1117 1333 nimirum
1140 1271 1179 1334 ab
1202 1295 1239 1336 oo
1256 1273 1377 1337 dictum

286 1353 403 1416 habent
420 1373 507 1414 sacra
523 1351 690 1434 evangelia,
710 1351 782 1412 forc
806 1353 914 1433 templi
935 1353 1156 1416 desolationem
1178 1369 1376 1440 perpetuam.

286 1432 341 1498 dui
361 1431 416 1499 τόν
436 1427 622 1513 ἐκχωϊομόν.
663 1435 709 1496 od
726 1447 843 1496 terram
869 1451 1033 1518 aggestum,
1056 1451 1148 1522 atque
1167 1442 1284 1502 rudera
1304 1463 1379 1522 age-

285 1520 397 1593 nardo,
420 1530 458 1582 ut
476 1521 556 1579 solet
574 1519 606 1578 in
625 1525 768 1580 veterum
789 1517 968 1582 dirutorum
990 1522 1069 1599 solo,
1091 1523 1178 1586 novis
1198 1525 1377 1606 ercitandia‚

286 1603 414 1666 maioris
434 1603 619 1686 praesertim
637 1601 737 1680 molis,
757 1601 914 1664 aedificiis.

368 1719 452 1784 Itali.
468 1717 518 1784 14·
557 1715 593 1778 ἓν
604 1715 754 1802 ἐξαιρέτῳ
766 1715 966 1802 πραγματείᾳ
986 1719 1151 1804 λαμπροῖς]
1173 1720 1264 1785 Barla.
1280 1724 1377 1811 Peyr.

285 1809 346 1866 etc.
361 1803 515 1888 peodr'm'
534 1803 747 1864 commentario
760 1801 927 1862 toaleam
951 1803 1117 1880 refutauit..

305 1953 309 1964 .
368 1922 424 1998 81,
446 1922 495 1984 15.
537 1915 594 1978 νῦν
613 1909 729 1988 πάντες
750 1908 969 1998 ὁρμτλτθημεν]
991 1919 1153 1982 oraculum
1177 1920 1239 1984 hoc
1259 1924 1379 1988 facturn

285 2000 418 2080 loliano,
439 2000 613 2083 sicLangus
634 1998 958 2084 exprimitlliocplaori
972 2000 1135 2086 interpres,
1158 2027 1270 2090 urgens
1290 2009 1380 2090 illud,

283 2079 372 2166 παρὰ
391 2083 473 2167 θηρὶ
490 2079 633 2167 ποταμῷ.

409 2221 494 2262 nunc
515 2197 559 2262 dii
579 2197 718 2281 deaeque
737 2217 844 2260 omnes
870 2201 1057 2284 consurgite,
1078 2203 1190 2266 sumite
1209 2203 1336 2290 bellum,

407 2293 503 2368 utque
523 2284 591 2346 sero
614 2291 736 2344 certum
766 2280 806 2344 de
828 2281 956 2346 flumine
977 2287 1057 2347 ferte
1078 2287 1277 2368 trophaeum.

409 2368 472 2430 dux
490 2387 549 2451 ego
573 2373 676 2428 vester
698 2385 755 2428 cro
777 2367 861 2428 Mars
890 2387 996 2432 saevus
1019 2367 1231 2455 belligerator.

283 2483 368 2570 apud
387 2484 557 2547 Bor-onium
578 2494 655 2547 tom.
675 2475 698 2545 4
718 2504 789 2567 pag·
812 2488 881 2551 129.

408 2602 520 2665 ibimus
541 2601 573 2662 in
593 2599 723 2662 Therim
742 2600 866 2683 superi;
888 2599 1021 2663 victoria
1043 2612 1131 2665 certo
1150 2612 1210 2666 esta

407 2688 493 2749 Mars
515 2706 573 2769 ego
596 2684 713 2747 ductor
732 2706 802 2764 ero,
823 2685 929 2747 divum
952 2686 1135 2747 fortissimus
1155 2686 1258 2749 armis.

285 2794 356 2883 Θῆρ
376 2794 529 2879 ποταμός,
550 2798 635 2863 hand
648 2798 743 2863 dubie
756 2799 871 2886 Tigris,
884 2800 971 2863 velut
981 2793 1194 2885 θηριῶννμας,
1214 2800 1378 2887 seramque

283 2883 410 2950 nomine
430 2885 620 2968 praeferens.

364 2989 416 3069 83,
429 2990 460 3053 4.
501 2987 556 3053 noi
573 2988 638 3054 cair
657 2984 799 3074 ὖπάτανν]
820 3004 850 3053 et
855 2992 1041 3077 proceribus,
1060 2990 1124 3052 coir
1139 2990 1174 3053 ἐν
1194 2990 1286 3053 τέλει·
1310 3011 1376 3055 non

283 3074 421 3141 enimin
441 3076 579 3138 exercitu
597 3082 666 3137 erat
685 3074 779 3157 copia
800 3076 972 3151 consulum,
995 3096 1131 3160 qnorum
1151 3076 1297 3155 suffragio
1322 3080 1378 3137 lo-

284 3162 391 3224 vionus
412 3159 599 3243 eligeretur3
629 3159 750 3220 tametsi
772 3158 864 3220 etiarn
890 3163 992 3222 Anast.
1016 3160 1057 3219 ita
1079 3158 1225 3221 reddidit.
1246 3156 1379 3241 ὕπατος,

284 3244 423 3319 eximius,
437 3243 641 3325 praecipuus:
663 3242 824 3325 quomodo
841 3242 956 3305 Psellus
976 3236 1095 3314 ιῗπατος
1106 3236 1290 3325 φιλοσόφων
1307 3264 1379 3325 pas-

283 3329 341 3389 sim
361 3327 560 3410 indigetatur.
602 3326 667 3389 eius
682 3346 815 3406 operum
840 3327 1042 3409 spicissimum
1060 3328 1205 3387 volumen
1227 3328 1309 3387 haud
1332 3328 1377 3389 itu

283 3411 407 3495 pridem
439 3410 558 3494 recepit
586 3408 748 3471 cardinalia
770 3410 964 3489 Macerinus,
986 3410 1039 3471 sed
1059 3411 1144 3472 curie
1168 3420 1200 3472 et
1221 3418 1376 3473 vetustate

283 3494 454 3559 foedatum.

372 3602 457 3666 leid.
477 3605 525 3669 11.
567 3596 706 3681 σωτηρία
727 3596 786 3660 τοῦ
804 3597 1061 3680 περιλειφθέντας
1080 3600 1180 3676 λαοῦ]
1202 3598 1296 3684 Peyr.
1319 3618 1376 3659 πε-

284 3684 507 3767 ριληφθέντος,
535 3704 616 3768 quae
642 3682 735 3744 lectio
757 3679 845 3742 ualde
872 3681 985 3762 placet.
1038 3688 1073 3741 ut
1101 3683 1192 3743 saluti
1222 3684 1374 3745 exercitus

284 3767 461 3831 consuleret
483 3768 565 3829 inter
581 3766 732 3848 angustias
754 3764 881 3839 aPersis
906 3764 1053 3843 conclusi,
1075 3788 1112 3827 uc
1133 3766 1213 3828 fame
1235 3788 1378 3848 pereun-

179 3892 184 3906 ·
283 3851 332 3929 tis,
355 3862 391 3914 ut
412 3852 539 3932 tripart.
564 3850 660 3911 verba
682 3857 804 3925 sonant,
827 3856 859 3908 et
878 3848 976 3910 tradit
986 3850 1172 3911 Ammianus.
1216 3870 1274 3910 vox
1295 3848 1374 3921 λαός

308 3958 345 3998 ro
365 3937 502 3997 exercitu
524 3932 709 4016 Theophani
728 3931 993 4016 trequentissimn,
1029 3932 1074 3995 uti
1096 3932 1188 3995 etiam
1210 3934 1374 3995 annotavit

282 3958 317 4081 i.
340 4020 428 4081 Goar
449 4040 530 4081 anno
553 4014 719 4101 superiori.

363 4128 416 4211 84,
436 4139 484 4201 12.
525 4126 645 4207 ὕπατος
670 4129 843 4211 προῆλθεν]
880 4132 988 4194 melius
1019 4130 1112 4215 plane
1132 4134 1268 4195 Zonaras
1297 4152 1374 4192 οτα-

282 4211 368 4294 θμόν
388 4217 557 4300 προῆλθεν.
577 4220 668 4280 unius
697 4214 763 4279 dici
782 4217 840 4278 iter
853 4236 1024 4299 progressus
1054 4230 1116 4295 est3
1136 4236 1202 4279 uua
1223 4217 1347 4279 statione
1356 4236 1371 4291 ,-
