3050 4900
299 313 349 390 64
449 325 659 394 anssrasu
690 325 884 392 ursroma
916 325 1225 394 accursrasrrca

297 479 389 542 storii
408 479 608 542 Maximianus
636 479 949 563 constantinopoleos
976 492 1179 546 consecratur
1207 480 1383 565 episcopas.

168 571 256 642 paras
272 563 472 626 30rientaics
493 584 568 624 vero
590 576 766 645 suseeptum
785 565 961 629 Nestorium
980 586 1083 627 sectum
1105 567 1230 628 duxere.
1281 587 1382 648 porro

298 655 413 728 quarto
435 647 571 708 Nestorii
604 647 806 728 depositionis
826 670 908 708 anno
931 651 1057 710 loannes
1084 647 1294 710 Antiochenus
1314 651 1384 731 cpi.

296 750 407 812 scopus
428 749 535 792 amore
557 727 605 791 dei
628 729 779 808 detentus,
804 729 970 814 vidensque
991 733 1105 792 moitos
1117 731 1385 794 antiochenorum

297 813 381 874 uiros
401 813 540 896 egregios
560 813 733 874 aNestorio
756 812 929 875 adulterina
942 815 1098 896 pravitate
1120 815 1262 891 infectos,
1275 815 1386 879 scribit

297 917 410 978 rogans
433 898 655 978 imperatorem
676 897 758 958 hune
773 897 811 958 ab
829 897 962 959 Oriente
981 898 1170 980 pellendum.
1211 899 1385 981 imperator

298 987 402 1040 autem
422 980 598 1041 Nestorium
621 979 747 1062 quidem
768 981 857 1042 exilio
880 979 1065 1064 relegavita
1089 981 1131 1042 ud
1153 981 1271 1058 Oasim,
1288 1003 1386 1063 prae-

296 1070 386 1144 cepta
407 1081 484 1124 vero
509 1063 605 1122 mittit
624 1061 741 1146 Cyriilo
766 1073 797 1124 et
819 1063 926 1124 Ioanni
948 1065 1013 1126 sine
1034 1003 1184 1126 diiiatione
1203 1075 1236 1126 et
1253 1063 1294 1126 sd
1314 1065 1385 1126 uni·

296 1165 397 1206 versas
418 1147 570 1208 ecelesias.
613 1149 739 1208 Ioannes
759 1156 862 1207 autem
881 1155 1008 1228 accepta
1034 1148 1256 1229 praeceptione
1274 1147 1386 1209 scribit

298 1229 416 1311 Cyriiio
439 1229 530 1290 tidem
550 1251 636 1290 suam
659 1240 690 1292 et
709 1237 837 1310 patrum
856 1227 940 1310 apud
952 1231 1095 1292 Nicaeam
1108 1222 1147 1293 'et
1163 1231 1386 1293 Constantino-

320 1313 394 1372 oiim
424 1312 627 1374 collectorum
655 1313 896 1387 confessionem,
917 1314 1068 1395 recipiens
1084 1315 1178 1376 etiam
1223 1335 1279 1375 uae
1300 1313 1385 1398 apud

296 1333 450 1475 Nphesum
474 1403 555 1476 gesta
574 1405 655 1456 sunt.
700 1397 812 1479 quibus
833 1395 963 1478 Cyrillus
985 1397 1131 1479 susceptis
1150 1337 1261 1458 sorduit
1276 1398 1386 1458 ioanni

296 1487 328 1540 et
337 1479 546 1540 Orientalibus
567 1479 738 1560 epistotam,
756 1479 842 1540 euius
862 1477 985 1539 initium
1004 1488 1051 1541 est
1063 1481 1240 1542 “laetentur
1253 1479 1332 1541 caeli
1352 1489 1385 1542 et

297 1561 413 1624 excultat
428 1565 542 1624 terra.’'
566 1571 598 1624 et
612 1561 643 1622 in
657 1560 764 1624 eadem
778 1561 967 1624 confessione
978 1564 1120 1645 utrisque
1130 1561 1386 1625 convenientibus

298 1643 401 1708 unitae
413 1655 485 1708 sunt
505 1643 544 1706 ad
563 1665 671 1726 pacem
685 1655 779 1728 atque
790 1645 1002 1723 concordiam,
1014 1647 1126 1729 quibas
1139 1645 1386 1728 praeminebant,

295 1731 451 1791 ecciesiae.
493 1749 552 1810 per
574 1727 656 1788 idem
677 1749 753 1790 vero
773 1738 893 1808 tempus
905 1730 1031 1790 Nonnus
1054 1727 1386 1812 regebatEdessenscm

298 1813 466 1884 eeclesiam,
489 1811 542 1892 qui
563 1809 694 1890 primam
714 1810 979 1873 Antiochenarum
999 1813 1164 1872 mimarum
1186 1813 1246 1873 deo
1270 1811 1385 1874 dicavit

299 1905 331 1958 et
352 1915 413 1975 pro
436 1893 605 1976 Margarita
634 1894 800 1955 meretrice
819 1894 974 1976 Pelagium
992 1895 1116 1958 Christo
1138 1894 1287 1956 exhibuit.
1328 1895 1385 1958 iste

297 1999 372 2060 ergo
395 1979 530 2040 eauttans
558 1994 651 2058 super
672 1975 788 2038 borum
812 1979 982 2040 eoncordia
1003 1978 1113 2040 scribit
1134 1978 1244 2039 loanni
1264 1977 1385 2040 archie-

297 2061 428 2142 piscopo
460 2060 578 2120 monita
607 2067 640 2120 et
668 2060 840 2122 verborum
867 2061 1059 2144 magisteria,
1085 2061 1116 2122 in
1138 2061 1250 2144 quibus
1271 2070 1303 2122 et
1323 2061 1386 2125 boe

298 2146 343 2203 ait
359 2141 492 2204 “munda
515 2141 690 2219 eeclesiam,
713 2164 732 2203 o
756 2142 940 2219 homodei,
963 2167 981 2206 a
1003 2143 1193 2206 Nestorianis
1213 2142 1333 2206 zizaniis
1354 2154 1387 2208 et

300 2228 363 2288 cius
387 2226 572 2308 impietate.’'
613 2245 717 2306 porro.
731 2225 860 2308 impium
880 2236 912 2288 et
930 2227 1144 2308 blasphemum
1154 2226 1331 2288 Nestorium
1352 2226 1384 2288 in

300 2311 390 2372 exitio
422 2309 563 2370 divinum
592 2307 738 2370 iudicium
765 2310 964 2372 subsecutum
983 2320 1039 2390 est,
1060 2311 1219 2372 tabefactis
1242 2309 1386 2374 omnibus

300 2392 446 2457 membris
467 2392 542 2469 eius,
570 2399 602 2455 et
623 2393 752 2455 manime
773 2392 886 2474 lingua,
908 2415 969 2477 qua
983 2402 1166 2478 consumpta
1179 2401 1389 2478 morteprae·

300 2478 387 2539 uenit
406 2478 468 2539 iter
489 2498 552 2559 quo
568 2476 606 2537 ab
629 2476 710 2538 Osse
730 2474 770 2539 ad
790 2478 884 2539 atium
904 2476 1009 2539 locum
1030 2489 1100 2540 erat
1120 2476 1288 2541 ducendus.

147 2592 233 2664 prta
261 2592 294 2647 12
385 2582 494 2646 Mundi
515 2604 596 2643 anno
616 2580 716 2659 5926,
739 2580 860 2645 divinae
883 2583 1105 2645 incarnationis
1134 2604 1217 2645 anno
1235 2582 1310 2661 496,
1329 2604 1387 2646 ve-

301 2667 387 2729 niens
406 2666 639 2727 Valentinianus
675 2666 753 2725 filius
778 2667 951 2727 Constantii
982 2672 1015 2727 et
1035 2666 1141 2729 Gallae
1169 2666 1387 2730 Placidiae.ab

300 2751 381 2812 urbe
413 2752 513 2811 Roma
545 2748 848 2829 Constantinopolim
877 2748 965 2811 duxit
996 2770 1126 2811 uxorem
1156 2771 1259 2827 suam,
1292 2749 1388 2811 filiam

301 2832 469 2895 Theodosii
491 2830 697 2911 imperatoris,
713 2828 885 2893 Eudoxiam
901 2828 1036 2909 nomine,
1056 2854 1149 2917 quam
1166 2834 1224 2894 sibi
1244 2832 1388 2895 Endocie

202 2945 230 2997 p.
243 2924 294 2979 148
302 2926 461 2998 genuerat,
486 2924 517 2976 et
537 2914 667 2973 Romam
687 2913 790 2975 rediit.
830 2914 973 2997 sequenti
992 2935 1068 2977 vero
1091 2937 1173 2977 anno
1194 2915 1388 2978 Theodosius

301 3002 476 3081 imperator
495 2996 668 3058 Eadociam
690 3018 819 3059 uxorem
839 3016 925 3058 suam
945 2998 1190 3084 Hierosolymam
1211 3000 1293 3061 misit
1313 3020 1388 3082 gra.

301 3082 400 3145 tificos
422 3082 552 3167 hymnos
573 3079 748 3141 oblaturam
780 3080 860 3155 deo;
881 3102 962 3164 quae
992 3082 1126 3164 piurima
1149 3083 1233 3144 dona
1254 3082 1389 3144 ecclesiis

302 3163 457 3241 contulit,
490 3176 522 3227 et
544 3162 680 3224 adoratis
712 3171 777 3223 tam
798 3172 902 3225 saneta
924 3186 1017 3229 cruce
1038 3187 1132 3249 quam
1154 3165 1291 3227 cotendis
1312 3164 1389 3227 locis

302 3270 426 3311 reversa
446 3257 492 3310 est
513 3247 551 3308 ad
575 3246 698 3328 regalia.
720 3246 879 3309 tricesimo
901 3244 972 3309 dein
986 3248 1117 3331 'imperii
1136 3249 1304 3311 Theodosii
1328 3270 1390 3309 aa·

301 3352 344 3395 no
365 3330 493 3393 Procius
513 3330 675 3427 episcopus
693 3328 1055 3412 Constantinopolitunus
1074 3332 1248 3414 postulatus
1267 3332 1306 3393 ab
1328 3331 1389 3395 im·

300 3424 452 3498 peratore
471 3412 648 3475 Theodosio
669 3432 785 3494 eorpus
804 3415 835 3474 S.
858 3415 980 3475 ioannis
995 3415 1209 3499 Chrysostomi
1231 3438 1250 3475 a
1271 3416 1389 3475 Coma-

301 3498 348 3559 nis
370 3496 410 3559 ad
431 3496 548 3578 regiam
570 3496 680 3556 urbem
694 3496 815 3574 detulit,
836 3506 869 3558 et
889 3498 1034 3579 proximo
1058 3519 1140 3559 auno
1162 3506 1235 3581 post
1257 3496 1388 3579 triginta

300 3592 364 3644 tres
386 3600 481 3642 annos
503 3579 532 3639 id
555 3598 663 3639 eoram
696 3578 781 3639 omni
802 3582 1003 3661 processione
1023 3603 1082 3641 una
1104 3603 1175 3643 cum
1196 3581 1389 3663 imperatore

301 3686 339 3728 ac
366 3663 567 3745 imperatrice
595 3661 759 3723 Pulcheria
795 3664 918 3745 pompis
954 3665 1137 3726 funebribus
1166 3665 1326 3745 publicans
1354 3663 1387 3725 in

301 3750 518 3829 apostotorum
552 3742 677 3805 ecclesia
704 3746 819 3827 posuit.
867 3759 901 3809 et
927 3746 970 3807 ita
994 3767 1046 3809 eos
1077 3748 1131 3831 qai
1151 3757 1288 3831 propter
1307 3745 1389 3807 illius

303 3831 527 3912 depositionem
549 3830 588 3889 ab
610 3828 734 3891 ecclesia
749 3830 883 3911 separati
905 3840 1006 3907 eraut,
1024 3830 1169 3894 ecclesiae
1188 3850 1294 3891 rursus
1313 3830 1389 3891 uni.

293 3914 357 3974 uit.
408 3914 466 3975 sub
485 3913 546 3973 boc
574 3920 698 3995 sanetae
724 3912 894 3975 memoriae
921 3915 1037 3976 Procio
1062 3924 1168 3976 terrae
1195 3923 1296 3974 motus
1313 3912 1390 3975 faeti

301 4006 374 4059 sant
394 3995 495 4077 magni
520 3991 791 4077 Constantinopoli
810 4017 871 4078 per
900 4008 1039 4081 quatuor
1059 4020 1198 4077 menses,
1226 3998 1269 4059 ita
1289 4004 1326 4057 ut
1343 3995 1391 4057 ti.

302 4087 418 4141 mentes
431 4079 578 4163 ‚Byzantii
599 4088 684 4141 extra
706 4080 874 4157 civitatem,
894 4080 926 4139 in
940 4082 1012 4142 locu
1080 4082 1090 4146 i
1113 4081 1389 4163 diciturCsmpm,

302 4170 401 4226 essem
421 4172 652 4247 perseverantes
674 4184 736 4225 una
757 4185 829 4225 cnm
843 4162 1002 4247 episeopo,
1021 4100 1174 4227 adudeum
1193 4161 1337 4247 precibus
1358 4170 1395 4226 et
