3050 4900
616 317 765 390 NOTAE.
1165 321 1238 394 379

149 501 240 638 baram
262 509 352 633 mim
372 488 499 552 domam
522 499 659 554 erectam
681 490 808 578 publica
832 490 1014 556 celebritate
1034 491 1237 574 καθιέρωσεν,

171 601 197 638 l'l
208 595 289 636 tcavt
306 621 314 636 ·

149 756 179 820 d,
228 670 326 826 &5⁰2
361 670 410 734 ¹5·
461 666 634 754 A⁸i⁰2⁰lt⁰t
662 667 715 754 ἔτη
749 669 793 755 ε’]
824 675 1027 738 Ecohellensis
1062 697 1156 738 annos
1188 671 1237 755 14,

172 778 213 822 rec
271 801 279 816 .

248 852 334 921 Ibid.
359 852 407 914 18.
446 853 504 914 τοῦ
516 854 673 932 βασιλέως
686 855 822 936 κρατῶν]
844 878 881 920 eo
905 861 990 942 qaod
1012 879 1113 942 nuper
1134 879 1239 939 παρα·

148 931 352 1002 δυναστεύων
363 937 399 998 e'v
411 941 476 1006 τοῖς
487 936 668 1014 βασιλείοις,
688 949 720 1000 et
736 959 844 1002 rerum
859 943 997 1005 omnium
1011 964 1159 1004 summam
1181 943 1238 1004 ad-

148 1021 388 1086 ministrarem
409 1020 521 1082 dictas.

247 1121 331 1187 tta.
361 1119 411 1185 11.
462 1117 627 1199 acinacie
657 1110 773 1202 ἄρτους
800 1117 980 1184 ἀπέστειλεν
1009 1121 1167 1205 εὐλογίαν]
1198 1125 1237 1188 de

152 1205 277 1288 eulogia
307 1204 432 1288 publica
464 1203 587 1265 minato
627 1205 775 1266 ecclesiae
802 1214 1014 1284 sacramento,
1042 1209 1093 1268 vul
1116 1228 1135 1268 ο
1157 1230 1238 1292 pane

150 1289 336 1363 benedicto,
369 1286 468 1348 nullas
497 1286 549 1347 hic
574 1307 697 1349 sennar
735 1295 892 1350 tractatur
920 1289 1042 1352 abunde
1079 1231 1119 1352 aia
1141 1294 1238 1353 Alba.

150 1373 278 1456 spinaco
306 1370 359 1431 lib.
390 1377 408 1436 1
440 1371 563 1432 observ.
589 1370 662 1434 eccl.
693 1371 829 1433 Barouio
860 1373 899 1434 ad
934 1395 981 1440 aa.
1004 1371 1066 1436 313
1100 1385 1132 1436 et
1162 1376 1237 1436 aliis.

148 1457 305 1539 privatam
325 1453 377 1516 hie
398 1455 484 1515 loeas
505 1465 678 1531 memorat,
706 1477 799 1538 qaam
817 1456 900 1516 ultro
929 1457 1074 1541 citroque
1100 1457 1174 1522 dare
1205 1468 1238 1522 et

149 1538 459 1687 ttllttttlll‘l
478 1537 733 1684 iiilui‘ii
754 1539 1240 1688 lllfflllllli’lllll

152 1705 193 1769 ad
213 1708 363 1772 Severum
382 1643 477 1786 epist.g
493 1704 520 1765 1.
568 1726 684 1790 pamm
716 1643 905 1789 cairrpamtm
927 1669 971 1768 ²de
999 1645 1112 1770 cillela
1131 1723 1241 1770 nostra

153 1791 207 1852 tihi
224 1810 284 1871 pm
305 1789 429 1871 eulogia
457 1789 602 1851 misimra.
652 1787 691 1850 ad
712 1790 916 1870 augustinum
945 1790 1034 1872 epist.
1058 1789 1109 1852 41.
1125 1811 1240 1876 panem

151 1895 241 1936 amnem
261 1894 346 1957 qtoem
367 1873 573 1933 meanimitatis
594 1871 708 1933 indicio
728 1875 863 1933 misimus
884 1875 1028 1936 claritati
1047 1887 1129 1952 tuae,
1151 1893 1241 1954 roga·

152 1979 217 2019 mas
236 1955 413 2038 accipiendo
435 1956 601 2020 benedicas.
644 1953 683 2016 ad
705 1957 931 2018 Romanianum
956 1958 1043 2040 epist.
1063 1956 1115 2020 45.
1130 1979 1242 2042 panem

151 2061 243 2102 mmm
260 2039 416 2100 sanctitati
435 2051 502 2098 arae
524 2040 645 2100 motata
672 2041 779 2120 gratia
800 2043 947 2120 misimus,
966 2043 1042 2102 liam
1053 2061 1166 2124 panem
1186 2061 1241 2101 ers·

150 2125 267 2206 logiam
288 2142 349 2183 csse
369 2136 403 2182 ta
423 2119 525 2204 facies
551 2123 729 2202 dignatione
753 2125 948 2207 suscipientes.
987 2125 1093 2207 plures
1113 2143 1242 2207 quoque

150 2209 192 2271 ab
221 2206 332 2268 codem
363 2214 399 2266 at
427 2227 445 2265 a
474 2206 621 2266 Flaviano
653 2206 758 2266 missos
787 2205 913 2288 legimus
944 2207 983 2269 ad
1016 2208 1242 2270 Romaniaaum

152 2289 326 2374 praelatam
347 2285 435 2370 epist.
464 2286 516 2350 46.
556 2311 594 2350 ne
620 2309 747 2350 vacarem
765 2291 936 2365 fraternae
963 2293 1153 2352 immanitatis
1173 2287 1243 2371 offi-

151 2376 233 2437 ciam
253 2373 407 2434 videretur
429 2370 469 2432 de
491 2372 657 2434 buccellato
680 2371 871 2434 Christianae
893 2373 1106 2457 expeditionis,
1131 2375 1164 2432 in
1185 2393 1243 2433 ca-

151 2461 199 2520 ias
207 2459 363 2541 procincta
376 2456 509 2539 quondie
520 2456 568 2517 ad
581 2457 776 2537 frugalitatis
792 2478 941 2519 annonam
951 2458 1125 2533 militamus,
1143 2474 1245 2539 panes

152 2542 578 2707 tllt‘nlllttllul‘
593 2540 968 2705 illnlllsltlmll
986 2558 1245 2699 'll'llnllss

153 2708 344 2791 Gregoriam
364 2728 480 2789 papam
499 2704 584 2769 lib.9
607 2707 695 2789 epist.
706 2701 757 2780 lt,
782 2708 929 2769 loannem
951 2705 1113 2769 Moschum
1136 2706 1245 2767 Lime-

157 2792 239 2855 narii
257 2812 326 2874 cap.
341 2784 394 2869 lt,
411 2790 600 2873 Gregorium
614 2792 829 2853 Turoaeasem
849 2790 902 2852 lib.
913 2788 960 2871 10,
981 2789 1048 2851 laist.
1072 2789 1246 2850 Aldelmum

156 2875 195 2939 de
216 2874 299 2936 laud.
326 2874 404 2958 virg.
433 2895 501 2956 cap.
522 2874 578 2955 21,
606 2884 678 2937 ante
707 2894 786 2957 quos
817 2895 922 2935 omnes
942 2870 1088 2952 εὐλογίας
1108 2871 1246 2949 διαπέμ-

157 2960 285 3039 πεσθαι,
306 2967 405 3039 prout
425 2957 653 3020 Chalcedonam
671 2977 766 3039 panes
796 2978 868 3019 suos
887 2958 913 3019 F
915 2958 1049 3019 lavicana
1070 2953 1245 3033 destinavit,

159 3042 284 3104 concilii
304 3040 490 3103 Laodicacni
512 3062 613 3103 canoa
639 3037 677 3102 13
700 3042 850 3104 meminit.

242 3146 354 3217 151,1.
389 3136 528 3220 ἐδήλωσε
547 3140 671 3220 χρυσᾶς
688 3139 833 3219 εὐλογίας
856 3139 970 3222 ζητεῖν]
992 3138 1129 3199 alludens
1151 3136 1246 3199 inda·
1283 3152 1288 3163 ·

158 3225 212 3288 bic
235 3225 274 3285 ad
296 3225 371 3286 illud
392 3226 411 3284 2
443 3225 516 3286 Cor.
537 3224 566 3305 9,
586 3246 650 3307 qno
681 3225 843 3285 collectam
865 3224 1002 3287 fidelium
1017 3222 1246 3299 liberalitatem,

157 3318 191 3372 et
212 3308 453 3369 munificentiam
483 3308 514 3368 ia
546 3306 621 3369 alies
654 3306 896 3370 distribuendam
917 3304 1029 3369 Paulus
1054 3314 1147 3367 vocal
1166 3297 1247 3367 iaci·

161 3414 226 3473 μογν
242 3388 395 3472 εὐλογίαν.
1316 3391 1318 3400 ’

241 3496 309 3569 152,
330 3487 360 3553 4.
402 3489 577 3569 α’ναγκαίοος
607 3480 675 3570 εἶχε
703 3485 756 3552 τὸν
787 3484 1002 3573 πραιπόοιτον]
1033 3500 1180 3573 tanquam
1198 3505 1248 3547 te·

158 3584 320 3657 questrum
339 3582 370 3635 et
398 3575 535 3637 medium
570 3573 653 3637 inter
672 3574 840 3636 foeminam
872 3584 904 3637 et
923 3574 1017 3653 viros,
1040 3596 1112 3636 eam
1134 3570 1247 3653 quibas
1280 3580 1286 3607 ¹

158 3660 198 3721 de
219 3660 264 3720 rei
286 3658 597 3758 commanisnegotiis
618 3668 687 3721 erat
707 3666 868 3720 tractatus.
910 3652 962 3719 ὑπ’
987 3658 1086 3741 ἐκείνῃ
1107 3651 1168 3735 γὰρ
1191 3640 1246 3713 οὗ.

156 3762 211 3815 τος
232 3736 380 3803 ἐτάττετο.
403 3734 460 3801 rica
483 3740 520 3820 dn
536 3742 729 3827 ἐφισταμέσῃ
751 3748 817 3813 τοῖς
844 3736 1018 3823 πράγμασι.
1061 3743 1124 3824 ipsi
1145 3754 1247 3797 renco

158 3845 310 3886 sanamam
333 3824 564 3888 administranti
581 3828 724 3907 proxime
743 3826 852 3887 aderat
870 3829 1068 3909 praepositae,
1091 3816 1248 3901 ἀνδρόγυ-

157 3928 212 3981 εος
233 3928 342 3970 rerum
364 3919 518 3991 expertus.

245 4006 313 4084 153,
334 4000 364 4067 4.
418 4006 604 4091 μάγιστρος]
635 4008 674 4071 de
692 4008 862 4091 magistro,
885 4008 949 4069 eius
978 4026 1070 4085 snpra
1101 3999 1250 4084 patricios

159 4088 318 4173 dignitate,
340 4102 372 4153 et
391 4094 430 4152 ad
454 4093 677 4175 imperatorem
700 4102 793 4174 quani
813 4094 915 4153 viciae
938 4088 1034 4151 multa
1057 4088 1149 4149 doale
1170 4104 1249 4179 ooa-

158 4174 241 4255 gerit
262 4174 429 4239 llleursias:
460 4199 523 4241 noa
552 4177 655 4263 placet
679 4188 784 4241 aulem
814 4177 867 4239 ubl
898 4174 1084 4239 vocandum
1112 4168 1250 4253 talitano
