3050 4900
496 365 548 428 EX
584 363 840 430 Timurttarta.
1140 352 1210 425 109

140 533 173 596 ad
193 533 406 618 Myriangelos,
426 533 458 596 id
478 545 523 597 est
537 533 686 614 Garmias,
706 534 817 598 urbam
827 532 978 596 Galatiae.
1021 531 1210 595 Novembrio

139 639 206 680 vcro
227 639 329 680 meuse
358 618 503 679 introivit
531 619 710 704 Byzantium
740 617 870 680 Arctbus
897 614 1047 699 patricius
1065 624 1099 676 et
1119 615 1212 696 priu-

139 721 202 784 ccps
223 703 321 764 tribus
342 703 581 782 Saracenorum,
606 701 710 764 debita
731 701 856 764 deferre
869 699 1054 782 imperatori
1073 699 1211 760 liliorum

137 806 253 846 suorum
276 781 375 848 debiti
395 785 545 867 gratiam,
580 796 615 848 ut
634 785 750 849 scilieet
776 792 847 869 post
867 783 988 848 obitum
1008 804 1098 846 suum
1122 790 1212 845 tene·

137 877 201 932 reat
220 869 431 952 principatum
453 869 553 932 tribus
574 891 655 931 suac.

209 976 380 1038 Tricesimo
402 985 514 1038 octavo
536 975 659 1058 imperii
680 976 839 1038 lastiniani
862 995 945 1036 auno
964 972 1138 1058 Eutychiae
1157 989 1346 1059 papam

137 1059 267 1122 triorche
280 1059 641 1142 Constantinopolitanae
663 1057 821 1141 depositus
835 1069 881 1121 est
899 1069 932 1121 et
953 1057 1120 1121 inexilium
1137 1057 1213 1119 mis-

136 1165 211 1206 susa
232 1144 403 1205 lustiniuno
438 1145 470 1204 in
493 1143 658 1216 Amasiam;
690 1153 722 1205 et
742 1144 841 1204 lactus
874 1148 920 1204 est
939 1162 1002 1224 pro
1022 1161 1061 1204 eo
1085 1143 1213 1203 loannes

136 1247 166 1288 ex
184 1226 391 1303 scholasticis,
424 1249 495 1288 cam
530 1236 606 1290 esset
634 1225 853 1310 apocrisiarius
881 1224 1066 1287 Antiochiae
1084 1245 1214 1308 magnac

136 1317 163 1371 et
181 1309 346 1394 presbyter
366 1309 501 1372 eiusdem
522 1310 674 1376 ecclcsiae.
716 1309 827 1371 eodem
845 1329 929 1370 anno
950 1307 1134 1370 lastinianus
1155 1307 1214 1369 im·

136 1403 258 1474 perator
282 1391 321 1455 de
341 1393 541 1477 corruptibili
562 1404 594 1456 et
616 1391 849 1476 incorruptibili
872 1393 983 1475 dogma
1004 1411 1216 1468 commoveas,

134 1474 226 1539 edicto
250 1477 368 1562 ubique
390 1479 492 1539 alieno
513 1478 662 1560 apietate
679 1476 867 1553 transmisso,
890 1475 949 1537 deo
963 1482 1216 1556 praeoccupante

135 1560 289 1636 ‹leluuctus
309 1571 374 1638 est,
396 1583 467 1622 cum
490 1561 668 1642 imperasset
697 1559 827 1642 triginta
849 1567 923 1619 octo
945 1557 1042 1635 anuis,
1060 1557 1215 1620 mensibus

133 1653 240 1725 septem
266 1651 298 1707 et
319 1643 427 1707 diebus
446 1643 608 1720 tredecim,
627 1653 660 1706 et
679 1643 812 1706 eflicitur
831 1641 921 1703 huius
946 1661 1105 1703 successor
1123 1640 1215 1700 lusti.

135 1747 183 1788 nus
204 1729 414 1810 curopalates.
458 1728 569 1791 eodem
582 1745 664 1788 anno
678 1724 885 1790 Theodosiani
905 1724 1110 1786 etGaiaaitae
1130 1724 1216 1805 apud

134 1809 343 1872 Alexandriam
364 1809 527 1874 aedificare
551 1818 725 1892 coeperunt
739 1808 953 1886 conciliabula,
976 1815 1009 1869 et
1028 1808 1215 1890 praevalen-

134 1902 171 1954 tes
189 1893 353 1956 Gaianitae
381 1895 561 1977 episcopum
590 1895 649 1956 sibi
678 1900 941 1956 consecraverunt
962 1890 1142 1989 lielpidium
1160 1911 1215 1953 ar-

133 1975 344 2040 chidiaconum
362 1999 467 2051 suum;
486 1978 776 2062 quemimperator
794 1975 935 2038 vinctum
956 1995 1064 2038 venire
1082 1995 1215 2057 praece·

132 2059 181 2140 pit.
221 2082 359 2145 cumque
377 2061 498 2124 veniret
512 2063 707 2144 perSegrin,
731 2068 873 2122 mortuus
895 2067 950 2122 est.
990 2079 1092 2142 porro
1106 2057 1215 2120 Tlreo.

133 2142 240 2206 dosiani
263 2143 464 2207 Dorotbeaun
492 2147 614 2218 occulte
641 2152 737 2206 noctu
762 2143 943 2226 episcopum
961 2142 1023 2205 sibi
1045 2140 1215 2203 ordinare-

135 2236 218 2299 raut,
251 2237 287 2290 et
310 2228 341 2288 in
364 2249 460 2289 unum
487 2230 705 2291 convenientes
727 2237 792 2290 tam
812 2227 974 2289 Gaiauitae
993 2247 1087 2309 quam
1108 2224 1215 2286 Theo-

134 2309 242 2372 dosiani
265 2331 463 2374 communem
483 2313 662 2395 episcopum
681 2310 739 2373 sibi
768 2310 1067 2372 inthronizaverunt.
1109 2308 1214 2370 cuius-

133 2389 195 2454 dam
214 2405 319 2456 autem
340 2395 459 2457 abbatis
481 2394 611 2458 barbam
633 2397 713 2481 pelle
732 2402 869 2457 elcarne
889 2393 1142 2456 decoriaverunt.
1164 2399 1215 2453 ta-

133 2474 196 2538 liter
215 2478 448 2541 haereticorum
475 2479 633 2541 dementia
662 2498 772 2560 gerere
803 2478 982 2554 consuevit,
1011 2474 1091 2537 adea
1123 2485 1159 2537 ut
1179 2496 1215 2537 ea

134 2580 206 2641 quse
226 2583 425 2646 paganorum
446 2571 518 2624 sunl
538 2562 698 2624 multoties
721 2570 902 2643 operentur.

204 2674 316 2740 lllundi
338 2699 421 2740 anno
443 2676 545 2757 6058,
569 2678 693 2740 divinae
715 2674 939 2738 incarnationis
962 2694 1045 2736 anno
1065 2670 1137 2750 558,
1162 2674 1343 2746 top-ama

131 2778 215 2823 annes
235 2763 397 2825 Romanae
418 2773 540 2843 praeest
554 2762 708 2839 ccclesiae,
731 2760 861 2823 lustinus
876 2759 1019 2841 imperat,
1044 2777 1139 2840 nepos
1160 2756 1212 2817 lu·

128 2843 258 2920 stiniani,
282 2856 451 2907 coronatus
473 2848 619 2908 aloanne
663 2842 828 2907 atriarcha.
872 2851 940 2904 erat
961 2853 1064 2904 autem
1084 2840 1219 2903 natione.

129 2924 233 3003 Ἤιτει,
258 2930 470 3011 magnanimus
498 2940 592 3013 atquc
613 2868 660 2992 ad
683 2928 787 2990 omnia
808 2946 954 3009 prosper.
998 2923 1134 2987 habehat
1153 2947 1211 2985 an.

129 3012 184 3069 tam
204 3020 386 3073 clusorem
407 3012 557 3095 Sophiam
585 3012 728 3089 nomine,
757 3033 850 3095 quam
870 3018 902 3072 et
922 3008 1086 3071 coronavit
1105 3011 1211 3091 Augu-

128 3100 209 3158 stam.
251 3117 325 3156 cum
349 3104 450 3157 autern
473 3106 550 3158 essct
569 3096 649 3179 pius,
678 3094 841 3157 adornavit
862 3092 1001 3155 ecclosias
1023 3112 1098 3175 quas
1117 3091 1210 3152 iasti-

128 3174 228 3237 nianus
250 3178 479 3259 aedificaverat,
502 3189 566 3241 tam
591 3178 886 3260 videlicelmagnam
906 3176 1064 3238 ecclesiam
1084 3180 1116 3234 et
1136 3194 1209 3235 san.

128 3268 188 3318 ctos
209 3262 370 3343 apostolos
393 3284 485 3345 quam
506 3263 580 3325 alias
595 3261 732 3324 ecclesias
755 3267 787 3323 et
807 3259 1006 3336 monasteria,
1028 3256 1147 3319 donans
1167 3254 1210 3316 eis

128 3338 285 3406 thesauros
307 3354 339 3406 et
360 3366 483 3407 omnem
505 3346 660 3420 reditum;
689 3352 820 3427 eratque
840 3340 1032 3404 orthodoxus
1056 3338 1154 3416 valde,
1178 3346 1211 3399 et

126 3426 205 3486 misit
223 3426 395 3489 Plautinum
410 3428 606 3505 monachum,
629 3429 809 3513 privignum
822 3425 959 3487 Belisarii
980 3422 1116 3507 patricii,
1135 3422 1210 3484 dans

127 3506 151 3565 ri
168 3520 354 3591 potestatem
372 3520 482 3573 contra
501 3534 625 3575 omnem
644 3532 821 3595 personam,
842 3518 874 3571 et
887 3530 1007 3571 causam
1027 3504 1211 3590 pacificandi

128 3593 264 3655 ccclesias
289 3595 442 3657 universas
468 3596 600 3680 Aegypti
623 3604 655 3655 et
675 3594 889 3656 Alexandriae.

204 3716 351 3781 Secundo
380 3741 462 3781 anno
492 3718 615 3803 imperii
645 3718 751 3780 lustini
779 3715 941 3781 Aetherius
970 3724 1003 3777 el
1024 3712 1149 3789 Audias,
1173 3730 1211 3773 ac

126 3798 260 3861 medicus
282 3802 426 3884 quicum
450 3805 520 3886 ipsis
550 3812 639 3877 erat,
662 3802 796 3863 insidiati
815 3808 888 3861 sunt
906 3799 1007 3862 eidem
1025 3795 1210 3877 imperatori

127 3882 259 3957 luslino;
283 3887 336 3969 qui
357 3888 472 3969 cogniti
491 3886 645 3948 interlecti
660 3894 730 3947 stant
750 3884 862 3967 gladio.
904 3884 1015 3945 eodum
1037 3884 1211 3960 annoAga-

127 3965 177 4024 tlso
201 3970 383 4043 multisonus,
399 3972 496 4033 l'ratcr
511 3969 693 4051 Apollinarii
709 3968 847 4051 episcopi
859 3964 1063 4038 Alexandrini,
1086 3962 1210 4023 veniens

126 4048 337 4113 Alexandriam
365 4075 519 4115 sermones
541 4052 717 4133 habiturus,
741 4063 774 4114 et
793 4050 996 4113 Eustochium
1014 4044 1213 4111 monachum.

128 4132 177 4210 qui
199 4140 328 4218 mugnus
350 4146 419 4199 erat
440 4148 471 4198 ut
492 4156 681 4198 oeconomus
708 4135 920 4204 Alexandriae,
943 4131 1101 4195 custodiae
1121 4152 1211 4190 man-

129 4215 250 4295 cipavit,
274 4220 329 4301 qui
359 4242 416 4302 per
439 4230 555 4283 tectum
585 4221 701 4301 fugiens
733 4220 817 4281 venit
850 4216 1051 4301 Byzantium,
1071 4212 1209 4278 lllucario
