3050 4900
246 286 320 363 266
397 292 609 365 anas‘rasn
640 298 837 363 nrsroma
872 294 1181 365 rcmrsnsrrcn

250 466 302 531 das
327 468 486 551 Augustas,
519 468 597 531 teria
619 478 745 552 quarta,
773 468 855 531 bora
877 468 993 552 prima,
1014 469 1170 531 bardanes
1193 466 1344 549 patricius

248 560 281 615 et
301 560 432 633 praetor
445 551 665 629 Orientalium,
688 552 741 637 qui
764 554 1000 637 cognominatus
1021 565 1066 617 est
1079 556 1212 629 Tarona,
1233 552 1342 634 appel.

144 652 174 709 p·
187 634 327 698 tutatus
349 644 396 698 αἱ
416 634 591 735 imperator
621 636 659 698 ab
682 636 825 699 omnibus
853 638 936 698 nitra
957 636 1022 699 sitis
1044 636 1245 698 thematibus.
1289 638 1343 721 qui

247 718 380 779 muitum
400 740 518 782 renisus
540 728 578 780 ut
608 718 755 781 evaderet
776 719 845 782 iilos
875 720 1005 783 minime
1024 722 1136 796 valuit,
1162 729 1194 782 et
1216 718 1343 781 decen.

248 801 322 864 dens
343 823 441 886 usque
462 802 502 864 ad
525 804 765 887 Chrysopolim,
792 824 864 865 curn
895 804 1058 866 circuisset
1087 804 1195 865 diebus
1216 812 1290 865 octo
1312 813 1345 865 et

246 886 372 948 minime
393 886 500 949 fuisset
519 896 673 969 receptus,
695 888 792 950 rediit
811 908 911 970 usque
930 890 970 950 ad
992 890 1155 971 Maiagma.
1224 886 1257 946 ni
1277 908 1346 949 me-

246 977 334 1031 tuens
355 968 457 1047 deum,
481 978 514 1032 et
533 972 707 1054 recogitans
730 992 769 1035 ne
790 972 875 1033 forte
894 993 955 1054 per
975 992 1008 1034 se
1028 970 1178 1033 mactatio
1192 909 1344 1031 dirristia.

247 1072 362 1115 norum
390 1054 581 1131 efficeretur,
604 1052 686 1115 misit
708 1055 747 1117 ud
772 1054 1005 1139 Nicephorum,
1032 1066 1064 1118 et
1091 1064 1223 1136 accepto
1246 1054 1345 1115 verbo

246 1136 419 1221 inscriptis
440 1138 592 1221 propriae
621 1160 729 1201 manus
749 1139 825 1217 eins,
855 1140 887 1199 in
913 1159 977 1223 quo
1000 1147 1033 1203 et
1054 1139 1198 1199 Tarasina
1219 1138 1347 1199 sanctis·
1431 1174 1434 1177 ⁴

245 1220 339 1282 simus
358 1222 538 1303 patriarcba
572 1229 605 1283 et
630 1242 736 1284 omnes
757 1222 884 1305 patricii
917 1223 1179 1305 subscripserunt,
1201 1220 1288 1305 quod
1307 1220 1349 1281 ii-

245 1304 342 1367 laesus
363 1314 396 1367 et
416 1304 567 1367 indemnis
587 1326 660 1367 cnm
683 1307 828 1368 omnibns
849 1306 904 1390 qui
926 1327 1032 1368 secum
1060 1316 1151 1369 erant
1173 1306 1258 1366 soret
1279 1324 1347 1365 ser..

244 1388 384 1464 raudus,
413 1398 500 1451 sexto
537 1388 605 1451 idus
628 1390 840 1471 septembrias
872 1390 974 1452 media
1000 1398 1094 1451 nocte
1125 1389 1203 1449 eiam
1228 1389 1346 1471 fugiens

246 1469 404 1534 descendit
419 1472 458 1533 ad
471 1473 561 1535 Cium
574 1472 740 1557 Bithyniae
752 1473 783 1533 in
797 1474 1021 1535 monasterium
1035 1474 1180 1536 Heraciii.
1192 1482 1224 1533 et
1239 1472 1349 1533 iuven.

245 1564 281 1617 to
305 1554 482 1633 chelandio,
506 1554 592 1641 quod
613 1558 652 1618 ab
678 1556 873 1639 imperatore
892 1578 988 1639 super
1009 1556 1070 1619 boc
1092 1558 1196 1618 fuerat
1214 1556 1349 1631 missurn,

246 1646 354 1701 tonsus
384 1649 430 1701 est
455 1650 488 1702 et
509 1638 636 1703 indutus
666 1640 746 1701 stola
777 1641 980 1717 monachica,
1017 1642 1056 1703 ‘et
1089 1642 1240 1724 ingressus
1271 1636 1349 1699 iliud

247 1722 324 1785 abiit
343 1722 374 1783 in
397 1724 545 1804 insulem,
564 1744 645 1807 quae
669 1724 835 1786 dicebatur
859 1726 973 1807 prima,
995 1723 1027 1785 in
1049 1745 1110 1809 qua
1131 1723 1350 1785 aedificaverat

248 1808 491 1885 monasterium,
526 1808 671 1889 opinatus
691 1806 779 1891 quod
802 1811 921 1871 veritus
944 1810 1028 1872 foret
1050 1808 1197 1870 terribile
1216 1806 1350 1868 verbum

249 1889 335 1974 quod
355 1890 487 1952 dederat
505 1890 564 1953 sibi
588 1891 1060 1975 contemptibilis,Nicephorus,
1086 1898 1119 1953 et
1139 1894 1170 1953 in
1195 1889 1279 1951 unito
1298 1883 1369 1951 es-'

248 1982 295 2035 set
311 1972 488 2043 laedendus.
532 1974 637 2036 atille
658 1974 764 2058 primo
787 1974 913 2059 quidem
933 1974 1072 2038 denudat
1092 1975 1180 2035 iilum
1202 1975 1348 2035 substan.

249 2058 293 2119 tin
316 2056 392 2134 eiua,
421 2064 454 2119 et
473 2058 638 2119 occasione
658 2068 788 2142 accepta
814 2080 921 2122 omnes
943 2059 1116 2122 thematum
1138 2058 1296 2141 principes
1318 2064 1351 2119 et

249 2138 462 2214 habitatorem
482 2142 634 2225 quosdam
655 2150 760 2206 autem
773 2151 807 2206 et
828 2140 868 2205 de
887 2144 973 2227 regia
994 2144 1075 2207 urbe
1095 2143 1274 2225 captivarit,
1296 2160 1351 2203 ex-

155 2228 243 2304 prta
252 2224 385 2285 ercitum
407 2232 511 2288 autem
531 2245 609 2309 roga
628 2226 791 2308 privatum
815 2226 962 2290 deseruit.
1018 2248 1129 2289 verum
1153 2227 1223 2309 quis
1245 2244 1350 2287 sermo

253 2330 403 2370 enarrare
432 2308 586 2392 condigne
618 2310 750 2373 sufficiet
772 2330 891 2394 opera,
922 2332 1004 2395 qnae
1033 2310 1141 2373 diebus
1170 2310 1228 2371 iltis
1252 2309 1292 2370 ab
1313 2329 1351 2370 eo

252 2400 327 2454 sunt
351 2400 432 2476 gesta
464 2414 525 2477 per
552 2392 777 2478 indulgentiam
801 2394 853 2457 dei
881 2406 1018 2478 propter
1038 2394 1199 2457 commissu
1221 2392 1352 2454 nostrai

253 2497 337 2538 nona
358 2478 409 2538 die
429 2479 559 2560 Augusti
588 2479 700 2541 mensis
729 2479 914 2542 undecimae
934 2479 1114 2540 indictionis
1139 2477 1283 2539 defuncta
1305 2483 1354 2538 est

253 2559 438 2644 imperatrix
458 2561 594 2624 Heirene
616 2565 646 2622 in
668 2563 760 2626 exilio
783 2563 900 2624 insulae
921 2563 1022 2638 Lesbi,
1047 2570 1081 2625 et
1101 2561 1285 2622 translatum
1307 2567 1354 2621 aa

254 2665 370 2726 eorpus
391 2645 456 2708 eina
478 2645 510 2705 in
531 2645 662 2706 insulem
681 2645 844 2729 principis,
876 2646 909 2707 iu
928 2645 1153 2708 monasterinm
1176 2645 1264 2730 quod
1287 2643 1354 2728 ipsa

254 2731 438 2790 construxit.

338 2826 451 2890 Mundi
472 2847 554 2888 anuo
570 2821 665 2902 6946,
687 2823 810 2901 divinae
829 2825 1052 2889 iucarnationis
1074 2845 1156 2889 anuo
1179 2821 1252 2906 746,
1270 2843 1352 2887 auno

256 2909 380 2994 imperii
402 2910 447 2972 sui
470 2911 607 2972 secundo
629 2909 824 2992 Nicephorns
847 2913 1013 2973 coronavit
1034 2897 1234 2974 Stauracinm
1254 2910 1353 2972 filium

252 3011 345 3056 sitnm
366 3013 428 3075 per
454 2993 617 3056 Tarasium
654 2995 876 3056 sanctissimum
914 2995 1128 3078 patriarcham
1155 2996 1186 3056 in
1221 2995 1356 3056 ambone

256 3078 382 3140 maioris
405 3078 550 3140 ecclesiae
577 3077 609 3139 iu
635 3079 876 3160 imperatorem,
897 3099 969 3140 cum
989 3088 1065 3140 esset
1086 3078 1202 3141 inutilis
1224 3076 1263 3139 ad
1282 3087 1356 3138 tan.

257 3170 321 3224 tam
340 3161 441 3224 modis
472 3162 615 3224 omnibus
646 3161 846 3245 dignitatem,
869 3173 934 3224 tam
961 3163 1077 3224 scilicet
1104 3172 1231 3244 aspectu
1260 3183 1354 3246 quam

257 3245 377 3310 robore
397 3247 484 3308 simui
517 3255 549 3308 et
569 3266 667 3308 sensu.
721 3257 862 3308 ceterum
885 3245 1091 3330 Nicephorus,
1115 3247 1170 3330 qui
1194 3266 1356 3330 nunquam

257 3349 387 3413 usquam
406 3330 573 3392 veritatem
596 3330 750 3407 servavit,
772 3332 986 3413 Lycaonenses
1006 3329 1167 3415 quosdam,
1192 3331 1254 3391 imo
1278 3348 1355 3389 vero

257 3411 509 3500 Lycantbropos,
530 3413 702 3477 concordes
716 3421 749 3476 et
769 3423 993 3478 consentaneos
1022 3414 1062 3475 ad
1083 3415 1203 3476 Protea
1225 3413 1356 3473 insulam

258 3497 393 3574 minens,
416 3497 503 3560 iussit
520 3519 572 3560 eos
591 3506 688 3560 noctu
706 3496 787 3558 hanc
803 3495 969 3561 ascendere
986 3508 1018 3559 et
1038 3495 1246 3581 praedictum,
1267 3494 1355 3579 qnasi

233 3641 236 3646 .
258 3601 290 3643 se
312 3581 500 3666 ignorante,
531 3581 697 3644 inminibus
726 3581 854 3664 privare
872 3582 1070 3660 bardanum,
1092 3592 1124 3643 et
1146 3592 1216 3664 post
1237 3581 1356 3640 facinus

260 3665 299 3726 ad
322 3665 482 3728 ecclesiam
510 3667 626 3750 fugere.
677 3685 741 3750 qno
768 3665 854 3726 facto
885 3675 948 3726 tam
971 3665 1151 3746 patriarche
1174 3675 1206 3725 et
1234 3672 1357 3724 senatus

260 3765 355 3832 spiram
376 3769 481 3812 omnes
505 3747 597 3812 deum
618 3749 761 3811 timentes
782 3747 900 3810 acriter
929 3732 1108 3810 doluerunt.
1150 3757 1198 3809 ast
1219 3748 1386 3830 impera.=

260 3843 316 3895 tor
336 3835 537 3918 nequissimus
562 3833 755 3914 Nicephorns
776 3853 849 3892 curn
871 3833 1050 3894 iuramentis
1074 3853 1181 3894 omues
1202 3827 1358 3912 primores

261 3917 473 4001 Lycaonanses
496 3915 673 3991 simulatus,
694 3915 877 3997 exquirebat
904 3916 936 3976 in
959 3937 1022 3993 eos,
1045 3926 1081 3979 ut
1101 3916 1284 3996 putabatur,
1306 3914 1358 3973 ui-

164 4002 373 4081 paraturus,
393 4003 498 4064 omnia
539 3999 708 4062 secundnm
740 4002 980 4063 ostentationem
1013 4011 1045 4061 ct
1074 3999 1150 4061 nibil
1187 3996 1359 4061 secundum

264 4085 358 4145 deum
381 4085 496 4168 iugiter
516 4105 616 4167 agens.
664 4094 735 4145 erat
769 4083 852 4146 euim
874 4085 918 4144 iiii
945 4084 1116 4166 praecipue
1135 4105 1207 4144 cnm
1231 4080 1361 4165 reliquis

265 4167 585 4251 praevaricationibus
605 4177 638 4230 et
651 4166 866 4232 huiuscemodi
880 4189 1010 4253 quoque
1024 4168 1138 4231 mantis
1158 4166 1283 4244 idioma,
1299 4186 1360 4248 per
