3050 4900
378 387 382 394 ·
472 371 526 434 EX
556 369 794 434 NlCEPHORO
819 367 882 434 GP.
1170 366 1217 434 13

139 523 224 584 stolus
243 523 332 585 (latus
353 529 399 583 est
422 520 460 582 ad
488 521 692 584 habitandum
724 523 755 583 in
779 524 910 583 l’htmon
933 523 1062 584 insulam
1082 533 1220 608 propter

139 607 244 668 Christi
274 606 510 668 confessionem.
570 615 639 686 post
667 606 839 667 Domitiani
860 625 936 666 vcro
967 616 1103 667 mortem
1127 606 1220 668 rediit

139 691 171 751 ah
199 690 295 752 insula
308 735 318 765 ,
347 699 379 750 et
413 691 523 750 mansit
549 689 662 771 Ephesi
686 711 784 786 usque
817 690 857 750 ad
887 691 1013 752 Traiani
1043 689 1219 771 imperium.

55 835 59 842 ,
138 777 228 833 horsa
253 793 334 833 anno
358 793 421 834 uno
442 773 595 834 mensibus
616 773 646 834 4.
669 773 822 835 Traianus
844 773 931 835 aunis
954 771 992 835 19
1012 774 1165 836 mensibus
1187 772 1218 835 6.

137 857 269 942 subhac
292 857 426 940 Ignatius
463 855 563 918 deifer
591 853 674 938 apud
696 857 829 918 Romam
860 858 994 938 suscepit
1015 859 1218 941 martyrium,

137 941 233 1002 hestiis
254 939 386 1002 traditus
407 960 483 1002 esca.
541 936 716 1002 Hadrianus
736 942 822 1002 aunis
841 939 893 1002 91.
938 941 1079 1003 obiitin
1111 941 1218 1004 Beheis

136 1023 320 1106 hydropicus
343 1025 449 1085 factus.
492 1033 525 1084 et
538 1022 595 1085 iste
612 1023 770 1085 destructa
782 1023 997 1108 Hierosolyma
1019 1025 1135 1086 Aeliam
1157 1045 1218 1086 uo-

136 1107 258 1168 minavit
278 1108 444 1170 civitatem.
498 1107 587 1168 Titus
609 1107 800 1183 Antoninus,
836 1109 891 1192 qui
914 1109 1151 1190 cognominatus
1172 1118 1220 1170 est

134 1191 214 1268 Pius,
235 1212 307 1252 cum
328 1191 397 1251 filiis
418 1189 545 1254 Aurelio
566 1191 653 1252 Vero
682 1198 714 1250 et
733 1191 841 1268 Lucio,
862 1194 947 1252 annis
964 1191 1005 1253 99
1024 1193 1176 1255 mensibus
1187 1190 1218 1254 3.

134 1277 249 1336 Marcus
271 1274 413 1336 Aurelius
446 1275 611 1336 filiuseius
641 1274 725 1334 annis
749 1272 786 1336 19
810 1275 965 1337 mensibus
989 1274 1037 1336 11.
1077 1277 1135 1338 sub
1156 1276 1219 1337 hoc
1290 1304 1293 1313 ·

134 1359 258 1419 lustinus
278 1357 482 1440 philosophus
499 1359 716 1442 martyrizatus
737 1366 792 1420 est.
821 1360 996 1420 Antoninus
1010 1359 1111 1421 Verus
1132 1359 1219 1420 annis

136 1445 177 1507 19.
200 1440 388 1504 Commodus
410 1441 496 1502 aunis
519 1439 568 1502 13.
616 1440 719 1502 helius
740 1439 887 1503 Pertinax
903 1443 1056 1505 mensibus
1077 1441 1111 1504 6.
1135 1441 1317 1516 oeci-pots

132 1547 174 1586 sus
192 1534 239 1587 est
263 1525 294 1584 in
310 1524 439 1586 Palatio.
482 1527 613 1586 Severus
637 1524 723 1584 aunis
738 1522 787 1586 18.
806 1525 863 1584 sub
877 1525 968 1587 huius
990 1527 1121 1608 imperio
1135 1527 1220 1588 Leo-

134 1608 211 1671 nides
234 1617 323 1691 pater
338 1608 483 1691 Origenis
496 1607 645 1670 haeretici
667 1607 888 1688 martyrisatus
909 1619 964 1685 est,
985 1621 1016 1671 et
1031 1610 1219 1693 Hippolytus

132 1691 283 1752 llornanus
311 1691 448 1772 scriptor
479 1691 631 1760 llorebat,
666 1699 761 1774 atque
794 1693 966 1774 Gregorius
995 1693 1218 1754 miraculorum

132 1777 256 1838 effector
286 1785 317 1837 et
341 1777 480 1836 Clemens
512 1773 742 1838 Alexandrinus.
803 1775 975 1838 Antoninus
1002 1775 1080 1836 filim
1111 1777 1219 1839 Severi

131 1862 212 1921 annis
228 1857 259 1920 7.
302 1861 419 1920 occisus
442 1867 487 1920 est
501 1859 582 1919 iuter
595 1859 699 1918 Baeon
713 1868 745 1918 et
760 1858 915 1920 Edessam.
957 1860 1114 1921 Macrinus
1135 1880 1217 1920 anno

130 1963 208 2018 nno,
235 1941 353 2024 occisus
381 1951 435 2003 est.
488 1941 661 2002 Antoninus
693 1942 827 2003 Gabalos
861 1941 946 2002 annis
974 1939 1004 2004 4.
1035 1944 1152 2015 occisus
1172 1952 1218 2006 est

130 2027 255 2086 llomae.
300 2024 468 2087 Alexander
487 2027 619 2087 Mamaos
644 2027 729 2086 annis
755 2024 801 2086 13.
825 2026 943 2086 occisus
965 2036 1011 2087 est
1032 2027 1062 2086 in
1086 2029 1218 2109 Magon.

129 2109 216 2170 tineo.
261 2111 410 2171 Maximus
442 2109 527 2170 aunis
547 2106 575 2168 3.
608 2109 726 2171 occisus
758 2118 804 2170 est
827 2109 995 2192 Aquileiae.
1039 2111 1218 2171 Gordianus

129 2195 208 2254 annis
230 2189 262 2252 6.
300 2192 412 2275 laqueo
434 2193 631 2275 suspenditur
667 2194 696 2252 in
731 2193 845 2254 Africa.
897 2192 1058 2275 Philippus
1078 2194 1163 2254 anuis
1188 2192 1219 2255 7.

128 2278 240 2338 occisus
266 2285 311 2336 est
334 2277 365 2336 in
388 2277 486 2338 hortis
515 2277 697 2338 Tiberianis.
740 2278 852 2338 Decius
874 2296 955 2338 anno
977 2299 1040 2338 uno
1064 2278 1217 2338 mensibus

128 2359 155 2420 3.
177 2361 299 2420 occisus
330 2370 375 2422 est
397 2360 427 2420 iu
449 2361 531 2422 foro.
573 2360 630 2421 sub
653 2361 714 2421 hoe
742 2370 863 2422 sauctus
885 2359 1013 2444 Babylas
1032 2359 1217 2422 Antiochiae

127 2443 313 2527 martyrium
333 2442 470 2527 sumpsit,
494 2454 526 2505 et
546 2444 597 2505 alii
619 2464 678 2525 per
691 2441 811 2505 diversa
835 2445 914 2521 loca,
939 2465 1060 2506 necnon
1076 2455 1108 2507 et
1129 2445 1213 2526 apud

127 2526 281 2609 Ephesum
310 2538 427 2610 septem
448 2528 552 2611 pueri.
607 2528 712 2589 Gallus
739 2536 772 2589 et
793 2528 979 2590 Volusianus
994 2548 1076 2588 anno
1098 2550 1163 2590 uno
1185 2540 1217 2590 et

125 2612 279 2673 mensibus
300 2603 331 2671 4.
384 2610 567 2673 Valerianus
599 2620 631 2671 et
661 2610 808 2673 Galieuus
843 2612 930 2673 annis
959 2608 1014 2684 15;
1047 2612 1216 2694 exquibus

127 2693 251 2775 quidem
277 2694 459 2757 Valerianus
481 2696 597 2759 occisus
626 2703 673 2755 est
703 2694 733 2753 in
756 2693 902 2771 Perside,
933 2694 1078 2757 Galieuus
1111 2704 1215 2756 autem

125 2777 305 2839 Mediolani.
349 2778 493 2841 Claudius
517 2797 598 2840 anno
623 2800 686 2839 uuo
712 2778 866 2841 mensibus
881 2774 911 2840 9.
933 2778 1015 2840 ohiit
1035 2778 1066 2839 in
1090 2778 1215 2840 Sirmio.
1226 2791 1250 2844 P·
1263 2774 1314 2826 74⁹

125 2861 306 2923 Aurelianus
320 2862 406 2922 anuis
422 2862 453 2922 5.
472 2862 588 2924 occisus
603 2862 692 2925 estin
706 2882 789 2922 novo
804 2883 941 2925 carcere.
983 2861 1109 2923 Tacitus
1128 2884 1216 2925 men·

125 2945 202 3007 sibus
223 2966 285 3007 sex.
310 2946 427 3006 occisus
449 2954 495 3008 est
519 2946 682 3015 inPouto;
705 2945 760 3006 sub
777 2957 972 3027 quosanetus
986 2944 1115 3006 Charito
1136 2968 1216 3008 con.

125 3028 219 3090 sessor
240 3028 366 3091 effectus
383 3037 439 3089 est.
475 3030 598 3091 Probus
619 3025 736 3089 enuisti
756 3030 911 3091 mensihus
924 3022 957 3090 4.
976 3028 1094 3090 occisa
1117 3039 1164 3091 est
1183 3032 1213 3090 in

125 3110 249 3173 Sirmio.
267 3111 367 3173 Carus
388 3133 447 3173 uua
469 3132 540 3174 cum
562 3114 666 3196 pueris
679 3111 794 3173 Carino
817 3122 849 3173 et
862 3111 1050 3173 Numeriano
1072 3112 1158 3173 annis
1181 3115 1212 3175 9.

122 3204 152 3255 et
163 3195 263 3256 Carus
275 3194 401 3277 quidem
412 3196 444 3255 in
456 3196 680 3279 Mesopotamia
691 3196 838 3272 moritur,
847 3196 1087 3257 Carinusautem
1095 3196 1214 3258 occisus

123 3288 166 3339 est
186 3278 219 3338 in
241 3279 368 3340 civitate
390 3278 534 3341 Numerio
554 3278 713 3341 Thraciae.
768 3278 979 3340 Diocletianus
999 3286 1032 3340 et
1053 3279 1213 3341 Maximia-

123 3380 176 3421 nus
197 3362 286 3423 annis
301 3360 351 3423 90.
394 3362 452 3423 suh
472 3363 535 3425 hoc
553 3373 674 3425 sanctus
687 3362 800 3423 Petrus
816 3360 1038 3425 Alexandrinus
1057 3363 1212 3507 martgrio

121 3456 291 3506 coronatus
325 3455 391 3521 est,
414 3448 515 3508 etalii
539 3447 627 3509 multi
650 3468 708 3527 per
731 3466 855 3507 omnem
876 3445 1082 3527 provinciam.
1153 3468 1213 3507 on-

120 3528 271 3590 stantinus
295 3531 521 3611 magnusannis
534 3528 583 3592 31.
606 3530 753 3611 vigesimo
775 3550 857 3589 anuo
880 3528 969 3590 huius
986 3529 1111 3611 imperii
1130 3531 1211 3591 factas

102 3612 289 3692 -estprima
312 3610 574 3695 sanctasynodus
596 3612 658 3675 318
689 3622 869 3674 sanctorum
897 3622 1024 3693 patrum
1053 3611 1136 3694 apud
1157 3615 1213 3675 Ni-

123 3714 230 3755 caeam
248 3694 358 3757 urbem
370 3696 544 3778 Bithyniae,
568 3718 650 3757 anno
664 3694 726 3757 318
748 3718 765 3756 a
778 3694 894 3757 domini
907 3696 1006 3756 nostri
1028 3697 1095 3757 lesu
1109 3693 1212 3757 Chrsti

120 3776 388 3852 inhumanatione,
409 3800 510 3859 porro
533 3802 550 3840 a
569 3784 705 3863 pretiosa
728 3782 868 3861 passione
894 3800 930 3838 ac
949 3779 1083 3861 gloriosa
1105 3800 1213 3841 resur-

119 3862 264 3923 rectione
281 3862 347 3924 eius
368 3883 450 3923 anuo
473 3862 546 3925 986.

202 3961 302 4023 Fiunt
323 3982 398 4042 ergo
422 3964 460 4023 ab
483 3961 581 4023 Adam
603 3960 757 4046 usquead
785 3960 978 4023 Constantini
999 3961 1101 4042 magni
1121 3981 1212 4023 mor.

120 4049 182 4103 lem
208 4047 280 4106 anni
302 4044 395 4106 5836.

206 4144 348 4206 Moritur
367 4154 470 4206 nutem
484 4146 703 4208 Constantinus
725 4165 879 4206 annorum
898 4142 950 4218 65,
973 4152 1007 4202 ut
1021 4144 1119 4219 aiunt,
1140 4164 1210 4203 eum

120 4234 278 4306 regnasset
300 4227 385 4291 aunis
407 4226 458 4306 31,
480 4228 656 4314 relinquens
678 4224 757 4290 filios
779 4238 853 4304 tres,
879 4228 1081 4288 Constantem
1099 4226 1212 4288 rideli-
