3050 4900
285 349 355 420 150
443 353 652 418 AanTastt
688 351 883 416 utsroars
913 347 1222 414 [CCLESlASTlCA

283 534 372 586 cutus
394 531 446 584 est.
497 523 740 586 accelerantibus
769 541 846 603 ergo
868 527 1083 604 pernoctem,
1106 519 1371 600 etperrenieuti7

180 607 337 687 essebur
358 607 399 668 ad
420 605 583 688 praedium
607 607 658 666 cui
680 605 866 666 vocabulum
879 612 948 666 erat
967 602 1153 680 lasbanum,
1174 602 1254 664 bora
1270 604 1371 665 noctis

280 713 375 764 nona,
395 691 520 768 Persae,
543 691 595 772 qui
618 689 649 751 in
672 711 709 750 eo
732 698 824 750 erant
852 697 884 750 et
905 687 1056 770 impetum
1078 693 1301 769 cognoverant,
1322 685 1371 747 in-

279 783 483 836 surrexerunt
511 772 627 834 ineos.
679 771 738 854 ipsi
756 782 863 834 antem
881 769 939 832 bos
969 771 1205 846 interfecerunt,
1225 789 1290 831 nno
1314 791 1369 832 ea-

279 865 383 938 cepto,
405 857 458 940 qui
480 855 543 918 hoc
556 855 693 916 Sarbaro
717 855 880 916 nuntiavit
921 861 954 914 at
972 873 1051 914 aero
1069 853 1221 917 sarbarus
1242 874 1371 933 surgens

279 941 415 1002 ascendit
435 961 568 1021 equum,
591 951 623 1000 et
653 939 751 1000 nudus
786 949 881 1022 atque
906 935 1105 999 discalceatus
1135 939 1206 1020 suga
1240 937 1372 998 salntem

277 1033 432 1086 mercatus
454 1033 507 1084 est.
527 1022 616 1082 huius
640 1031 742 1082 autem
765 1023 909 1084 usulieres
931 1030 964 1084 et
985 1043 1108 1083 omnem
1130 1021 1290 1082 Persicum
1308 1018 1371 1080 llo-

279 1129 356 1184 rem,
377 1106 595 1189 principesque
613 1127 649 1166 oc
681 1115 817 1187 satrapas
842 1126 914 1166 cum
943 1103 1047 1166 electis
1068 1103 1237 1182 militibus,
1261 1103 1371 1186 quiin

279 1189 447 1252 domorum
470 1197 551 1252 tecta
581 1189 828 1252 conscenderant
861 1198 894 1250 et
912 1187 1029 1249 bellum
1049 1198 1161 1250 contra
1183 1209 1216 1250 se
1234 1207 1371 1268 praepa-

279 1281 433 1348 raverant,
455 1294 514 1356 per
541 1273 642 1356 ignem
668 1271 829 1354 deposuit,
849 1280 882 1333 et
902 1269 977 1332 alios
998 1270 1124 1354 quidem
1146 1270 1273 1349 occidit,
1295 1271 1372 1330 alios

277 1379 356 1418 uero
379 1357 448 1438 igne
471 1357 671 1438 consumpsit,
688 1357 740 1418 alii
753 1365 856 1416 autem
878 1353 1003 1416 manicis
1021 1365 1054 1416 et
1076 1353 1280 1436 compedibus
1301 1354 1373 1416 col·
1451 1352 1455 1363 ¹

279 1441 364 1522 ligati
387 1449 478 1519 suat,
502 1444 547 1502 ita
569 1449 603 1500 ut
625 1461 704 1521 peue
734 1439 836 1500 nullus
866 1459 903 1500 ea
936 1438 984 1500 his
1014 1437 1070 1520 qui
1090 1438 1220 1500 Sarbari
1249 1438 1373 1499 fuerant

278 1523 461 1584 salvaretur.
512 1531 701 1604 acceperuut
731 1530 835 1584 autem
856 1529 888 1582 et
909 1541 995 1582 erma
1018 1521 1155 1599 Sarbari,
1178 1543 1306 1583 aureum
1326 1521 1374 1580 ai.

279 1605 390 1669 delicet
410 1608 554 1688 clipeum,
577 1605 773 1668 machaeram
794 1605 888 1667 etiam
913 1613 945 1666 et
965 1605 1104 1666 lanceam
1126 1626 1226 1688 aeque
1246 1625 1373 1666 auream

279 1700 311 1753 et
332 1699 490 1772 comptam
511 1689 654 1772 pretiosis
673 1689 826 1770 lapidibus
840 1709 959 1764 sonam,
981 1687 1180 1750 nihilomiuus
1198 1696 1228 1749 et
1251 1687 1373 1749 calcea.

279 1784 382 1834 menta
401 1776 473 1832 eius.
517 1773 563 1834 his
584 1773 626 1833 ita
644 1774 787 1834 omnibus
800 1773 928 1854 sumptis
950 1771 1098 1854 procedit
1119 1780 1230 1834 contra
1251 1770 1374 1852 disper.

279 1878 325 1918 sos
347 1877 406 1937 per
429 1855 527 1934 villas,
551 1857 605 1942 qni
620 1855 735 1920 seilicet
760 1863 924 1937 comperta
937 1855 1068 1917 Sarbari
1087 1857 1160 1936 luga
1181 1856 1247 1916 sine
1266 1863 1377 1916 reten-

281 1939 369 2000 tione
392 1939 561 2022 fugiebant.
604 1939 668 2024 ipsc
688 1948 792 2001 autem
813 1939 966 2002 insecutus
988 1940 1103 2000 multos
1125 1960 1236 2000 eorum
1260 1936 1376 2000 occidit

279 2031 312 2084 et
333 2023 453 2084 vinctos
477 2022 618 2104 accepit:
643 2023 757 2106 reliqui
790 2043 861 2085 cum
882 2021 1065 2084 contusione
1086 2023 1119 2082 in
1139 2019 1298 2085 Persidem
1321 2041 1374 2085 re.

279 2107 445 2187 pedarunt.
488 2126 590 2187 porro
612 2105 787 2188 imperator
809 2107 948 2170 exercitu
967 2126 1024 2168 sno
1041 2105 1177 2168 collecto
1200 2127 1273 2166 cum
1295 2125 1376 2190 gau-

286 2187 340 2250 dio
359 2187 390 2252 iu
413 2187 487 2252 loeis
502 2187 559 2252 illis
578 2189 751 2273 intrepidus
780 2187 936 2252 hiemavit.

180 2319 209 2377 p.
220 2299 271 2358 181
363 2295 473 2356 Mundi
494 2313 576 2357 anno
595 2293 687 2374 6116,
712 2295 836 2359 divinae
851 2297 1070 2358 incarnationis
1089 2315 1173 2358 enno
1195 2293 1269 2374 616,
1292 2316 1377 2358 anno

281 2377 404 2461 imperii
418 2379 553 2442 Heraclii
577 2377 615 2440 15
628 2381 768 2442 Arabum
787 2381 935 2465 princeps
947 2383 1086 2444 Munnaet
1105 2381 1289 2442 habebatur.
1308 2381 1375 2442 He-

281 2462 393 2525 raclius
416 2472 520 2525 autem
534 2472 719 2527 coacervato
741 2466 878 2527 exercitu
892 2486 950 2528 sno
961 2466 1124 2528 consilinm
1137 2466 1273 2528 iaciebat
1293 2486 1374 2548 qna·

281 2570 352 2607 nam
375 2548 424 2608 vio
446 2559 611 2630 pergerets
634 2548 713 2611 duae
734 2570 870 2634 namque
893 2548 960 2611 siae
979 2544 1038 2611 sibi
1064 2548 1255 2625 adiacebant,
1276 2568 1378 2630 angn-

281 2639 346 2693 stae
365 2652 402 2691 ac
423 2631 540 2709 desine,
563 2635 661 2694 altera
681 2632 808 2716 quidem
836 2634 1010 2693 Tarentum
1029 2633 1155 2709 ducens,
1180 2632 1277 2694 altera
1299 2652 1379 2693 vero

283 2714 453 2775 interram
474 2716 650 2799 Syriarum.
698 2736 810 2777 rernm
837 2716 889 2776 illa
922 2736 1002 2797 quae
1022 2716 1195 2777 Tarentum
1217 2716 1379 2791 tendebat,

283 2796 478 2858 differentior
508 2798 634 2880 quidem
657 2807 743 2876 erat,
767 2798 821 2860 sed
846 2806 1012 2882 egestatem
1030 2809 1217 2861 cunctarum
1240 2797 1378 2860 babebat

283 2900 437 2941 escarums
469 2902 549 2963 quae
588 2902 665 2943 vero
693 2882 727 2943 iu
760 2890 880 2943 terram
911 2880 999 2943 ducit
1019 2883 1198 2967 Syrorum,
1237 2882 1378 2943 Taurum

284 2962 397 3023 transit
418 2973 450 3025 et
472 2962 692 3025 abundantiam
714 2986 751 3025 ao
770 2964 976 3046 dapsilitatem
993 2976 1133 3049 praestat
1147 2966 1380 3028 alimentorum.

284 3044 364 3107 hanc
385 3048 567 3125 praeferunt
593 3068 718 3125 emises,
748 3046 820 3111 licet
841 3050 1009 3132 abruptior
1036 3058 1115 3112 esset
1135 3059 1168 3112 et
1189 3050 1260 3111 nive
1280 3048 1377 3109 multa

284 3128 434 3191 severior.
475 3129 533 3191 bae
554 3132 660 3213 itaque
681 3133 790 3193 labore
809 3132 910 3193 multo
936 3142 1093 3195 transacta
1112 3134 1144 3194 iis
1166 3144 1284 3214 septem
1307 3132 1381 3193 die·

283 3212 343 3275 bus
366 3222 580 3297 pervenerunt
600 3212 641 3275 ad
657 3214 788 3276 fluvium
798 3216 919 3297 Tigrin,
941 3226 974 3278 et
994 3216 1079 3279 bunc
1100 3238 1170 3279 eum
1191 3226 1379 3277 transmens-

285 3304 373 3372 sent,
404 3299 534 3360 veniunt
565 3298 811 3395 Martyropolim
840 3307 873 3360 et
894 3302 1052 3378 Amidam,
1074 3310 1106 3362 et
1127 3300 1290 3384 quiescunt
1314 3310 1380 3361 tam

286 3381 437 3442 exercitus
461 3403 554 3463 quam
576 3382 747 3464 captivitas.
790 3383 865 3444 bine
885 3394 917 3445 et
937 3382 1056 3445 litteras
1073 3384 1377 3467 imperatorBysan-

287 3462 365 3523 tium
386 3466 494 3544 potuit
516 3465 650 3543 mittere,
673 3475 705 3527 et
726 3486 806 3549 quae
828 3467 912 3528 cirea
932 3486 964 3528 se
986 3478 1076 3529 erant
1095 3469 1199 3529 omnia
1222 3468 1380 3539 indicere,

286 3546 445 3628 elingens
474 3550 576 3611 t'aeere
604 3548 753 3630 gaudium
773 3549 901 3613 civitati.
955 3552 1109 3613 Sarbsrns
1130 3562 1233 3613 antem
1256 3548 1381 3633 populo

285 3648 352 3705 suo,
375 3630 428 3713 qui
452 3632 556 3693 fuerat
575 3630 749 3713 dispersus,
775 3635 909 3694 collecto
933 3634 1099 3697 insurrexit
1120 3637 1150 3695 in
1174 3635 1270 3695 illum.
1314 3632 1383 3695 ele-

283 3722 369 3773 ctam
397 3734 473 3775 vcro
504 3716 676 3796 imperator
708 3717 787 3776 alam
818 3718 952 3779 militum
981 3718 1020 3780 nd
1052 3718 1269 3780 custodiendas
1297 3716 1382 3779 misit

286 3796 451 3874 clausurus,
472 3820 554 3879 quae
573 3798 612 3859 ad
632 3820 665 3860 se
686 3796 859 3877 ducebant,
880 3812 913 3863 et
934 3802 1054 3879 aditus,
1078 3803 1133 3885 qni
1154 3802 1194 3861 ad
1215 3802 1382 3861 Orientem

287 3885 386 3939 erant.
429 3880 496 3962 ipse
515 3881 693 3945 discurrens
715 3886 747 3945 in
770 3886 879 3945 faeiem
898 3885 1033 3947 efficitur
1053 3886 1203 3949 Sarbnro.
1245 3904 1384 3967 eamque

185 3963 500 4059 plsstltrannsmessset
522 3965 700 4049 Nymphion
729 3990 882 4041 amnem„
899 3968 938 4030 ad
957 3969 1151 4051 Euphratem
1170 3969 1328 4051 pervenit,
1349 3969 1382 4028 in

286 4046 400 4188 petbus
422 4054 490 4111 erat
510 4070 588 4130 pons
604 4070 696 4113 nexus
714 4072 749 4113 er
764 4053 892 4114 funibus
909 4052 999 4114 simul
1013 4063 1047 4116 et
1068 4053 1208 4115 navibus.
1250 4061 1283 4113 at
1304 4071 1383 4111 vero

308 4128 438 4191 arharus
463 4132 618 4196 dissolutis
637 4134 762 4197 funibus
783 4138 888 4218 pontis
906 4136 947 4198 ab
970 4137 1069 4198 altera
1097 4137 1167 4219 ripa
1197 4136 1227 4197 in
1252 4134 1384 4197 alteram

286 4218 390 4277 tatum
405 4216 564 4281 transtulit
584 4226 724 4303 mntem.
749 4240 886 4309 cumque
904 4220 1079 4305 imperator
1101 4221 1233 4283 venisset
1250 4240 1310 4283 nee
1324 4240 1387 4283 ra·
