<?xml version="1.0" encoding="UTF-8"?>
<!DOCTYPE html PUBLIC "-//W3C//DTD XHTML 1.0 Transitional//EN"
    "http://www.w3.org/TR/xhtml1/DTD/xhtml1-transitional.dtd">
<html xmlns="http://www.w3.org/1999/xhtml" xml:lang="en" lang="en">
 <head>
  <title>
</title>
<meta http-equiv="Content-Type" content="text/html;charset=utf-8" />
  <meta name='ocr-system' content='tesseract 3.04.00' />
  <meta name='ocr-capabilities' content='ocr_page ocr_carea ocr_par ocr_line ocrx_word'/>
</head>
<body>
  <div class='ocr_page' id='page_1' title='image "./corpusscriptoru34theogoog_0480.png"; bbox 0 0 3050 4900; ppageno 0'>
   <div class='ocr_carea' id='block_1_1' title="bbox 615 340 1237 416">
    <p class='ocr_par' dir='ltr' id='par_1_1' title="bbox 615 340 1237 416">
     <span class='ocr_line' id='line_1_1' title="bbox 615 340 1237 416; baseline 0.013 -9"><span class='ocrx_word' id='word_1_1' title='bbox 615 348 763 409; x_wconf 75' lang='lat' dir='ltr'><strong>notan.</strong></span> <span class='ocrx_word' id='word_1_2' title='bbox 1165 340 1237 416; x_wconf 72' lang='lat'><strong>471</strong></span> 
     </span>
    </p>
   </div>
   <div class='ocr_carea' id='block_1_2' title="bbox 144 514 1242 1191">
    <p class='ocr_par' dir='ltr' id='par_1_2' title="bbox 144 514 1242 1191">
     <span class='ocr_line' id='line_1_2' title="bbox 144 514 1235 609; baseline 0.005 -29"><span class='ocrx_word' id='word_1_3' title='bbox 144 524 282 580; x_wconf 88' lang='lat' dir='ltr'><strong>monatta</strong></span> <span class='ocrx_word' id='word_1_4' title='bbox 304 514 357 578; x_wconf 91' lang='lat' dir='ltr'><strong>lib.</strong></span> <span class='ocrx_word' id='word_1_5' title='bbox 378 515 398 577; x_wconf 83' lang='grc'>3</span> <span class='ocrx_word' id='word_1_6' title='bbox 420 540 487 600; x_wconf 86' lang='lat' dir='ltr'><strong>cap.</strong></span> <span class='ocrx_word' id='word_1_7' title='bbox 509 518 548 609; x_wconf 74' lang='grc'><strong>11,</strong></span> <span class='ocrx_word' id='word_1_8' title='bbox 571 522 715 583; x_wconf 83' lang='lat' dir='ltr'><strong>blauricii</strong></span> <span class='ocrx_word' id='word_1_9' title='bbox 739 544 837 584; x_wconf 89' lang='lat' dir='ltr'><strong>annus</strong></span> <span class='ocrx_word' id='word_1_10' title='bbox 859 525 1055 604; x_wconf 79' lang='lat' dir='ltr'><strong>volvebatur,</strong></span> <span class='ocrx_word' id='word_1_11' title='bbox 1077 548 1149 589; x_wconf 90' lang='lat' dir='ltr'><strong>cum</strong></span> <span class='ocrx_word' id='word_1_12' title='bbox 1173 530 1235 589; x_wconf 87' lang='lat' dir='ltr'><strong>Ba.</strong></span> 
     </span>
     <span class='ocr_line' id='line_1_3' title="bbox 147 601 1240 689; baseline 0.004 -26"><span class='ocrx_word' id='word_1_13' title='bbox 147 624 214 663; x_wconf 87' lang='lat' dir='ltr'><strong>ram</strong></span> <span class='ocrx_word' id='word_1_14' title='bbox 235 601 405 663; x_wconf 79' lang='lat' dir='ltr'>Persarum</span> <span class='ocrx_word' id='word_1_15' title='bbox 435 601 496 663; x_wconf 84' lang='lat' dir='ltr'><strong>dux</strong></span> <span class='ocrx_word' id='word_1_16' title='bbox 518 602 556 665; x_wconf 84' lang='lat' dir='ltr'><strong>ab</strong></span> <span class='ocrx_word' id='word_1_17' title='bbox 581 605 724 666; x_wconf 86' lang='lat' dir='ltr'><strong>Ormisda</strong></span> <span class='ocrx_word' id='word_1_18' title='bbox 747 628 820 689; x_wconf 83' lang='lat' dir='ltr'><strong>rego</strong></span> <span class='ocrx_word' id='word_1_19' title='bbox 839 618 951 669; x_wconf 89' lang='lat' dir='ltr'><strong>contra</strong></span> <span class='ocrx_word' id='word_1_20' title='bbox 970 610 1116 671; x_wconf 89' lang='lat' dir='ltr'><strong>Snaniam</strong></span> <span class='ocrx_word' id='word_1_21' title='bbox 1138 613 1240 673; x_wconf 91' lang='lat' dir='ltr'><strong>mitti.</strong></span> 
     </span>
     <span class='ocr_line' id='line_1_4' title="bbox 147 686 1242 776; baseline 0.008 -29"><span class='ocrx_word' id='word_1_22' title='bbox 147 698 216 747; x_wconf 88' lang='lat' dir='ltr'><strong>tur:</strong></span> <span class='ocrx_word' id='word_1_23' title='bbox 247 706 356 747; x_wconf 82' lang='lat' dir='ltr'><strong>verum</strong></span> <span class='ocrx_word' id='word_1_24' title='bbox 388 704 451 745; x_wconf 92' lang='lat' dir='ltr'><strong>non</strong></span> <span class='ocrx_word' id='word_1_25' title='bbox 483 686 521 747; x_wconf 89' lang='lat' dir='ltr'><strong>ab</strong></span> <span class='ocrx_word' id='word_1_26' title='bbox 552 688 773 769; x_wconf 89' lang='lat' dir='ltr'><strong>imperatoria,</strong></span> <span class='ocrx_word' id='word_1_27' title='bbox 802 691 856 752; x_wconf 91' lang='lat' dir='ltr'><strong>sed</strong></span> <span class='ocrx_word' id='word_1_28' title='bbox 883 714 902 753; x_wconf 90' lang='lat' dir='ltr'><strong>a</strong></span> <span class='ocrx_word' id='word_1_29' title='bbox 931 712 1073 755; x_wconf 84' lang='lat' dir='ltr'><strong>caesarea</strong></span> <span class='ocrx_word' id='word_1_30' title='bbox 1091 693 1242 776; x_wconf 77' lang='lat' dir='ltr'><strong>dignitate</strong></span> 
     </span>
     <span class='ocr_line' id='line_1_5' title="bbox 147 767 1242 840; baseline 0.007 -9"><span class='ocrx_word' id='word_1_31' title='bbox 147 768 304 831; x_wconf 81' lang='lat' dir='ltr'><strong>Mauricio</strong></span> <span class='ocrx_word' id='word_1_32' title='bbox 333 767 443 831; x_wconf 85' lang='lat' dir='ltr'><strong>collata</strong></span> <span class='ocrx_word' id='word_1_33' title='bbox 465 769 529 831; x_wconf 88' lang='lat' dir='ltr'><strong>eius</strong></span> <span class='ocrx_word' id='word_1_34' title='bbox 549 792 644 833; x_wconf 89' lang='lat' dir='ltr'><strong>annos</strong></span> <span class='ocrx_word' id='word_1_35' title='bbox 668 773 872 835; x_wconf 86' lang='lat' dir='ltr'><strong>Simocattam</strong></span> <span class='ocrx_word' id='word_1_36' title='bbox 901 796 1066 839; x_wconf 89' lang='lat' dir='ltr'><strong>numerare</strong></span> <span class='ocrx_word' id='word_1_37' title='bbox 1085 799 1242 840; x_wconf 78' lang='lat' dir='ltr'>necessum</span> 
     </span>
     <span class='ocr_line' id='line_1_6' title="bbox 145 850 1241 939; baseline 0.009 -28"><span class='ocrx_word' id='word_1_38' title='bbox 145 852 280 913; x_wconf 83' lang='lat' dir='ltr'><strong>videtur.</strong></span> <span class='ocrx_word' id='word_1_39' title='bbox 324 850 518 935; x_wconf 86' lang='lat' dir='ltr'><strong>reliquorum</strong></span> <span class='ocrx_word' id='word_1_40' title='bbox 548 875 649 936; x_wconf 91' lang='lat' dir='ltr'><strong>porro</strong></span> <span class='ocrx_word' id='word_1_41' title='bbox 680 856 864 939; x_wconf 75' lang='lat' dir='ltr'><strong>Hormisdae</strong></span> <span class='ocrx_word' id='word_1_42' title='bbox 888 870 1046 939; x_wconf 82' lang='lat' dir='ltr'><strong>gestorum</strong></span> <span class='ocrx_word' id='word_1_43' title='bbox 1079 861 1241 923; x_wconf 88' lang='lat' dir='ltr'><strong>narratio-</strong></span> 
     </span>
     <span class='ocr_line' id='line_1_7' title="bbox 145 938 1241 1022; baseline 0.01 -27"><span class='ocrx_word' id='word_1_44' title='bbox 145 956 226 1011; x_wconf 86' lang='lat' dir='ltr'><strong>nem,</strong></span> <span class='ocrx_word' id='word_1_45' title='bbox 248 956 283 997; x_wconf 85' lang='lat' dir='ltr'><strong>ex</strong></span> <span class='ocrx_word' id='word_1_46' title='bbox 305 957 366 1018; x_wconf 90' lang='lat' dir='ltr'><strong>qua</strong></span> <span class='ocrx_word' id='word_1_47' title='bbox 396 957 540 1017; x_wconf 86' lang='lat' dir='ltr'><strong>praeseus</strong></span> <span class='ocrx_word' id='word_1_48' title='bbox 571 939 708 1019; x_wconf 87' lang='lat' dir='ltr'><strong>epitome</strong></span> <span class='ocrx_word' id='word_1_49' title='bbox 736 938 933 1022; x_wconf 88' lang='lat' dir='ltr'><strong>deprompta,</strong></span> <span class='ocrx_word' id='word_1_50' title='bbox 968 943 1045 1005; x_wconf 84' lang='lat' dir='ltr'><strong>texit</strong></span> <span class='ocrx_word' id='word_1_51' title='bbox 1068 944 1241 1007; x_wconf 75' lang='lat' dir='ltr'><strong>simocatta</strong></span> 
     </span>
     <span class='ocr_line' id='line_1_8' title="bbox 148 1016 1240 1111; baseline 0.005 -32"><span class='ocrx_word' id='word_1_52' title='bbox 148 1018 201 1081; x_wconf 92' lang='lat' dir='ltr'><strong>lib.</strong></span> <span class='ocrx_word' id='word_1_53' title='bbox 222 1018 242 1079; x_wconf 84' lang='lat'>3</span> <span class='ocrx_word' id='word_1_54' title='bbox 264 1040 354 1100; x_wconf 87' lang='lat' dir='ltr'><strong>capp.</strong></span> <span class='ocrx_word' id='word_1_55' title='bbox 374 1016 393 1079; x_wconf 85' lang='lat'><strong>6</strong></span> <span class='ocrx_word' id='word_1_56' title='bbox 414 1018 433 1081; x_wconf 83' lang='lat'><strong>7</strong></span> <span class='ocrx_word' id='word_1_57' title='bbox 455 1019 520 1082; x_wconf 71' lang='grc' dir='ltr'><strong>δαὶ</strong></span> <span class='ocrx_word' id='word_1_58' title='bbox 549 1022 668 1081; x_wconf 87' lang='lat' dir='ltr'><strong>ultimo.</strong></span> <span class='ocrx_word' id='word_1_59' title='bbox 688 1022 824 1106; x_wconf 88' lang='lat' dir='ltr'><strong>totisque</strong></span> <span class='ocrx_word' id='word_1_60' title='bbox 844 1024 1012 1087; x_wconf 84' lang='lat' dir='ltr'><strong>duodecim</strong></span> <span class='ocrx_word' id='word_1_61' title='bbox 1032 1026 1086 1088; x_wconf 90' lang='lat' dir='ltr'><strong>lib.</strong></span> <span class='ocrx_word' id='word_1_62' title='bbox 1106 1027 1128 1089; x_wconf 81' lang='lat'>4</span> <span class='ocrx_word' id='word_1_63' title='bbox 1149 1030 1240 1111; x_wconf 88' lang='lat' dir='ltr'><strong>prio.</strong></span> 
     </span>
     <span class='ocr_line' id='line_1_9' title="bbox 147 1102 924 1191; baseline 0.006 -27"><span class='ocrx_word' id='word_1_64' title='bbox 147 1103 233 1165; x_wconf 87' lang='lat' dir='ltr'><strong>ribus</strong></span> <span class='ocrx_word' id='word_1_65' title='bbox 256 1102 417 1183; x_wconf 82' lang='lat' dir='ltr'><strong>capitibus.</strong></span> <span class='ocrx_word' id='word_1_66' title='bbox 440 1102 593 1187; x_wconf 83' lang='lat' dir='ltr'><strong>Euagrius</strong></span> <span class='ocrx_word' id='word_1_67' title='bbox 615 1104 669 1165; x_wconf 92' lang='lat' dir='ltr'><strong>lib.</strong></span> <span class='ocrx_word' id='word_1_68' title='bbox 692 1108 746 1167; x_wconf 90' lang='lat' dir='ltr'><strong>ult.</strong></span> <span class='ocrx_word' id='word_1_69' title='bbox 779 1128 848 1191; x_wconf 84' lang='lat' dir='ltr'><strong>cap.</strong></span> <span class='ocrx_word' id='word_1_70' title='bbox 874 1112 924 1177; x_wconf 84' lang='lat'><strong>15.</strong></span> 
     </span>
    </p>
   </div>
   <div class='ocr_carea' id='block_1_3' title="bbox 244 1206 1241 1402">
    <p class='ocr_par' dir='ltr' id='par_1_3' title="bbox 244 1206 1241 1402">
     <span class='ocr_line' id='line_1_10' title="bbox 247 1206 849 1296; baseline 0.007 -25"><span class='ocrx_word' id='word_1_71' title='bbox 247 1207 395 1288; x_wconf 77' lang='lat'><strong>406,·13·</strong></span> <span class='ocrx_word' id='word_1_72' title='bbox 438 1206 629 1293; x_wconf 74' lang='grc' dir='ltr'><strong><em>Φερογᾶνηα]</em></strong></span> <span class='ocrx_word' id='word_1_73' title='bbox 655 1207 849 1296; x_wconf 59' lang='lat' dir='ltr'><strong>dispolim.</strong></span> 
     </span>
     <span class='ocr_line' id='line_1_11' title="bbox 244 1312 1241 1402; baseline 0.009 -21"><span class='ocrx_word' id='word_1_74' title='bbox 244 1312 316 1400; x_wconf 73' lang='lat'><strong>407,</strong></span> <span class='ocrx_word' id='word_1_75' title='bbox 327 1319 356 1381; x_wconf 89' lang='grc'><strong>5.</strong></span> <span class='ocrx_word' id='word_1_76' title='bbox 398 1318 539 1395; x_wconf 78' lang='lat' dir='ltr'><strong>Beatltiv]</strong></span> <span class='ocrx_word' id='word_1_77' title='bbox 566 1321 734 1383; x_wconf 80' lang='lat' dir='ltr'><strong>simocatta</strong></span> <span class='ocrx_word' id='word_1_78' title='bbox 751 1315 891 1402; x_wconf 74' lang='lat' dir='ltr'><strong>Bsardu.</strong></span> <span class='ocrx_word' id='word_1_79' title='bbox 912 1323 1084 1401; x_wconf 71' lang='lat' dir='ltr'><strong>Anastasius</strong></span> <span class='ocrx_word' id='word_1_80' title='bbox 1104 1324 1241 1389; x_wconf 83' lang='lat' dir='ltr'><strong>Beatam.</strong></span> 
     </span>
    </p>
   </div>
   <div class='ocr_carea' id='block_1_4' title="bbox 145 1420 1318 2011">
    <p class='ocr_par' dir='ltr' id='par_1_4' title="bbox 145 1420 1318 2011">
     <span class='ocr_line' id='line_1_12' title="bbox 244 1420 1241 1513; baseline 0.008 -27"><span class='ocrx_word' id='word_1_81' title='bbox 244 1422 317 1503; x_wconf 77' lang='lat'><strong>409,</strong></span> <span class='ocrx_word' id='word_1_82' title='bbox 340 1424 390 1488; x_wconf 72' lang='lat'><strong>20.</strong></span> <span class='ocrx_word' id='word_1_83' title='bbox 433 1425 607 1503; x_wconf 72' lang='grc' dir='ltr'><strong><em>κατέδειξεν</em></strong></span> <span class='ocrx_word' id='word_1_84' title='bbox 630 1420 648 1487; x_wconf 82' lang='lat' dir='ltr'><strong>i</strong></span> <span class='ocrx_word' id='word_1_85' title='bbox 668 1424 820 1506; x_wconf 72' lang='grc' dir='ltr'><strong><em>βασιλεύς</em></strong></span> <span class='ocrx_word' id='word_1_86' title='bbox 848 1430 1043 1511; x_wconf 76' lang='lat' dir='ltr'><strong>Mavpt&#39;suoc]</strong></span> <span class='ocrx_word' id='word_1_87' title='bbox 1066 1432 1241 1513; x_wconf 88' lang='lat' dir='ltr'><strong>processio·</strong></span> 
     </span>
     <span class='ocr_line' id='line_1_13' title="bbox 147 1508 1240 1597; baseline 0.007 -28"><span class='ocrx_word' id='word_1_88' title='bbox 147 1508 193 1569; x_wconf 87' lang='lat' dir='ltr'><strong>nis</strong></span> <span class='ocrx_word' id='word_1_89' title='bbox 214 1530 250 1569; x_wconf 87' lang='lat' dir='ltr'><strong>ac</strong></span> <span class='ocrx_word' id='word_1_90' title='bbox 266 1530 396 1591; x_wconf 88' lang='lat' dir='ltr'><strong>precum</strong></span> <span class='ocrx_word' id='word_1_91' title='bbox 413 1508 451 1569; x_wconf 87' lang='lat' dir='ltr'><strong>ad</strong></span> <span class='ocrx_word' id='word_1_92' title='bbox 470 1510 655 1571; x_wconf 88' lang='lat' dir='ltr'><strong>Blachernas</strong></span> <span class='ocrx_word' id='word_1_93' title='bbox 677 1512 851 1573; x_wconf 86' lang='lat' dir='ltr'><strong>institutum</strong></span> <span class='ocrx_word' id='word_1_94' title='bbox 871 1512 902 1573; x_wconf 92' lang='lat' dir='ltr'><strong>in</strong></span> <span class='ocrx_word' id='word_1_95' title='bbox 923 1524 1102 1597; x_wconf 82' lang='lat' dir='ltr'><strong>sequentem</strong></span> <span class='ocrx_word' id='word_1_96' title='bbox 1124 1537 1240 1577; x_wconf 91' lang='lat' dir='ltr'><strong>annum</strong></span> 
     </span>
     <span class='ocr_line' id='line_1_14' title="bbox 148 1591 1240 1676; baseline 0.007 -25"><span class='ocrx_word' id='word_1_97' title='bbox 148 1591 381 1673; x_wconf 85' lang='lat' dir='ltr'><strong>deportandum</strong></span> <span class='ocrx_word' id='word_1_98' title='bbox 402 1614 497 1668; x_wconf 87' lang='lat' dir='ltr'><strong>reor,</strong></span> <span class='ocrx_word' id='word_1_99' title='bbox 531 1614 594 1675; x_wconf 71' lang='lat' dir='ltr'><strong>spuo</strong></span> <span class='ocrx_word' id='word_1_100' title='bbox 619 1596 744 1656; x_wconf 74' lang='lat' dir='ltr'><strong>llius-iae</strong></span> <span class='ocrx_word' id='word_1_101' title='bbox 769 1597 905 1669; x_wconf 88' lang='lat' dir='ltr'><strong>nomine,</strong></span> <span class='ocrx_word' id='word_1_102' title='bbox 929 1597 1007 1676; x_wconf 89' lang='lat' dir='ltr'><strong>(non</strong></span> <span class='ocrx_word' id='word_1_103' title='bbox 1030 1592 1166 1675; x_wconf 67' lang='lat' dir='ltr'><strong>arigalica</strong></span> <span class='ocrx_word' id='word_1_104' title='bbox 1186 1620 1240 1659; x_wconf 82' lang='lat' dir='ltr'><strong>sa.</strong></span> 
     </span>
     <span class='ocr_line' id='line_1_15' title="bbox 145 1675 1238 1763; baseline 0.011 -28"><span class='ocrx_word' id='word_1_105' title='bbox 145 1675 304 1752; x_wconf 73' lang='lat' dir='ltr'><strong>laetatione,</strong></span> <span class='ocrx_word' id='word_1_106' title='bbox 324 1686 360 1737; x_wconf 85' lang='lat' dir='ltr'><strong>nt</strong></span> <span class='ocrx_word' id='word_1_107' title='bbox 380 1677 448 1735; x_wconf 86' lang='lat' dir='ltr'><strong>vult</strong></span> <span class='ocrx_word' id='word_1_108' title='bbox 461 1676 649 1739; x_wconf 87' lang='lat' dir='ltr'><strong>Simocattao</strong></span> <span class='ocrx_word' id='word_1_109' title='bbox 673 1678 963 1759; x_wconf 81' lang='lat' dir='ltr'><strong>interpresLatinus</strong></span> <span class='ocrx_word' id='word_1_110' title='bbox 984 1680 1074 1742; x_wconf 75' lang='lat' dir='ltr'><strong>libb</strong></span> <span class='ocrx_word' id='word_1_111' title='bbox 1096 1688 1164 1763; x_wconf 85' lang='lat' dir='ltr'><strong>cap.</strong></span> <span class='ocrx_word' id='word_1_112' title='bbox 1183 1684 1238 1761; x_wconf 89' lang='grc'><strong>10)</strong></span> 
     </span>
     <span class='ocr_line' id='line_1_16' title="bbox 146 1758 1239 1847; baseline 0.005 -27"><span class='ocrx_word' id='word_1_113' title='bbox 146 1758 252 1820; x_wconf 83' lang='lat' dir='ltr'><strong>Persas</strong></span> <span class='ocrx_word' id='word_1_114' title='bbox 263 1761 345 1821; x_wconf 89' lang='lat' dir='ltr'><strong>inter</strong></span> <span class='ocrx_word' id='word_1_115' title='bbox 358 1770 389 1821; x_wconf 89' lang='lat' dir='ltr'><strong>et</strong></span> <span class='ocrx_word' id='word_1_116' title='bbox 407 1761 562 1821; x_wconf 86' lang='lat' dir='ltr'><strong>Romanos</strong></span> <span class='ocrx_word' id='word_1_117' title='bbox 580 1760 652 1822; x_wconf 91' lang='lat' dir='ltr'><strong>belli</strong></span> <span class='ocrx_word' id='word_1_118' title='bbox 666 1764 765 1821; x_wconf 86' lang='lat' dir='ltr'><strong>socios</strong></span> <span class='ocrx_word' id='word_1_119' title='bbox 779 1762 809 1823; x_wconf 89' lang='lat' dir='ltr'><strong>in</strong></span> <span class='ocrx_word' id='word_1_120' title='bbox 823 1782 929 1847; x_wconf 83' lang='lat' dir='ltr'><strong>pugna</strong></span> <span class='ocrx_word' id='word_1_121' title='bbox 948 1774 1060 1825; x_wconf 86' lang='lat' dir='ltr'><strong>contra</strong></span> <span class='ocrx_word' id='word_1_122' title='bbox 1073 1765 1239 1825; x_wconf 80' lang='lat' dir='ltr'><strong>Raramum</strong></span> 
     </span>
     <span class='ocr_line' id='line_1_17' title="bbox 147 1842 1318 1927; baseline 0.006 -26"><span class='ocrx_word' id='word_1_123' title='bbox 147 1842 178 1902; x_wconf 92' lang='lat' dir='ltr'><strong>in</strong></span> <span class='ocrx_word' id='word_1_124' title='bbox 200 1850 343 1904; x_wconf 82' lang='lat' dir='ltr'><strong>tesseram</strong></span> <span class='ocrx_word' id='word_1_125' title='bbox 365 1842 459 1919; x_wconf 89' lang='lat' dir='ltr'><strong>dato,</strong></span> <span class='ocrx_word' id='word_1_126' title='bbox 481 1842 633 1905; x_wconf 89' lang='lat' dir='ltr'><strong>Cbosroes</strong></span> <span class='ocrx_word' id='word_1_127' title='bbox 661 1845 816 1907; x_wconf 78' lang='lat' dir='ltr'><strong>celebrem</strong></span> <span class='ocrx_word' id='word_1_128' title='bbox 848 1846 986 1907; x_wconf 89' lang='lat' dir='ltr'><strong>obtinuit</strong></span> <span class='ocrx_word' id='word_1_129' title='bbox 1011 1848 1186 1927; x_wconf 85' lang='lat' dir='ltr'><strong>victoriam,</strong></span> <span class='ocrx_word' id='word_1_130' title='bbox 1207 1856 1240 1910; x_wconf 94' lang='lat' dir='ltr'><strong>et</strong></span> <span class='ocrx_word' id='word_1_131' title='bbox 1291 1845 1318 1869; x_wconf 82' lang='grc'><strong>’“</strong></span> 
     </span>
     <span class='ocr_line' id='line_1_18' title="bbox 147 1924 689 2011; baseline 0.004 -24"><span class='ocrx_word' id='word_1_132' title='bbox 147 1924 306 1989; x_wconf 87' lang='lat' dir='ltr'><strong>Persicum</strong></span> <span class='ocrx_word' id='word_1_133' title='bbox 329 1932 459 2011; x_wconf 80' lang='lat' dir='ltr'><strong>regnum</strong></span> <span class='ocrx_word' id='word_1_134' title='bbox 481 1926 610 2011; x_wconf 86' lang='lat' dir='ltr'><strong>adeptus</strong></span> <span class='ocrx_word' id='word_1_135' title='bbox 634 1935 689 1989; x_wconf 86' lang='lat' dir='ltr'><strong>est.</strong></span> 
     </span>
    </p>
   </div>
   <div class='ocr_carea' id='block_1_5' title="bbox 138 2030 1301 3114">
    <p class='ocr_par' dir='ltr' id='par_1_5' title="bbox 138 2030 1301 3114">
     <span class='ocr_line' id='line_1_19' title="bbox 244 2030 1301 2120; baseline 0.007 -25"><span class='ocrx_word' id='word_1_136' title='bbox 244 2034 318 2110; x_wconf 84' lang='grc'><strong>410,</strong></span> <span class='ocrx_word' id='word_1_137' title='bbox 344 2034 372 2095; x_wconf 76' lang='lat'><strong>9.</strong></span> <span class='ocrx_word' id='word_1_138' title='bbox 424 2030 611 2117; x_wconf 74' lang='grc' dir='ltr'><strong>πανήγυριν]</strong></span> <span class='ocrx_word' id='word_1_139' title='bbox 648 2036 775 2098; x_wconf 88' lang='lat' dir='ltr'><strong>festinus</strong></span> <span class='ocrx_word' id='word_1_140' title='bbox 801 2057 838 2098; x_wconf 91' lang='lat' dir='ltr'><strong>ac</strong></span> <span class='ocrx_word' id='word_1_141' title='bbox 870 2037 1014 2120; x_wconf 84' lang='lat' dir='ltr'><strong>frequens</strong></span> <span class='ocrx_word' id='word_1_142' title='bbox 1045 2038 1240 2102; x_wconf 83' lang='lat' dir='ltr'><strong>Christianae</strong></span> <span class='ocrx_word' id='word_1_143' title='bbox 1292 2061 1301 2073; x_wconf 88' lang='grc'><em>’</em></span> 
     </span>
     <span class='ocr_line' id='line_1_20' title="bbox 146 2116 1240 2204; baseline 0 -25"><span class='ocrx_word' id='word_1_144' title='bbox 146 2117 244 2202; x_wconf 88' lang='lat' dir='ltr'><strong>plebis</strong></span> <span class='ocrx_word' id='word_1_145' title='bbox 266 2118 305 2181; x_wconf 87' lang='lat' dir='ltr'><strong>ud</strong></span> <span class='ocrx_word' id='word_1_146' title='bbox 330 2116 493 2194; x_wconf 77' lang='lat' dir='ltr'><strong>ecclesiam</strong></span> <span class='ocrx_word' id='word_1_147' title='bbox 511 2126 628 2196; x_wconf 84' lang='lat' dir='ltr'><strong>coetus,</strong></span> <span class='ocrx_word' id='word_1_148' title='bbox 650 2140 713 2203; x_wconf 87' lang='lat' dir='ltr'><strong>quo</strong></span> <span class='ocrx_word' id='word_1_149' title='bbox 739 2120 807 2197; x_wconf 89' lang='lat' dir='ltr'><strong>dci,</strong></span> <span class='ocrx_word' id='word_1_150' title='bbox 828 2121 863 2185; x_wconf 81' lang='lat' dir='ltr'><strong>B.</strong></span> <span class='ocrx_word' id='word_1_151' title='bbox 884 2120 1022 2204; x_wconf 78' lang='lat' dir='ltr'><strong>virginis,</strong></span> <span class='ocrx_word' id='word_1_152' title='bbox 1044 2132 1099 2183; x_wconf 89' lang='lat' dir='ltr'><strong>ant</strong></span> <span class='ocrx_word' id='word_1_153' title='bbox 1120 2131 1240 2202; x_wconf 86' lang='lat' dir='ltr'><strong>marty.</strong></span> 
     </span>
     <span class='ocr_line' id='line_1_21' title="bbox 148 2200 1241 2286; baseline 0.003 -24"><span class='ocrx_word' id='word_1_154' title='bbox 148 2222 219 2262; x_wconf 87' lang='lat' dir='ltr'><strong>rum</strong></span> <span class='ocrx_word' id='word_1_155' title='bbox 242 2200 346 2262; x_wconf 90' lang='lat' dir='ltr'><strong>landes</strong></span> <span class='ocrx_word' id='word_1_156' title='bbox 377 2202 519 2279; x_wconf 84' lang='lat' dir='ltr'><strong>canticis,</strong></span> <span class='ocrx_word' id='word_1_157' title='bbox 548 2204 726 2264; x_wconf 90' lang='lat' dir='ltr'><strong>orationum</strong></span> <span class='ocrx_word' id='word_1_158' title='bbox 755 2225 773 2265; x_wconf 92' lang='lat' dir='ltr'><strong>e</strong></span> <span class='ocrx_word' id='word_1_159' title='bbox 804 2214 947 2285; x_wconf 81' lang='lat' dir='ltr'><strong>suggestu</strong></span> <span class='ocrx_word' id='word_1_160' title='bbox 966 2206 1241 2286; x_wconf 84' lang='lat' dir='ltr'><strong>pronuntiatarum</strong></span> 
     </span>
     <span class='ocr_line' id='line_1_22' title="bbox 145 2284 1241 2367; baseline 0.004 -22"><span class='ocrx_word' id='word_1_161' title='bbox 145 2284 347 2361; x_wconf 78' lang='lat' dir='ltr'><strong>sermonibus,</strong></span> <span class='ocrx_word' id='word_1_162' title='bbox 369 2295 484 2347; x_wconf 88' lang='lat' dir='ltr'><strong>ornatu</strong></span> <span class='ocrx_word' id='word_1_163' title='bbox 504 2286 610 2367; x_wconf 89' lang='lat' dir='ltr'><strong>templi</strong></span> <span class='ocrx_word' id='word_1_164' title='bbox 626 2287 713 2345; x_wconf 88' lang='lat' dir='ltr'><strong>vario</strong></span> <span class='ocrx_word' id='word_1_165' title='bbox 739 2286 941 2366; x_wconf 79' lang='lat' dir='ltr'><strong>explicantur,</strong></span> <span class='ocrx_word' id='word_1_166' title='bbox 963 2298 1008 2349; x_wconf 89' lang='lat' dir='ltr'><strong>est</strong></span> <span class='ocrx_word' id='word_1_167' title='bbox 1030 2290 1123 2349; x_wconf 88' lang='lat' dir='ltr'><strong>etiam</strong></span> <span class='ocrx_word' id='word_1_168' title='bbox 1147 2288 1241 2349; x_wconf 88' lang='lat' dir='ltr'><strong>hodie</strong></span> 
     </span>
     <span class='ocr_line' id='line_1_23' title="bbox 146 2362 1241 2451; baseline -0.003 -22"><span class='ocrx_word' id='word_1_169' title='bbox 146 2368 273 2430; x_wconf 83' lang='lat' dir='ltr'><strong>Graecis</strong></span> <span class='ocrx_word' id='word_1_170' title='bbox 294 2362 478 2448; x_wconf 76' lang='grc' dir='ltr'><strong><em>πανήγυρις.</em></strong></span> <span class='ocrx_word' id='word_1_171' title='bbox 521 2369 691 2431; x_wconf 90' lang='lat' dir='ltr'><strong>Simocatta</strong></span> <span class='ocrx_word' id='word_1_172' title='bbox 716 2370 766 2431; x_wconf 91' lang='lat' dir='ltr'><strong>lib.</strong></span> <span class='ocrx_word' id='word_1_173' title='bbox 780 2368 802 2429; x_wconf 84' lang='grc'><strong>4</strong></span> <span class='ocrx_word' id='word_1_174' title='bbox 816 2390 884 2449; x_wconf 84' lang='lat' dir='ltr'><strong>cap.</strong></span> <span class='ocrx_word' id='word_1_175' title='bbox 906 2376 945 2437; x_wconf 79' lang='lat'><strong>15</strong></span> <span class='ocrx_word' id='word_1_176' title='bbox 967 2382 1114 2432; x_wconf 79' lang='lat' dir='ltr'><strong>exeunte:</strong></span> <span class='ocrx_word' id='word_1_177' title='bbox 1139 2368 1241 2451; x_wconf 71' lang='lat' dir='ltr'><strong>aurai..</strong></span> 
     </span>
     <span class='ocr_line' id='line_1_24' title="bbox 138 2446 1241 2536; baseline 0.002 -24"><span class='ocrx_word' id='word_1_178' title='bbox 138 2467 238 2530; x_wconf 77' lang='grc' dir='ltr'><strong><em>’γυριν</em></strong></span> <span class='ocrx_word' id='word_1_179' title='bbox 257 2457 319 2522; x_wconf 84' lang='grc' dir='ltr'><strong><em>ταῖς</em></strong></span> <span class='ocrx_word' id='word_1_180' title='bbox 352 2453 539 2524; x_wconf 76' lang='grc' dir='ltr'><strong><em>καλλινίκοις</em></strong></span> <span class='ocrx_word' id='word_1_181' title='bbox 568 2448 797 2534; x_wconf 80' lang='grc' dir='ltr'><strong>συστησάμενας</strong></span> <span class='ocrx_word' id='word_1_182' title='bbox 825 2446 1000 2536; x_wconf 74' lang='grc' dir='ltr'><strong><em>μάρτυσιν,</em></strong></span> <span class='ocrx_word' id='word_1_183' title='bbox 1021 2454 1076 2514; x_wconf 81' lang='lat' dir='ltr'><strong>iai</strong></span> <span class='ocrx_word' id='word_1_184' title='bbox 1096 2455 1160 2514; x_wconf 78' lang='grc' dir='ltr'><strong>τῶν</strong></span> <span class='ocrx_word' id='word_1_185' title='bbox 1179 2456 1241 2533; x_wconf 80' lang='grc' dir='ltr'><strong>βη-</strong></span> 
     </span>
     <span class='ocr_line' id='line_1_25' title="bbox 143 2527 1240 2620; baseline 0.002 -26"><span class='ocrx_word' id='word_1_186' title='bbox 143 2531 253 2610; x_wconf 80' lang='grc' dir='ltr'><em>μάτων</em></span> <span class='ocrx_word' id='word_1_187' title='bbox 274 2536 337 2597; x_wconf 77' lang='grc' dir='ltr'><strong>τῶν</strong></span> <span class='ocrx_word' id='word_1_188' title='bbox 350 2527 482 2617; x_wconf 66' lang='grc' dir='ltr'><strong><em>ὑψηλῶν</em></strong></span> <span class='ocrx_word' id='word_1_189' title='bbox 504 2535 560 2616; x_wconf 76' lang='grc' dir='ltr'><strong>τῆς</strong></span> <span class='ocrx_word' id='word_1_190' title='bbox 574 2537 738 2616; x_wconf 72' lang='grc' dir='ltr'><strong><em>ἐκκλησίας</em></strong></span> <span class='ocrx_word' id='word_1_191' title='bbox 758 2535 933 2617; x_wconf 77' lang='grc' dir='ltr'><em>γενόμενος,</em></span> <span class='ocrx_word' id='word_1_192' title='bbox 955 2536 1134 2612; x_wconf 55' lang='lat' dir='ltr'><strong>actussima</strong></span> <span class='ocrx_word' id='word_1_193' title='bbox 1150 2527 1240 2620; x_wconf 70' lang='grc' dir='ltr'><strong><em>ᾆσμα</em></strong></span> 
     </span>
     <span class='ocr_line' id='line_1_26' title="bbox 145 2611 1245 2702; baseline 0.001 -27"><span class='ocrx_word' id='word_1_194' title='bbox 145 2611 262 2699; x_wconf 76' lang='grc' dir='ltr'><strong><em>καινόν,</em></strong></span> <span class='ocrx_word' id='word_1_195' title='bbox 283 2618 327 2702; x_wconf 73' lang='grc' dir='ltr'><strong>τῷ</strong></span> <span class='ocrx_word' id='word_1_196' title='bbox 350 2619 483 2701; x_wconf 74' lang='grc' dir='ltr'><strong><em>Χριστῷ</em></strong></span> <span class='ocrx_word' id='word_1_197' title='bbox 503 2619 662 2698; x_wconf 72' lang='grc' dir='ltr'><strong><em>ἐπινίκιον,</em></strong></span> <span class='ocrx_word' id='word_1_198' title='bbox 691 2624 757 2690; x_wconf 78' lang='grc' dir='ltr'><strong><em>ταῖς</em></strong></span> <span class='ocrx_word' id='word_1_199' title='bbox 778 2615 840 2678; x_wconf 84' lang='lat' dir='ltr'><strong>uici</strong></span> <span class='ocrx_word' id='word_1_200' title='bbox 859 2619 917 2679; x_wconf 79' lang='lat' dir='ltr'><strong>rosi</strong></span> <span class='ocrx_word' id='word_1_201' title='bbox 937 2621 1245 2701; x_wconf 74' lang='grc' dir='ltr'><strong>αατεακλησιασθεά-Ι</strong></span> 
     </span>
     <span class='ocr_line' id='line_1_27' title="bbox 144 2695 1239 2787; baseline -0.002 -28"><span class='ocrx_word' id='word_1_202' title='bbox 144 2719 196 2770; x_wconf 76' lang='grc' dir='ltr'><strong>τος</strong></span> <span class='ocrx_word' id='word_1_203' title='bbox 216 2701 296 2761; x_wconf 76' lang='grc' dir='ltr'><strong><em>λαοῦ</em></strong></span> <span class='ocrx_word' id='word_1_204' title='bbox 315 2701 392 2762; x_wconf 76' lang='lat' dir='ltr'><strong>auda</strong></span> <span class='ocrx_word' id='word_1_205' title='bbox 413 2722 473 2761; x_wconf 86' lang='lat' dir='ltr'><strong>noo</strong></span> <span class='ocrx_word' id='word_1_206' title='bbox 502 2695 691 2782; x_wconf 72' lang='grc' dir='ltr'><strong><em>διηγόρευεν.</em></strong></span> <span class='ocrx_word' id='word_1_207' title='bbox 748 2702 932 2780; x_wconf 79' lang='lat' dir='ltr'><strong>martyribus</strong></span> <span class='ocrx_word' id='word_1_208' title='bbox 949 2702 1119 2787; x_wconf 83' lang='lat' dir='ltr'><strong>praeclaris</strong></span> <span class='ocrx_word' id='word_1_209' title='bbox 1140 2704 1239 2762; x_wconf 65' lang='lat' dir='ltr'><strong>evicto..</strong></span> 
     </span>
     <span class='ocr_line' id='line_1_28' title="bbox 144 2783 1240 2865; baseline -0.001 -23"><span class='ocrx_word' id='word_1_210' title='bbox 144 2783 225 2844; x_wconf 81' lang='lat' dir='ltr'><strong>ribus</strong></span> <span class='ocrx_word' id='word_1_211' title='bbox 245 2788 443 2865; x_wconf 77' lang='lat' dir='ltr'><strong>panegyrim,</strong></span> <span class='ocrx_word' id='word_1_212' title='bbox 465 2787 529 2846; x_wconf 84' lang='lat' dir='ltr'><strong>sive</strong></span> <span class='ocrx_word' id='word_1_213' title='bbox 550 2785 751 2848; x_wconf 79' lang='lat' dir='ltr'><strong>celebritatem</strong></span> <span class='ocrx_word' id='word_1_214' title='bbox 781 2787 947 2862; x_wconf 86' lang='lat' dir='ltr'><strong>instituens,</strong></span> <span class='ocrx_word' id='word_1_215' title='bbox 968 2808 985 2846; x_wconf 92' lang='lat' dir='ltr'><strong>e</strong></span> <span class='ocrx_word' id='word_1_216' title='bbox 1005 2785 1128 2845; x_wconf 78' lang='lat' dir='ltr'><strong>sublimi</strong></span> <span class='ocrx_word' id='word_1_217' title='bbox 1146 2787 1240 2844; x_wconf 87' lang='lat' dir='ltr'><strong>eccle.</strong></span> 
     </span>
     <span class='ocr_line' id='line_1_29' title="bbox 144 2867 1240 2949; baseline 0.001 -24"><span class='ocrx_word' id='word_1_218' title='bbox 144 2868 210 2928; x_wconf 86' lang='lat' dir='ltr'><strong>siae</strong></span> <span class='ocrx_word' id='word_1_219' title='bbox 230 2881 369 2949; x_wconf 78' lang='lat' dir='ltr'><strong>suggestu,</strong></span> <span class='ocrx_word' id='word_1_220' title='bbox 391 2869 435 2928; x_wconf 88' lang='lat' dir='ltr'><strong>ad</strong></span> <span class='ocrx_word' id='word_1_221' title='bbox 452 2867 669 2948; x_wconf 79' lang='lat' dir='ltr'><strong>grandandam</strong></span> <span class='ocrx_word' id='word_1_222' title='bbox 682 2869 797 2931; x_wconf 78' lang='lat' dir='ltr'><strong>Christo</strong></span> <span class='ocrx_word' id='word_1_223' title='bbox 816 2869 988 2945; x_wconf 85' lang='lat' dir='ltr'><strong>victoriam,</strong></span> <span class='ocrx_word' id='word_1_224' title='bbox 1010 2869 1164 2928; x_wconf 88' lang='lat' dir='ltr'><strong>canticum</strong></span> <span class='ocrx_word' id='word_1_225' title='bbox 1184 2889 1240 2928; x_wconf 91' lang='lat' dir='ltr'><strong>no-</strong></span> 
     </span>
     <span class='ocr_line' id='line_1_30' title="bbox 145 2951 1240 3050; baseline 0.002 -42"><span class='ocrx_word' id='word_1_226' title='bbox 145 2971 217 3009; x_wconf 79' lang='lat' dir='ltr'><strong>cum</strong></span> <span class='ocrx_word' id='word_1_227' title='bbox 238 2963 374 3026; x_wconf 83' lang='lat' dir='ltr'><strong>cantans,</strong></span> <span class='ocrx_word' id='word_1_228' title='bbox 404 2951 448 3012; x_wconf 85' lang='lat' dir='ltr'><strong>cd</strong></span> <span class='ocrx_word' id='word_1_229' title='bbox 461 2953 605 3034; x_wconf 80' lang='lat' dir='ltr'><strong>populum</strong></span> <span class='ocrx_word' id='word_1_230' title='bbox 637 2963 854 3050; x_wconf 60' lang='lat' dir='ltr'><strong>congregatum</strong></span> <span class='ocrx_word' id='word_1_231' title='bbox 876 2953 920 3011; x_wconf 89' lang='lat' dir='ltr'><strong>ita</strong></span> <span class='ocrx_word' id='word_1_232' title='bbox 942 2952 1092 3012; x_wconf 85' lang='lat' dir='ltr'><strong>disseruit.</strong></span> <span class='ocrx_word' id='word_1_233' title='bbox 1134 2951 1240 3032; x_wconf 89' lang='lat' dir='ltr'><strong>paucis</strong></span> 
     </span>
     <span class='ocr_line' id='line_1_31' title="bbox 146 3027 1240 3114; baseline 0.003 -22"><span class='ocrx_word' id='word_1_234' title='bbox 146 3042 258 3092; x_wconf 88' lang='lat' dir='ltr'><strong>auctor</strong></span> <span class='ocrx_word' id='word_1_235' title='bbox 280 3031 454 3106; x_wconf 69' lang='grc' dir='ltr'><strong><em>κατέδειξεν</em></strong></span> <span class='ocrx_word' id='word_1_236' title='bbox 489 3029 579 3113; x_wconf 72' lang='grc' dir='ltr'><strong><em>λιτὴν</em></strong></span> <span class='ocrx_word' id='word_1_237' title='bbox 609 3031 665 3093; x_wconf 84' lang='grc' dir='ltr'><strong><em>καί</em></strong></span> <span class='ocrx_word' id='word_1_238' title='bbox 695 3027 835 3112; x_wconf 75' lang='lat' dir='ltr'><strong>synodum</strong></span> <span class='ocrx_word' id='word_1_239' title='bbox 864 3033 1024 3112; x_wconf 75' lang='grc' dir='ltr'><strong><em>γενέσθαι.</em></strong></span> <span class='ocrx_word' id='word_1_240' title='bbox 1075 3034 1165 3094; x_wconf 88' lang='lat' dir='ltr'><strong>aliam</strong></span> <span class='ocrx_word' id='word_1_241' title='bbox 1186 3035 1240 3114; x_wconf 79' lang='grc' dir='ltr'><strong>τῆς</strong></span> 
     </span>
    </p>
   </div>
   <div class='ocr_carea' id='block_1_6' title="bbox 145 3109 910 3200">
    <p class='ocr_par' dir='ltr' id='par_1_6' title="bbox 145 3109 910 3200">
     <span class='ocr_line' id='line_1_32' title="bbox 145 3109 910 3200; baseline 0.012 -26"><span class='ocrx_word' id='word_1_242' title='bbox 145 3109 349 3196; x_wconf 72' lang='lat' dir='ltr'><strong>nuvvyaipease</strong></span> <span class='ocrx_word' id='word_1_243' title='bbox 372 3117 604 3200; x_wconf 76' lang='lat' dir='ltr'><strong>significantiam</strong></span> <span class='ocrx_word' id='word_1_244' title='bbox 628 3116 720 3177; x_wconf 85' lang='lat' dir='ltr'><strong>habes</strong></span> <span class='ocrx_word' id='word_1_245' title='bbox 744 3137 814 3200; x_wconf 81' lang='lat' dir='ltr'><strong>pag.</strong></span> <span class='ocrx_word' id='word_1_246' title='bbox 839 3121 910 3183; x_wconf 72' lang='lat'><strong>921.</strong></span> 
     </span>
    </p>
   </div>
   <div class='ocr_carea' id='block_1_7' title="bbox 145 3234 1240 3822">
    <p class='ocr_par' dir='ltr' id='par_1_7' title="bbox 145 3234 1240 3822">
     <span class='ocr_line' id='line_1_33' title="bbox 243 3234 1239 3320; baseline -0.003 -18"><span class='ocrx_word' id='word_1_247' title='bbox 243 3239 325 3302; x_wconf 87' lang='lat' dir='ltr'><strong>Ibid.</strong></span> <span class='ocrx_word' id='word_1_248' title='bbox 346 3237 375 3300; x_wconf 84' lang='lat'><strong>5.</strong></span> <span class='ocrx_word' id='word_1_249' title='bbox 418 3237 650 3320; x_wconf 70' lang='grc' dir='ltr'><strong><em>τεκνοποιηθείς</em></strong></span> <span class='ocrx_word' id='word_1_250' title='bbox 672 3237 689 3300; x_wconf 83' lang='grc' dir='ltr'>ὅ</span> <span class='ocrx_word' id='word_1_251' title='bbox 711 3234 1068 3318; x_wconf 68' lang='grc' dir='ltr'><strong><em>βασιλεὺςΜααρὰισς]</em></strong></span> <span class='ocrx_word' id='word_1_252' title='bbox 1085 3261 1120 3302; x_wconf 84' lang='lat' dir='ltr'><strong>ex</strong></span> <span class='ocrx_word' id='word_1_253' title='bbox 1134 3239 1239 3300; x_wconf 89' lang='lat' dir='ltr'><strong>Simo-</strong></span> 
     </span>
     <span class='ocr_line' id='line_1_34' title="bbox 146 3320 1237 3406; baseline -0.002 -24"><span class='ocrx_word' id='word_1_254' title='bbox 146 3329 248 3383; x_wconf 84' lang='lat' dir='ltr'><strong>cattae</strong></span> <span class='ocrx_word' id='word_1_255' title='bbox 268 3320 353 3382; x_wconf 75' lang='grc'><strong>111).4</strong></span> <span class='ocrx_word' id='word_1_256' title='bbox 374 3323 487 3384; x_wconf 82' lang='lat' dir='ltr'><strong>ultimis</strong></span> <span class='ocrx_word' id='word_1_257' title='bbox 512 3335 663 3406; x_wconf 90' lang='lat' dir='ltr'><strong>quattuor</strong></span> <span class='ocrx_word' id='word_1_258' title='bbox 687 3325 857 3404; x_wconf 89' lang='lat' dir='ltr'><strong>capitibus,</strong></span> <span class='ocrx_word' id='word_1_259' title='bbox 887 3333 918 3383; x_wconf 89' lang='lat' dir='ltr'><strong>et</strong></span> <span class='ocrx_word' id='word_1_260' title='bbox 941 3331 1011 3384; x_wconf 90' lang='lat' dir='ltr'><strong>toto</strong></span> <span class='ocrx_word' id='word_1_261' title='bbox 1032 3325 1087 3384; x_wconf 88' lang='lat' dir='ltr'><strong>lib.</strong></span> <span class='ocrx_word' id='word_1_262' title='bbox 1108 3323 1127 3382; x_wconf 85' lang='lat'><strong>5</strong></span> <span class='ocrx_word' id='word_1_263' title='bbox 1150 3345 1237 3384; x_wconf 88' lang='lat' dir='ltr'><strong>com.</strong></span> 
     </span>
     <span class='ocr_line' id='line_1_35' title="bbox 145 3403 1240 3488; baseline 0.005 -24"><span class='ocrx_word' id='word_1_264' title='bbox 145 3403 292 3486; x_wconf 88' lang='lat' dir='ltr'><strong>pendiosa</strong></span> <span class='ocrx_word' id='word_1_265' title='bbox 316 3407 466 3466; x_wconf 86' lang='lat' dir='ltr'><strong>narratio.</strong></span> <span class='ocrx_word' id='word_1_266' title='bbox 511 3406 597 3466; x_wconf 91' lang='lat' dir='ltr'><strong>cuius</strong></span> <span class='ocrx_word' id='word_1_267' title='bbox 614 3409 798 3488; x_wconf 87' lang='lat' dir='ltr'><strong>praecipuos</strong></span> <span class='ocrx_word' id='word_1_268' title='bbox 820 3415 945 3467; x_wconf 87' lang='lat' dir='ltr'><strong>eventus</strong></span> <span class='ocrx_word' id='word_1_269' title='bbox 969 3407 1000 3465; x_wconf 92' lang='lat' dir='ltr'><strong>in</strong></span> <span class='ocrx_word' id='word_1_270' title='bbox 1025 3428 1141 3466; x_wconf 89' lang='lat' dir='ltr'><strong>aunum</strong></span> <span class='ocrx_word' id='word_1_271' title='bbox 1159 3407 1240 3469; x_wconf 85' lang='lat' dir='ltr'><strong>alle-</strong></span> 
     </span>
     <span class='ocr_line' id='line_1_36' title="bbox 147 3485 1240 3571; baseline 0 -23"><span class='ocrx_word' id='word_1_272' title='bbox 147 3509 218 3548; x_wconf 88' lang='lat' dir='ltr'><strong>rum</strong></span> <span class='ocrx_word' id='word_1_273' title='bbox 240 3489 426 3551; x_wconf 88' lang='lat' dir='ltr'><strong>conferenda</strong></span> <span class='ocrx_word' id='word_1_274' title='bbox 456 3499 583 3550; x_wconf 88' lang='lat' dir='ltr'><strong>monent</strong></span> <span class='ocrx_word' id='word_1_275' title='bbox 602 3485 789 3551; x_wconf 76' lang='lat' dir='ltr'><strong>Simneuttae</strong></span> <span class='ocrx_word' id='word_1_276' title='bbox 818 3490 912 3550; x_wconf 87' lang='lat' dir='ltr'><strong>verba</strong></span> <span class='ocrx_word' id='word_1_277' title='bbox 943 3489 1036 3550; x_wconf 87' lang='lat' dir='ltr'><strong>lib.5</strong></span> <span class='ocrx_word' id='word_1_278' title='bbox 1068 3487 1169 3571; x_wconf 66' lang='lat' dir='ltr'><strong>capi</strong></span> <span class='ocrx_word' id='word_1_279' title='bbox 1190 3491 1240 3549; x_wconf 89' lang='lat' dir='ltr'><strong>in·</strong></span> 
     </span>
     <span class='ocr_line' id='line_1_37' title="bbox 146 3563 1240 3654; baseline -0.004 -21"><span class='ocrx_word' id='word_1_280' title='bbox 146 3581 251 3634; x_wconf 87' lang='lat' dir='ltr'><strong>eunte.</strong></span> <span class='ocrx_word' id='word_1_281' title='bbox 271 3563 346 3652; x_wconf 72' lang='grc' dir='ltr'><strong><em>η’ρσς</em></strong></span> <span class='ocrx_word' id='word_1_282' title='bbox 365 3573 470 3633; x_wconf 78' lang='grc' dir='ltr'><strong><em>τοίνυν</em></strong></span> <span class='ocrx_word' id='word_1_283' title='bbox 491 3571 669 3653; x_wconf 77' lang='grc' dir='ltr'>ἀρχομένου</span> <span class='ocrx_word' id='word_1_284' title='bbox 692 3565 708 3634; x_wconf 82' lang='grc' dir='ltr'><em>ὃ</em></span> <span class='ocrx_word' id='word_1_285' title='bbox 728 3569 878 3651; x_wconf 76' lang='grc' dir='ltr'><strong>νεώτερος</strong></span> <span class='ocrx_word' id='word_1_286' title='bbox 900 3567 1068 3652; x_wconf 82' lang='grc' dir='ltr'><strong><em>στρατηγὸς</em></strong></span> <span class='ocrx_word' id='word_1_287' title='bbox 1090 3565 1240 3654; x_wconf 81' lang='grc' dir='ltr'><strong><em>Χσσρόην</em></strong></span> 
     </span>
     <span class='ocr_line' id='line_1_38' title="bbox 146 3648 1240 3738; baseline 0.002 -24"><span class='ocrx_word' id='word_1_288' title='bbox 146 3652 351 3734; x_wconf 76' lang='grc' dir='ltr'><strong><em>παραλαβών.</em></strong></span> <span class='ocrx_word' id='word_1_289' title='bbox 395 3655 451 3717; x_wconf 77' lang='lat' dir='ltr'><strong>uui</strong></span> <span class='ocrx_word' id='word_1_290' title='bbox 469 3651 507 3718; x_wconf 78' lang='grc' dir='ltr'><strong>τὰ</strong></span> <span class='ocrx_word' id='word_1_291' title='bbox 528 3648 607 3734; x_wconf 73' lang='grc' dir='ltr'><strong><em>ἑξῆς.</em></strong></span> <span class='ocrx_word' id='word_1_292' title='bbox 624 3660 728 3738; x_wconf 84' lang='lat' dir='ltr'><strong>primo</strong></span> <span class='ocrx_word' id='word_1_293' title='bbox 749 3658 849 3736; x_wconf 80' lang='lat' dir='ltr'><strong>itaque</strong></span> <span class='ocrx_word' id='word_1_294' title='bbox 863 3677 930 3715; x_wconf 89' lang='lat' dir='ltr'><strong>vere</strong></span> <span class='ocrx_word' id='word_1_295' title='bbox 951 3677 1045 3717; x_wconf 75' lang='lat' dir='ltr'><strong>noviss</strong></span> <span class='ocrx_word' id='word_1_296' title='bbox 1065 3655 1132 3717; x_wconf 76' lang='lat' dir='ltr'><strong>dua</strong></span> <span class='ocrx_word' id='word_1_297' title='bbox 1153 3654 1240 3716; x_wconf 77' lang='lat' dir='ltr'><strong>diecto</strong></span> 
     </span>
     <span class='ocr_line' id='line_1_39' title="bbox 146 3739 1126 3822; baseline 0 -23"><span class='ocrx_word' id='word_1_298' title='bbox 146 3759 247 3800; x_wconf 78' lang='lat' dir='ltr'><strong>sacrun</strong></span> <span class='ocrx_word' id='word_1_299' title='bbox 264 3739 400 3822; x_wconf 76' lang='lat' dir='ltr'><strong>Ciosroe,</strong></span> <span class='ocrx_word' id='word_1_300' title='bbox 415 3751 474 3801; x_wconf 89' lang='lat' dir='ltr'><strong>etc.</strong></span> <span class='ocrx_word' id='word_1_301' title='bbox 516 3740 668 3820; x_wconf 78' lang='lat' dir='ltr'><strong>Euagrius</strong></span> <span class='ocrx_word' id='word_1_302' title='bbox 693 3739 786 3800; x_wconf 80' lang='lat' dir='ltr'><strong>libb</strong></span> <span class='ocrx_word' id='word_1_303' title='bbox 810 3760 877 3822; x_wconf 90' lang='lat' dir='ltr'><strong>cap.</strong></span> <span class='ocrx_word' id='word_1_304' title='bbox 902 3740 940 3805; x_wconf 88' lang='grc'><strong>16</strong></span> <span class='ocrx_word' id='word_1_305' title='bbox 965 3743 1003 3806; x_wconf 82' lang='grc'><strong>17</strong></span> <span class='ocrx_word' id='word_1_306' title='bbox 1024 3751 1055 3802; x_wconf 88' lang='lat' dir='ltr'><strong>et</strong></span> <span class='ocrx_word' id='word_1_307' title='bbox 1078 3744 1126 3806; x_wconf 88' lang='lat'><strong>18.</strong></span> 
     </span>
    </p>
   </div>
   <div class='ocr_carea' id='block_1_8' title="bbox 145 3857 1243 4277">
    <p class='ocr_par' dir='ltr' id='par_1_8' title="bbox 145 3857 1243 4277">
     <span class='ocr_line' id='line_1_40' title="bbox 232 3857 1240 3948; baseline -0.009 -19"><span class='ocrx_word' id='word_1_308' title='bbox 232 3863 304 3940; x_wconf 72' lang='lat'><strong>419,</strong></span> <span class='ocrx_word' id='word_1_309' title='bbox 328 3861 357 3926; x_wconf 84' lang='grc'><strong>6.</strong></span> <span class='ocrx_word' id='word_1_310' title='bbox 400 3857 478 3944; x_wconf 69' lang='grc' dir='ltr'><strong><em>μηνὶ</em></strong></span> <span class='ocrx_word' id='word_1_311' title='bbox 503 3862 643 3948; x_wconf 70' lang='grc' dir='ltr'><strong><em>Μαρτίῳ</em></strong></span> <span class='ocrx_word' id='word_1_312' title='bbox 670 3859 736 3938; x_wconf 87' lang='grc' dir='ltr'><strong><em>κς’]</em></strong></span> <span class='ocrx_word' id='word_1_313' title='bbox 766 3863 829 3924; x_wconf 90' lang='lat' dir='ltr'><strong>istis</strong></span> <span class='ocrx_word' id='word_1_314' title='bbox 856 3861 1028 3924; x_wconf 83' lang='lat' dir='ltr'><strong>chronicon</strong></span> <span class='ocrx_word' id='word_1_315' title='bbox 1058 3861 1240 3924; x_wconf 80' lang='lat' dir='ltr'><strong>Alexandri.</strong></span> 
     </span>
     <span class='ocr_line' id='line_1_41' title="bbox 147 3941 1240 4020; baseline -0.002 -16"><span class='ocrx_word' id='word_1_316' title='bbox 147 3965 222 4006; x_wconf 90' lang='lat' dir='ltr'><strong>num</strong></span> <span class='ocrx_word' id='word_1_317' title='bbox 243 3948 438 4010; x_wconf 88' lang='lat' dir='ltr'><strong>consentiens</strong></span> <span class='ocrx_word' id='word_1_318' title='bbox 461 3947 500 4008; x_wconf 87' lang='lat' dir='ltr'><strong>ad</strong></span> <span class='ocrx_word' id='word_1_319' title='bbox 524 3946 826 4008; x_wconf 73' lang='lat' dir='ltr'><strong>annumntaurieiiss</strong></span> <span class='ocrx_word' id='word_1_320' title='bbox 846 3947 961 4020; x_wconf 88' lang='lat' dir='ltr'><strong>subdit,</strong></span> <span class='ocrx_word' id='word_1_321' title='bbox 983 3943 1022 4006; x_wconf 82' lang='lat' dir='ltr'><strong>osi</strong></span> <span class='ocrx_word' id='word_1_322' title='bbox 1039 3948 1147 4020; x_wconf 74' lang='grc' dir='ltr'><strong><em>μέντοι</em></strong></span> <span class='ocrx_word' id='word_1_323' title='bbox 1166 3941 1240 4006; x_wconf 77' lang='lat' dir='ltr'><strong>itti.</strong></span> 
     </span>
     <span class='ocr_line' id='line_1_42' title="bbox 145 4019 1241 4110; baseline 0.002 -23"><span class='ocrx_word' id='word_1_324' title='bbox 145 4049 184 4109; x_wconf 75' lang='grc' dir='ltr'><strong>γη</strong></span> <span class='ocrx_word' id='word_1_325' title='bbox 205 4026 251 4100; x_wconf 79' lang='grc' dir='ltr'><strong>εἷς</strong></span> <span class='ocrx_word' id='word_1_326' title='bbox 271 4027 465 4109; x_wconf 82' lang='grc' dir='ltr'><strong><em>συμβόλαια,</em></strong></span> <span class='ocrx_word' id='word_1_327' title='bbox 488 4021 509 4107; x_wconf 74' lang='grc' dir='ltr'><em>ἢ</em></span> <span class='ocrx_word' id='word_1_328' title='bbox 530 4019 607 4090; x_wconf 80' lang='lat' dir='ltr'><strong>cilio</strong></span> <span class='ocrx_word' id='word_1_329' title='bbox 625 4051 654 4090; x_wconf 82' lang='lat' dir='ltr'><strong>rt</strong></span> <span class='ocrx_word' id='word_1_330' title='bbox 677 4023 826 4110; x_wconf 70' lang='grc' dir='ltr'><strong><em>ἐπράχθη</em></strong></span> <span class='ocrx_word' id='word_1_331' title='bbox 846 4029 895 4090; x_wconf 80' lang='lat' dir='ltr'><strong>s&#39;a’</strong></span> <span class='ocrx_word' id='word_1_332' title='bbox 909 4026 995 4110; x_wconf 68' lang='grc' dir='ltr'><strong>αὐτῷ</strong></span> <span class='ocrx_word' id='word_1_333' title='bbox 1013 4027 1076 4088; x_wconf 76' lang='grc' dir='ltr'><strong>τῶν</strong></span> <span class='ocrx_word' id='word_1_334' title='bbox 1095 4026 1140 4099; x_wconf 77' lang='grc' dir='ltr'><strong>εἷς</strong></span> <span class='ocrx_word' id='word_1_335' title='bbox 1157 4027 1241 4108; x_wconf 77' lang='lat' dir='ltr'><strong>yrci-</strong></span> 
     </span>
     <span class='ocr_line' id='line_1_43' title="bbox 147 4093 1240 4193; baseline 0.005 -24"><span class='ocrx_word' id='word_1_336' title='bbox 147 4133 245 4186; x_wconf 75' lang='grc' dir='ltr'><strong><em>ρισμα</em></strong></span> <span class='ocrx_word' id='word_1_337' title='bbox 268 4113 441 4190; x_wconf 77' lang='grc' dir='ltr'><strong><em>βασιλέως,</em></strong></span> <span class='ocrx_word' id='word_1_338' title='bbox 477 4093 586 4192; x_wconf 51' lang='lat' dir='ltr'><strong>sitifi</strong></span> <span class='ocrx_word' id='word_1_339' title='bbox 606 4111 878 4193; x_wconf 58' lang='lat' dir='ltr'><strong>ubucuiaripbn.</strong></span> <span class='ocrx_word' id='word_1_340' title='bbox 922 4114 1085 4192; x_wconf 87' lang='lat' dir='ltr'><strong>interpres.</strong></span> <span class='ocrx_word' id='word_1_341' title='bbox 1106 4113 1240 4174; x_wconf 86' lang='lat' dir='ltr'><strong>sednon</strong></span> 
     </span>
     <span class='ocr_line' id='line_1_44' title="bbox 146 4195 1243 4277; baseline 0.002 -23"><span class='ocrx_word' id='word_1_342' title='bbox 146 4195 371 4258; x_wconf 83' lang='lat' dir='ltr'><strong>insacietatem</strong></span> <span class='ocrx_word' id='word_1_343' title='bbox 391 4197 667 4260; x_wconf 79' lang='lat' dir='ltr'><strong>administrationis</strong></span> <span class='ocrx_word' id='word_1_344' title='bbox 697 4197 889 4277; x_wconf 80' lang='lat' dir='ltr'><strong>inmtguranu</strong></span> <span class='ocrx_word' id='word_1_345' title='bbox 905 4209 959 4261; x_wconf 87' lang='lat' dir='ltr'><strong>est.</strong></span> <span class='ocrx_word' id='word_1_346' title='bbox 1002 4212 1137 4275; x_wconf 81' lang='lat' dir='ltr'><strong>repono.</strong></span> <span class='ocrx_word' id='word_1_347' title='bbox 1159 4197 1243 4259; x_wconf 74' lang='lat' dir='ltr'><strong>barad</strong></span> 
     </span>
    </p>
   </div>
   <div class='ocr_carea' id='block_1_9' title="bbox 0 0 1530 4900">
    <p class='ocr_par' dir='ltr' id='par_1_9' title="bbox 0 0 1530 4900">
     <span class='ocr_line' id='line_1_45' title="bbox 0 0 1530 4900; baseline 0 0"><span class='ocrx_word' id='word_1_348' title='bbox 0 0 1530 4900; x_wconf 95' lang='lat' dir='ltr'><strong> </strong></span> 
     </span>
    </p>
   </div>
  </div>
 </body>
</html>
