3050 4900
179 1934 183 1944 ¹
277 1937 406 2022 Euagrii
429 1937 549 2020 scriptis
571 1935 624 1996 lib.

275 368 351 450 414
644 382 686 445 m
713 381 993 446 moon-unm

276 549 502 612 chalcedonem
530 559 635 612 sancta
656 550 774 612 diadum
802 551 1031 632 subscriptione
1045 549 1244 627 roboratum,
1266 549 1365 618 eidem

274 635 414 718 principi
447 634 522 697 dare
552 633 680 711 distulit,
702 637 741 696 ab
761 635 871 698 codem
891 633 1042 698 Euchaita
1064 634 1096 694 iu
1118 634 1243 694 erilium
1265 633 1366 718 depu-

276 728 358 780 tatus
380 728 434 780 et.
484 717 589 780 loenm
614 719 792 780 Macedonii
813 717 995 782 Timotheus
1026 715 1200 780 meridiano
1221 726 1366 802 tempore

274 803 315 863 ab
335 803 494 864 Anastasio
517 803 648 864 Caesare
667 803 830 885 episcopus
855 803 1016 864 ordinatus
1038 801 1176 862 invasit.”

358 900 430 983 940,
461 901 510 964 19.
553 895 839 976 Κλαυδιουιιὸλεως
868 902 923 983 τῆς
940 895 1143 979 ‘Orontem
1172 899 1211 962 de
1230 901 1366 982 Paphla.

276 984 389 1068 goniae
409 995 500 1067 parte
520 985 624 1046 Ponto
644 985 793 1066 ascripta,
825 995 857 1047 et
879 985 909 1046 in
931 985 1064 1048 Honorii
1086 983 1142 1044 lilii
1169 985 1366 1048 Honoriades

278 1088 391 1129 nomen
413 1091 431 1129 a
457 1068 637 1130 Theodosio
659 1069 788 1150 adepta,
810 1069 896 1130 cuius
916 1067 1126 1148 Claudiopolis
1146 1068 1233 1149 prins
1255 1068 1366 1151 Bithy.

278 1151 346 1212 niae
369 1153 463 1230 urbs,
491 1152 573 1214 lacta
603 1153 805 1234 metropolis,
838 1153 903 1215 fuse
931 1150 1124 1214 Panoirollna
1152 1153 1183 1212 iu
1205 1151 1278 1234 imp.
1300 1163 1365 1214 not.

275 1255 346 1316 ⁰⁰1²·
359 1234 440 1413 dliii
453 1337 483 1398 9.
525 1333 582 1416 τὴν
605 1285 858 1416 Bdgarrnvptdii
879 1331 919 1396 rai
934 1331 1089 1414 Edzaii’rn.
1129 1333 1291 1419 Bithyniae
1311 1355 1367 1396 ur-

277 1421 367 1568 idli'
388 1422 478 1502 prius
509 1419 740 1502 Helenopolim,
774 1439 811 1480 ac
842 1419 998 1502 quondam
1019 1421 1219 1501 Drepanum,
1241 1441 1278 1482 ex
1302 1420 1368 1480 Or·

362 1605 440 1665 [tid.
462 1601 493 1665 3.
547 1596 616 1666 τότε
634 1598 691 1663 καί
710 1599 894 1682 &leprosis
917 1597 1130 1688 ὄσποιῖδασεν]
1160 1603 1215 1664 sub
1238 1600 1267 1662 id
1290 1611 1369 1662 tem-

277 1712 346 1772 pns,
363 1711 426 1748 nnn
443 1688 551 1749 eodem
568 1687 702 1749 fortassis
716 1707 809 1762 auno,
826 1707 907 1770 quae
919 1685 1064 1748 ‘videlieet
1086 1689 1117 1748 in
1139 1707 1253 1747 annum
1273 1707 1368 1768 prae-

277 1773 355 1834 senti
375 1772 601 1849 succedentem,
625 1779 657 1831 ct
678 1772 708 1830 in
731 1771 851 1832 huncce
872 1791 907 1832 cx
936 1779 1028 1852 parte
1049 1771 1262 1832 incurrentem
1282 1771 1368 1830 Mar.

276 1858 405 1916 collinus
426 1855 532 1915 refert.
577 1853 696 1996 relitpun
718 1853 757 1912 ab
788 1862 917 1914 auctore
941 1855 1001 1914 hoc
1023 1875 1104 1918 anno
1129 1855 1275 1916 recensita
1297 1873 1368 1920 cum

683 1957 774 2020 capp.
798 1933 834 1997 31
859 1933 900 1997 39
923 1949 954 1998 et
974 1933 1016 1998 33
1038 1937 1259 2020 comparanda.

360 2035 443 2098 [bid.
468 2038 515 2098 19.
558 2036 715 2116 Πάτραις]
734 2035 940 2101 Marcellinus.
962 2039 994 2099 in
1017 2039 1183 2116 castellnm,
1203 2035 1286 2122 qnod
1305 2037 1368 2096 Pe-

172 2171 177 2182 .
238 2154 242 2161 ·
278 2136 331 2183 rra
359 2121 491 2182 dicium.-
530 2119 570 2200 de
600 2141 664 2206 qno
693 2119 866 2204 Procopius
907 2121 961 2182 lib.
995 2119 1014 2181 9
1047 2133 1177 2184 exeunte
1213 2119 1252 2182 de
1286 2120 1367 2182 hello

279 2205 415 2266 Persico.

359 2303 440 2400 Idid.
464 2302 511 2368 13.
552 2299 810 2385 otdqpopsivooe]
844 2302 964 2387 rameri
993 2301 1124 2368 dialecto
1155 2298 1370 2386 σεσιδηρωμέ-

279 2405 353 2460 noue
373 2409 449 2448 vrcc.

364 2487 441 2550 [tid.
466 2486 513 2549 17.
555 2480 619 2549 aiud
640 2480 923 2569 oroupoputaiam]
953 2494 1076 2550 sanctae
1095 2488 1197 2550 crucis
1217 2488 1368 2553 Hieroso-

280 2571 366 2655 lymis
388 2580 558 2633 asservatae
578 2571 720 2633 custodes
741 2566 1010 2653 ornnpopv'lnxac.

365 2670 446 2730 [tm.
485 2662 634 2751 Ἰωάννης
665 2664 720 2747 ἔτη
749 2665 816 2751 κγ’]
839 2690 875 2731 ex
910 2670 1070 2732 codicibus
1104 2672 1245 2753 conctis,
1275 2690 1371 2737 annos

280 2764 381 2849 tamen
404 2754 560 2835 sigillatim
591 2753 766 2815 numeranti
800 2752 1054 2817 sextusdecimus
1074 2754 1219 2817 excidisse
1240 2774 1371 2838 compe.

280 2845 393 2897 rietur.

363 2929 436 3007 949,
458 2932 488 3000 3.
538 2930 729 2997 Brrolrnada
754 2930 806 2998 ria
824 2930 907 3019 olda]
943 2938 974 2998 in
996 2960 1093 3003 annos
1114 2946 1274 3021 sequentes
1295 2939 1372 2999 haec

281 3040 299 3077 n
320 3018 500 3079 Marcellino
521 3017 631 3081 dilatus
655 3020 825 3103 dequibus
846 3022 999 3105 Euagrius
1020 3022 1073 3085 lib.
1096 3020 1124 3083 3.
1147 3044 1215 3105 cap.
1237 3021 1288 3083 43.
1310 3022 1372 3083 lroc

282 3124 371 3180 anino,
393 3102 448 3185 qui
470 3104 616 3163 Anartasii
649 3104 811 3164 vicerimus
832 3104 998 3182 secundus,
1030 3108 1220 3169 Vitalianum
1243 3106 1372 3167 seditio-

281 3208 353 3247 nem
376 3185 505 3249 movisse
527 3184 694 3249 lomandes
724 3187 763 3249 de
785 3208 871 3269 regn.
902 3209 939 3249 ae
961 3200 1056 3271 temp·
1080 3210 1196 3251 succes.
1219 3190 1271 3251 lib.
1294 3210 1372 3250 con·

284 3270 423 3347 firmat,
439 3270 556 3333 bellam
589 3270 665 3333 illud
694 3270 785 3332 civile
810 3292 870 3351 per
887 3293 983 3333 annos
1009 3294 1060 3335 sex
1081 3284 1153 3335 ante
1175 3274 1371 3355 imperatoris

283 3354 406 3416 obitum
426 3376 444 3415 a
467 3352 605 3416 Vitalino
624 3364 748 3416 motum
768 3362 906 3417 testatus.

366 3452 445 3515 Ibat
487 3447 621 3534 κόμητος
645 3450 860 3533 Φοιδεράτων]
882 3452 1016 3539 Scythae
1037 3456 1268 3533 Transistrinni,
1289 3459 1373 3517 Got-

287 3536 332 3597 tlri
354 3535 560 3618 appellantur,
586 3545 662 3601 teste
684 3540 810 3601 Zoaimo
836 3538 887 3599 lib.
907 3538 937 3600 4.
980 3541 1073 3602 ascito
1094 3542 1241 3601 Romanis
1260 3540 1373 3603 luorum

283 3618 651 3682 astillial'ocderatorum
670 3622 837 3683 obtinuere
853 3642 975 3699 nomen,
997 3644 1031 3683 cr
1053 3622 1173 3689 eodem.
1216 3624 1288 3685 hinc
1303 3626 1373 3685 lor-

283 3702 374 3768 nand.
398 3702 549 3765 derebus
571 3707 640 3767 Get.
669 3704 837 3767 “defuncto
860 3706 1045 3781 Atannrico‚
1068 3718 1197 3769 cunctus
1222 3709 1373 3771 exercitus

283 3788 315 3848 in
335 3786 463 3851 servitio
483 3789 682 3869 imperatoris
716 3791 910 3870 perdurans,
931 3791 1074 3851 Romano
1095 3813 1126 3853 se
1147 3792 1278 3873 imperio
1297 3792 1375 3853 sub-

283 3872 375 3948 dens,
396 3892 468 3933 cum
500 3871 599 3935 milite
631 3871 719 3934 velut
743 3894 839 3933 unum
869 3894 984 3955 corpus
1007 3872 1120 3953 elficit,
1145 3874 1302 3959 milliaque
1322 3877 1373 3935 illa

283 3955 402 4017 dudum
422 3954 480 4017 sul)
500 3956 703 4018 Constantino
723 3956 868 4039 principe
891 3956 1137 4019 Foederatorum
1161 3968 1321 4037 renovata,
1342 3966 1375 4019 et

283 4036 344 4116 ipsi
366 4039 442 4099 dicti
463 4048 536 4101 sunt
553 4038 748 4101 Foederoti.”

285 4218 304 4279 d
367 4139 448 4201 thid.
470 4138 501 4201 7.
552 4132 662 4219 ῥὸγας]
695 4140 734 4203 ab
759 4140 911 4221 erogando
942 4138 1092 4220 stipendia
1123 4142 1255 4203 militum
1284 4138 1375 4222 p‘u'yrn

307 4220 377 4283 icta.
