3050 4900
301 365 390 442 sss.
674 369 716 434 au
745 313 1022 434 ruscumnau

298 549 483 610 mutantium
503 545 543 608 de
554 547 804 610 htassaiiaoorum
820 544 953 610 haeresis
973 541 1095 628 origiue
1113 540 1233 607 accedit
1242 543 1388 606 Petreius
1464 600 1470 610 ,

301 631 381 694 uotis
402 633 435 692 iu
453 628 673 718 Epiphaniam.

381 752 432 835 99,
445 758 493 820 11.
534 751 750 835 βαλλίζουσιν]
773 749 882 814 Saidas
896 747 1065 830 βαλλιζτιν,
1079 743 1128 830 τό,
1148 745 1294 830 κύμβαλα
1308 769 1387 810 κτο-

298 841 378 921 net'r,
399 836 456 898 sul
471 831 548 917 πρὸς
568 829 771 896 sisimirus
792 825 870 916 ἦχον
889 833 1070 914 ὀρχεῖσθαι.
1110 843 1157 898 est
1178 855 1304 918 qnoque
1322 835 1386 895 La.

299 922 370 984 tinis
393 920 472 982 hallo
492 919 675 995 rebellatio,
694 920 790 980 salto:
811 919 849 980 de
873 917 984 1001 quihus
1009 917 1169 994 Meursius,
1191 928 1224 981 et
1244 915 1386 978 Lacerde

298 1005 329 1064 iu
351 1002 541 1065 adversariis.
586 1001 751 1064 dictionem
774 1001 936 1076 Graecam,
969 1009 1001 1062 et
1023 1000 1158 1084 antiquis
1180 999 1386 1084 scriptoribus

210 1156 213 1164 ,
297 1095 402 1149 uotam
421 1085 559 1148 vindicat
581 1084 752 1148 Athenaeus
775 1083 982 1168 Deipncsoph.
1003 1083 1056 1149 lib.
1078 1081 1112 1146 8.

377 1211 458 1276 tttd.
483 1216 531 1280 17.
572 1197 646 1291 ἧκεν
666 1207 713 1281 εἰς
733 1199 935 1286 Καισάρειαν
957 1207 992 1282 ἐξ
1012 1205 1178 1290 ἀνατολῆς]
1202 1229 1264 1270 uon
1288 1229 1384 1290 prae.

296 1293 483 1358 meandum
503 1315 643 1357 errorem
667 1299 757 1376 (pace
779 1291 859 1354 tanti
887 1291 948 1352 viri
971 1291 1110 1368 dixerim)
1130 1293 1164 1372 ⁴in
1186 1293 1322 1353 Burunic
1344 1292 1384 1354 ad

296 1400 411 1440 mcum
431 1375 492 1440 370
515 1399 598 1438 num.
621 1375 661 1438 37
681 1372 891 1456 deprehendo.
933 1395 995 1436 uno
1019 1374 1136 1458 quippe
1146 1374 1281 1438 Valentis
1304 1376 1386 1436 Cae·

293 1482 413 1523 auream
434 1482 558 1524 secessu
582 1459 691 1542 positu,
711 1479 748 1519 ec
769 1459 945 1539 proiectum
968 1458 1129 1535 existimat,
1151 1479 1221 1520 cum
1243 1459 1385 1520 Nicome-

295 1543 347 1606 dis
368 1545 430 1604 iter
448 1565 538 1626 egens
562 1542 757 1606 Antiochiam
776 1542 923 1623 pers-erit,
943 1541 1148 1624 Basiliumque
1166 1540 1225 1603 luci
1248 1539 1386 1603 eiusdem

294 1638 434 1688 creatum
454 1628 620 1690 antistitem
650 1625 794 1706 reperit·
820 1625 948 1706 Valens,
971 1624 1081 1708 iuquit,
1104 1623 1281 1687 Nicomedia
1300 1647 1383 1685 rere·

292 1710 375 1788 dens,
397 1711 520 1771 contidit
550 1731 582 1770 se
598 1730 666 1770 crtus
684 1711 744 1768 ιαὶτ
765 1703 943 1770 Cumanam
972 1707 1198 1792 Cappadociae,
1220 1721 1383 1768 verano-us

290 1793 449 1854 ecclesiam
468 1794 580 1871 illanc,
608 1813 712 1875 usurpa
745 1789 830 1875 qnod
855 1804 977 1874 praeter
1006 1811 1124 1852 amnem
1157 1792 1382 1872 magistratuum

290 1879 464 1937 smtenatrm
476 1888 625 1936 creassent
634 1875 819 1936 orthodoxae
824 1873 906 1958 fidei
916 1873 1061 1954 insignem
1075 1875 1269 1954 defensorem,
1291 1895 1380 1936 acer-
1406 1921 1414 1934 .

288 1961 457 2043 rimamque
471 1972 723 2044 propugnatorem
742 1977 886 2039 trraguum
899 1957 1070 2017 Basilium:
1098 1957 1176 2018 iufra
1201 1977 1284 2018 vero.
1305 1957 1382 2041 quid

290 2055 387 2122 praem
410 2053 511 2102 actim
532 2043 572 2102 sr't
591 2063 612 2101 a
625 2039 755 2102 Valente
776 2041 918 2101 adversus
940 2039 1101 2117 Basiliam,
1123 2061 1189 2100 cum
1199 2039 1379 2100 Οαεταοεαοτ

289 2125 389 2196 wie,
410 2122 589 2184 Soscnrerms
620 2137 651 2184 et
677 2123 735 2184 atti·
760 2141 830 2186 cum
855 2123 1005 2199 aarum,
1030 2123 1126 2206 plane
1145 2123 1377 2199 hallucinantem,

288 2204 361 2266 αλιοτ
378 2219 490 2290 putant
517 2206 676 2268 αᾰοτααιιη
699 2205 836 2268 Vateum
858 2203 1045 2266 Caesaream
1075 2225 1111 2266 eo
1131 2219 1188 2266 tem
1228 2228 1260 2266 rc
1281 2207 1380 2266 eund-

286 2291 372 2370 gr'sse,
390 2311 449 2373 quo
471 2287 594 2350 Eusebii
612 2292 675 2352 eius
694 2290 828 2350 rictam
846 2291 982 2372 episcopi
1000 2287 1144 2350 adversm
1192 2290 1315 2350 acilium
1335 2289 1379 2349 si·

288 2373 401 2432 multas
419 2373 477 2432 alla
495 2373 624 2455 vigebat.
662 2393 734 2434 uam
746 2373 863 2434 Basilio
885 2372 951 2434 t'am
971 2373 1106 2457 episcopo
1126 2385 1233 2448 creato,
1257 2369 1291 2432 V
1287 2371 1376 2432 aleu-

285 2467 345 2521 tens
365 2477 399 2519 eo
417 2462 607 2542 peruenisse,
627 2456 699 2539 ipsa
725 2478 825 2519 terrun
852 2470 1004 2537 gestarum
1029 2458 1121 2517 series
1137 2456 1205 2539 plus
1224 2470 1301 2515 certo
1321 2455 1378 2515 de·

287 2540 402 2601 clarat.
426 2560 537 2603 verum
555 2539 648 2614 semel
670 2540 847 2616 etiterum,
867 2538 1060 2600 Antiochiam
1081 2538 1222 2601 videlicet
1240 2547 1376 2617 euntem,

288 2630 374 2684 etex
404 2644 440 2684 ea
469 2631 695 2699 revertentem,
722 2623 783 2684 iter
806 2624 954 2683 Caesarea
982 2621 1108 2700 fecisse,
1129 2629 1161 2683 et
1182 2622 1214 2681 in
1236 2644 1303 2684 eam
1323 2622 1377 2683 iu-

288 2724 435 2787 gressum,
451 2705 620 2767 Baronium
640 2726 701 2765 non
723 2705 900 2782 advertisse,
920 2724 959 2766 ex
976 2704 1041 2765 eius
1059 2704 1160 2766 verbis
1179 2705 1248 2788 pius
1274 2724 1377 2789 aequo

287 2794 418 2849 constat.
460 2786 573 2848 itinere
593 2786 696 2869 primo
717 2784 910 2848 Antiochiam
933 2786 1060 2849 tendens
1080 2786 1225 2849 Basiliam
1248 2788 1377 2872 quidem

285 2868 407 2931 audivit
431 2868 623 2931 orthodoxae
650 2869 722 2930 fidei
744 2870 934 2933 defensorem
962 2879 994 2933 et
1023 2880 1287 2967 propugnatorem
1307 2894 1378 2932 mn-

287 2972 398 3111 titt,
413 2960 805 3109 iiiitisih‘ii'ii‘it
820 2964 1375 3119 Ait{tcuttttitt'ttttntt

287 3117 490 3179 Caesariensis
510 3130 677 3197 rectorem,
698 3126 822 3179 etcum
843 3140 880 3181 eo
902 3122 992 3203 gessit
1013 3120 1074 3195 iiia,
1096 3142 1177 3203 quae
1196 3120 1247 3183 hic
1265 3122 1375 3185 brevi.

285 3198 343 3262 hus
364 3209 525 3263 contracta
545 3202 638 3263 fusius
660 3224 679 3262 a
699 3200 899 3265 Theodoretc
928 3204 1111 3266 referuntur
1131 3203 1221 3267 tint
1242 3226 1308 3289 cup.
1334 3206 1373 3273 17

285 3294 320 3346 et
338 3306 357 3345 a
377 3284 546 3347 Summeno
571 3285 626 3346 tit.
648 3283 669 3346 tt
689 3304 757 3369 cap.
776 3290 824 3353 lh.
867 3284 998 3369 dupiicia
1021 3286 1099 3348 itlius
1120 3288 1300 3349 Caesaream
1314 3290 1374 3351 ad-

286 3375 396 3429 ventus
424 3378 558 3430 assertor
577 3377 639 3447 est,
660 3376 728 3429 tum
748 3390 841 3452 quem
870 3370 1018 3431 Burunius
1049 3370 1145 3431 eludit
1174 3372 1375 3451 sozomenus,

286 3456 354 3513 tum
374 3452 541 3533 Gregorius
560 3449 717 3535 theologus
739 3460 820 3515 orat.
841 3451 880 3515 70
904 3452 933 3513 iu
963 3452 1064 3515 Basilii
1088 3452 1209 3516 laudem
1229 3476 1374 3539 pronun.

286 3533 375 3595 tiata.
418 3534 497 3611 iltius
522 3536 706 3614 testimonio,
728 3557 791 3619 quc
812 3537 920 3618 nugari
947 3536 1095 3598 Beronius
1118 3546 1230 3615 censet,
1251 3540 1372 3615 omaso,

284 3615 377 3679 haim
399 3616 495 3678 verba
515 3618 659 3679 referam.
713 3618 769 3679 κατ’
787 3639 866 3696 μετα
891 3614 1038 3697 τοιαύτης
1059 3617 1135 3697 ἡμῖν
1154 3615 1373 3701 ἐπιστρατεύει

285 3701 341 3779 τῆς
360 3694 515 3779 ἀσεβείας.
557 3722 623 3763 urm
642 3702 808 3763 Ιαιὶιοοιοᾱί
818 3704 971 3786 impietate
990 3702 1148 3765 adversum
1168 3726 1221 3767 uos
1239 3703 1373 3788 expedi..

284 3786 395 3845 uorem
424 3784 619 3865 (Caesaream
647 3788 775 3863 versus)
805 3787 925 3871 suscipit
949 3784 1080 3848 Volenss
1113 3806 1182 3849 mox
1213 3790 1374 3866 exercitus,

286 3865 464 3949 ducumque
482 3866 618 3929 Valentis
645 3866 822 3928 barbaricas
852 3868 1040 3931 incursiones
1064 3879 1230 3953 superante
1252 3872 1373 3955 impetu

285 3947 451 4032 descripto,
475 3959 507 4012 et
526 3958 670 4011 enarratu
692 3971 749 4033 per
769 3950 907 4013 ecclesias
935 3952 1000 4014 itus
1023 3954 1153 4015 immissa
1173 3962 1284 4037 strage,
1305 3964 1374 4016 tum

286 4032 430 4116 Gregorii
455 4034 495 4096 nd
517 4033 659 4097 Basiliam
680 4032 839 4115 legatione,
864 4042 896 4097 et
916 4035 980 4097 eius
1005 4058 1023 4099 e
1042 4036 1142 4097 Ponto
1164 4038 1277 4113 reditu,
1299 4038 1374 4101 sub-

285 4113 344 4176 tit.
386 4130 474 4198 atque
492 4117 544 4180 illi
562 4138 650 4195 sarie,
671 4113 811 4179 Valentis
833 4118 973 4195 comites,
1001 4122 1043 4179 sir
1066 4122 1180 4199 irglirctls
1197 4120 1283 4183 rehtu
1302 4118 1374 4182 slis·

284 4212 437 4277 cmsmamt,
460 4200 538 4264 matt
558 4201 638 4263 male
656 4212 717 4268 mm
732 4200 866 4285 primmu
881 4200 1049 4285 pudffucti,
1070 4216 1101 4263 et
1121 4205 1265 4287 superati,
1284 4218 1372 4291 atque
