3050 4900
399 354 406 367 .
452 315 455 321 '
537 306 587 369 Ex
622 306 881 375 Tttmrttnrte
1181 298 1251 372 931

161 468 328 537 ceslonlnns
354 471 468 555 positas
495 473 664 555 captivarit
694 480 726 535 et
754 473 890 557 reliquos
918 474 1102 555 subiugavit.
1144 474 1254 540 eodem

162 578 240 619 varo
261 574 345 619 anno
369 555 496 637 quidam
517 578 553 619 es
577 557 799 639 Manrophoris
820 556 932 633 Persis,
952 578 1023 619 cum
1044 558 1181 641 magicae
1202 570 1291 621 se·t‘·
1305 550 1360 609 ⁶⁶⁴

160 640 287 723 ligionis
307 649 415 716 essent,
437 638 623 722 deceptione
635 640 752 703 detenti
767 640 894 717 diaboli,
912 641 1092 701 aennadsts
1112 643 1256 703 substan.

161 726 207 785 tia
239 744 293 785 sua
328 720 403 784 nudi
435 744 530 805 snpra
559 745 667 785 muros
697 724 894 787 ascendentes
926 725 1138 806 proiioiebnnt
1160 732 1257 787 semet

162 807 258 889 ipsos,
282 807 326 869 ita
346 816 381 871 nt
400 828 432 869 se
457 807 567 869 rolnre
596 808 627 875 in
660 809 781 873 caelum
815 809 1064 881 arbitrarentur3
1093 808 1148 891 qni
1181 808 1257 869 nihil

162 890 290 953 ratione
311 889 438 972 dignum
466 889 559 953 sortis
582 890 660 957 illins
691 890 837 955 habentes
876 900 962 955 ortus
984 893 1192 957 conterebant
1217 892 1257 957 ad

163 974 227 1035 ima
247 972 390 1040 demersi.
420 995 558 1059 quorum
580 972 742 1051 sexdecim,
762 996 814 1037 eos
836 940 995 1039 dumtaxat
1014 976 1068 1058 qui
1093 976 1125 1035 iu
1147 995 1258 1041 errore

161 1056 420 1203 ppapmipehant,
449 1056 578 1125 Abdelas
609 1078 668 1141 per
694 1056 791 1123 Salius
826 1058 984 1121 interfecit
1015 1058 1047 1127 in
1078 1060 1196 1121 Beroen
1225 1068 1258 1129 et

213 1162 322 1205 acne.
600 1176 603 1185 =

250 1244 339 1301 Anno
361 1238 485 1320 imperii
507 1238 701 1303 Constantini
734 1237 772 1307 19
803 1240 919 1303 invidia
940 1240 1129 1304 Christianos
1145 1239 1259 1321 prolri.

162 1320 431 1389 huernntdrabes
452 1323 617 1405 apublicis
639 1322 858 1388 chartothesiis
890 1323 929 1386 ad
950 1324 1110 1389 modicum
1127 1332 1259 1406 empus.

160 1407 217 1470 sed
240 1428 346 1469 rursus
367 1406 470 1469 coacti
501 1408 705 1471 committunt
736 1407 780 1469 eis
799 1406 909 1474 eadam
931 1408 1006 1490 ipsa,
1027 1428 1065 1473 eo
1088 1406 1173 1490 qood
1195 1428 1259 1471 non

130 1556 142 1565 ,
161 1491 285 1572 possint
304 1490 361 1571 ipsi
390 1491 527 1555 seribere
547 1489 788 1567 calculationes,
809 1490 951 1573 aciesque
973 1492 1155 1554 direxerunt
1175 1490 1259 1552 mul.

165 1586 222 1637 tas.
264 1574 317 1635 sed
340 1584 371 1635 et
391 1574 521 1637 Paulum
541 1582 722 1656 praetorem
743 1574 1002 1639 armeniacorum
1024 1574 1141 1636 bellum
1161 1594 1258 1655 agen-

163 1666 209 1719 tes
233 1657 317 1737 apud
339 1658 451 1723 Melana
470 1666 673 1741 peremerunt
693 1678 765 1721 curn
778 1660 930 1724 exercitus
951 1657 1160 1733 multitudine,
1183 1678 1260 1717 neo·

162 1762 231 1803 non
252 1750 284 1802 ot
303 1736 345 1801 42
368 1740 497 1823 insignes
519 1738 603 1803 viros
626 1741 748 1802 vinctos
778 1741 945 1815 duxerunt,
973 1752 1006 1805 et
1028 1741 1131 1823 ospita
1149 1740 1258 1803 mults.

144 1822 342 1905 ‘imperator
366 1834 470 1887 autem
491 1826 661 1887 eseroitnm
682 1825 783 1887 movit
810 1826 842 1888 in
864 1825 1056 1908 Vulgarinns,
1080 1836 1112 1887 et
1132 1825 1259 1886 veniens

162 1908 197 1974 in
221 1906 404 1989 Vereguban
428 1908 467 1969 ad
489 1910 674 1983 clausuram,
696 1908 823 1970 obvians
843 1911 872 1973 ei
893 1909 1045 1990 Volgares
1064 1908 1260 1971 advenerunt

163 1998 198 2063 et
217 1992 332 2055 multos
353 1993 504 2055 exercitos
528 1992 591 2057 eins
613 1990 861 2071 trocidavernot,
883 1992 916 2057 in
939 1994 1053 2075 quibus
1072 2000 1106 2055 et
1119 1993 1259 2056 Leonem

161 2073 338 2156 patricium
360 2083 393 2139 et
411 2084 590 2158 praetorem
608 2074 860 2153 Tiaraceainrum,
883 2086 915 2139 et
936 2075 1030 2143 alium
1053 2076 1192 2141 Leonem
1212 2074 1260 2139 lo-

162 2156 325 2239 gothetam
344 2179 468 2237 cursus,
504 2170 536 2221 et
553 2160 707 2246 populum
729 2159 885 2237 multum,
907 2168 1152 2242 coacceperunt
1173 2180 1259 2221 arma

164 2262 294 2313 eorum;
315 2251 347 2303 et
368 2240 413 2306 sic
444 2242 605 2309 inhoneste
636 2242 753 2307 reversi
784 2251 858 2315 sunt
888 2242 1063 2332 insperatos
1084 2252 1116 2307 et
1135 2242 1182 2303 sni
1204 2242 1260 2325 qni

167 2331 390 2387 remanserunt.

252 2426 341 2488 anno
373 2424 496 2509 imperii
519 2425 713 2496 Constantini
746 2424 786 2494 20
810 2426 909 2493 factm
939 2433 985 2494 est
1004 2446 1097 2488 error
1119 2423 1363 2507 pascham-665

164 2517 199 2574 et
222 2507 393 2572 orthodoxi
415 2509 542 2592 quidem
561 2510 592 2571 in
616 2511 750 2578 Oriente
770 2519 884 2572 octavo
907 2511 974 2573 idos
993 2508 1126 2590 Apriliaa
1148 2507 1262 2591 pascha

163 2589 419 2676 celebraverunt,
436 2603 468 2656 at
487 2615 564 2662 vero
583 2593 710 2659 erronei
733 2592 884 2658 haeretici
905 2592 972 2655 idus
994 2592 1137 2674 Apriliss.

248 2709 370 2788 Eodem
391 2730 474 2770 anno
495 2705 744 2773 translatum'est
765 2718 860 2790 capot
875 2711 905 2771 S.
929 2708 1052 2770 ioannis
1073 2726 1262 2790 praecurso.

166 2791 211 2854 ris
232 2801 327 2876 atque
349 2793 501 2875 baptistae
534 2794 762 2861 amoaasterio
793 2793 914 2876 Spelsal
942 2794 974 2860 in
1001 2792 1151 2874 templum
1172 2811 1263 2853 sunm

166 2875 199 2938 in
222 2873 472 2940 Emesenensinm
500 2877 626 2943 civitate
653 2877 767 2954 sitnm,
787 2897 860 2943 enm
882 2887 959 2940 esset
982 2876 1117 2951 illustre;
1151 2885 1183 2938 et
1203 2875 1262 2938 dc-

165 2979 287 3022 soensus
319 2959 496 3025 aedificatus
522 2971 576 3024 est.
626 2961 679 3030 nbi
700 2981 799 3044 usqne
826 2959 921 3024 hodie
943 2981 960 3022 a
981 2959 1122 3022 fidelibus
1145 2960 1262 3022 adora·

165 3053 236 3108 tum
258 3042 343 3107 omni
364 3043 518 3112 suavitate
539 3043 700 3126 corporali
720 3045 838 3107 scilicet
855 3065 893 3107 ac
907 3043 1062 3126 spirituaii
1084 3043 1264 3108 honoratur

166 3125 287 3204 otiore,
317 3134 349 3188 et
372 3147 515 3190 emanans
536 3128 668 3192 effundit
701 3127 1019 3205 anathematum,
1040 3127 1097 3210 qui
1119 3125 1262 3213 lislexlls·

165 3217 291 3294 grantes
313 3221 497 3276 occurrunt.

250 3317 435 3400 Eodemque
463 3339 545 3380 anno
573 3317 692 3381 dociles
718 3318 887 3380 clarissima
909 3317 941 3378 in
963 3315 1094 3376 Oriente
1114 3314 1263 3396 apparuit

166 3419 228 3484 per
251 3399 289 3462 10
313 3400 397 3478 dies,
430 3411 462 3463 et
484 3402 596 3463 iterum
619 3402 657 3464 ad
684 3402 890 3464 Occidentem
910 3398 1017 3460 diebus
1040 3398 1091 3460 dl.
1135 3397 1263 3480 qnidam

166 3505 245 3546 vero
263 3485 379 3568 Syrus,
408 3479 595 3548 Theodorus
622 3487 767 3563 nomine,
798 3483 956 3546 Libanltes
983 3483 1069 3544 circa
1100 3483 1262 3564 regionem

166 3566 379 3650 Heliopoleos,
399 3590 479 3713 puae
499 3579 544 3631 est
564 3568 604 3630 ad
623 3569 796 3645 Libanum,
819 3567 963 3630 adversos
983 3566 1099 3628 Arabes
1120 3565 1261 3626 insurre-

166 3651 224 3730 rit,
248 3661 278 3713 et
302 3671 373 3724 cnm
426 3651 519 3714 allum
541 3653 686 3715 movisset
706 3653 737 3712 in
761 3671 834 3730 eos,
866 3650 1048 3712 ceciderunt
1066 3667 1102 3710 es
1120 3648 1263 3729 utrisque

167 3734 278 3796 multi:
302 3735 464 3798 nouissime
486 3757 562 3798 vero
582 3746 670 3818 targa
698 3745 730 3798 et
750 3737 815 3818 ipse
834 3745 959 3797 vertens
982 3732 1099 3814 elingit,
1120 3741 1153 3791 et
1169 3731 1263 3792 Liba.
1375 3733 1379 3742 '

167 3819 264 3895 uitae,
286 3819 432 3902 quicum
463 3818 531 3902 ipso
554 3827 662 3896 erant,
691 3839 799 3881 omnes
827 3827 901 3880 sont
921 3817 1111 3895 interempti.
1161 3814 1263 3875 factae

168 3908 275 3964 aulem
297 3913 369 3964 snnt
388 3913 420 3964 et
442 3903 472 3964 in
496 3902 600 3964 Africa
623 3901 790 3966 seditiones
808 3910 842 3964 et
860 3901 952 3977 heila,
974 3900 1070 3962 solari
1089 3895 1195 3979 eclipsi
1216 3897 1263 3958 ia·

168 3993 220 4046 eta
245 3983 283 4046 18
304 3985 448 4048 kalendas
474 3986 702 4067 Septembrias,
721 3987 799 4048 feria
820 3983 861 4064 6,
882 3985 962 4046 lsorn
986 3981 1034 4044 10.
1086 4002 1187 4063 porro
1211 3979 1364 4050 ira-amet

167 4078 374 4132 surrexerunt
404 4069 532 4152 quidam
551 4092 586 4134 ex
610 4069 832 4152 Mauropisoris
864 4067 947 4150 apud
967 4067 1106 4142 Debere,
1126 4063 1263 4128 dicentes

167 4151 270 4214 lilium
299 4153 530 4238 protosymboli
561 4153 654 4216 deum
674 4162 711 4216 nt
737 4152 928 4216 nutritorem
948 4171 1046 4228 suum,
1067 4157 1101 4211 et
1119 4149 1264 4232 protola-
