3050 4900
597 386 751 483 ¹uo'rsn.
895 482 898 485 ⁴
1150 388 1219 457 ass

135 590 238 633 sacras
260 568 406 655 irnagines
432 568 517 634 odio.
570 570 760 635 Christianos
791 568 874 633 enim
892 588 929 632 ex
949 568 1117 654 imaginans
1138 570 1227 632 culta
1265 596 1268 603 ·

37 722 44 731 ¹
140 655 296 717 Gianrlar.
325 656 353 721 1.
409 655 559 717 idolomm
588 656 731 732 cultores,
760 655 919 738 probroso
943 659 1070 718 nomine
1102 656 1226 716 Tarsos

139 748 329 821 nuncupant.

220 842 292 923 638,
316 840 364 906 14.
417 844 592 926 παρίησιν]
625 844 799 925 nopdnmov
832 843 920 920 sice,
946 866 1054 931 equum
1085 847 1226 905 miserum

139 930 237 990 vertit
260 928 447 989 Anastasius:
469 929 672 991 mutatorium
685 928 828 1009 suspicor
847 951 883 991 er
907 929 1083 989 Panciroiio
1104 929 1135 986 in
1152 929 1225 987 Not.

137 1014 210 1094 imp.
232 1032 367 1074 coracesso
387 1014 539 1073 evectione
558 1030 633 1073 unos
650 1026 703 1072 aut
719 1012 799 1071 alter
818 1033 907 1097 eqeass
925 1013 1060 1097 permitti
1079 1010 1226 1072 censebo.

136 1108 192 1156 mr.
233 1116 299 1155 cum
330 1115 405 1155 uero
433 1098 540 1155 tertius
570 1095 697 1157 veredm
720 1094 943 1177 indulgebatur,
960 1096 1152 1179 parhippus,
1173 1106 1227 1153 aut

137 1176 346 1263 paraveredos
369 1176 539 1240 dicebatur.

219 1280 290 1361 639,
301 1284 332 1347 5.
353 1283 387 1345 ἒν
398 1288 463 1356 τοῖς
471 1281 727 1365 κατηχουμένοις]
737 1285 879 1366 porticus
889 1284 1067 1367 superiores
1076 1280 1115 1344 ad
1127 1284 1229 1345 eccie-

100 1364 107 1373 “
138 1368 201 1429 siae
211 1390 319 1431 muros
334 1366 578 1451 circumquaque
593 1376 761 1445 extructae,
775 1388 810 1428 ex
826 1369 935 1451 quibos
947 1389 1013 1429 rem
1027 1388 1146 1427 sacram
1159 1366 1228 1427 fieri

138 1470 273 1531 superne
293 1459 482 1533 prospectat,
503 1460 534 1511 et
555 1450 694 1511 divinum
712 1450 847 1513 officium
863 1452 997 1532 populus
1018 1449 1115 1523 audit,
1137 1470 1232 1527 κατη.

139 1530 280 1613 χσύμενα
303 1543 385 1603 sunt,
411 1534 478 1594 loca
495 1535 735 1615 poenitentibus,
753 1534 802 1595 vel
822 1534 1048 1595 catechumenia
1069 1531 1108 1592 ad
1130 1534 1232 1595 eccie-

139 1617 202 1678 siae
222 1617 314 1677 limen
337 1617 460 1677 addicta
485 1618 610 1679 canonis
631 1616 772 1679 'statiani
794 1616 834 1679 93
859 1638 965 1679 recens
999 1617 1159 1698 expositor
1181 1617 1232 1675 in.

140 1698 270 1760 dicavit:
294 1710 407 1761 auctor
428 1702 511 1763 vitae
530 1700 632 1761 Basilii
654 1722 725 1761 eum
745 1702 814 1761 veta
835 1698 869 1761 siv
893 1704 957 1771 τοῖς
985 1697 1233 1780 κατηχοσμένοις

138 1782 281 1864 suspendi
305 1782 420 1845 iussisse
443 1785 599 1859 referens,
632 1782 739 1845 eadem
761 1783 792 1843 in
814 1782 931 1845 excelso
955 1783 1030 1859 sita,
1060 1792 1092 1844 et
1125 1803 1161 1843 ex
1190 1782 1234 1843 eis

140 1866 284 1927 lascivam
309 1866 471 1927 mulierem
501 1868 532 1927 in
554 1866 719 1927 diaconum
741 1865 831 1927 altari
856 1866 1081 1927 ministrantem
1099 1886 1235 1948 prospe-

141 1959 228 2009 ctum
250 1948 399 2009 demisisse
421 1947 565 2011 declarat
586 1948 678 2031 ptura
697 1948 735 2011 de
756 1949 866 2010 iltisad
880 1949 992 2010 Codini
1012 1946 1155 2011 editionis
1176 1950 1238 2010 Re·

141 2030 483 2115 giaecap.16n0ts50,
503 2043 534 2095 et
548 2030 587 2093 ad
601 2032 797 2094 Constantini
815 2040 846 2095 et
859 2034 960 2094 irenes
983 2034 1091 2093 matris
1116 2052 1249 2099 aunum,

148 2124 276 2177 sertum.

153 2304 197 2367 M
229 2221 309 2320 idid.
336 2216 383 2283 13.
437 2216 629 2302 Μονούτης]
654 2223 833 2300 Anastasio,
860 2222 1017 2284 Monotesc
1045 2220 1239 2305 Nicephorns

196 2323 332 2377 σνωτιος.
1234 2338 1242 2349 ,

231 2405 302 2490 641,
323 2406 352 2473 3.
407 2407 533 2474 Odciid
557 2403 629 2483 ride
659 2406 769 2494 ’Ioa'p]
803 2412 985 2484 Anastasius,
1016 2408 1241 2496 Huaiidfilius

148 2493 259 2554 [disan.
294 2505 406 2557 auctor
431 2493 591 2558 mucellae.
619 2494 723 2554 eodem
754 2513 838 2556 arveo
866 2495 999 2557 obttisuit
1029 2496 1126 2556 Gisid
1146 2495 1241 2580 filius

148 2569 370 2640 Habdimelech
398 2577 534 2639 Arabum
557 2579 774 2662 principamm.
826 2578 864 2638 ab
897 2579 942 2638 his
967 2578 1105 2640 diversos
1125 2576 1242 2639 incedit

148 2659 304 2722 Abraham
337 2661 538 2724 Eccheiiensis
576 2661 606 2721 in
642 2658 773 2721 historia
807 2661 990 2722 saracenica
1025 2660 1064 2720 de
1103 2659 1240 2743 Caiiphis

151 2743 302 2828 Omaytis.
324 2747 502 2822 Alvalidus,
523 2745 626 2826 inquit
649 2741 686 2803 ad
709 2765 825 2804 annum
845 2741 938 2818 6235,
960 2744 1015 2828 qni
1036 2763 1166 2826 sequens
1185 2752 1241 2821 est,

150 2827 399 2888 Abel-habimus
415 2826 508 2912 fitius
528 2827 639 2907 tremi,
655 2827 722 2908 filii
743 2827 1007 2898 Ahd·almalechi,
1016 2827 1091 2912 filii
1111 2829 1243 2890 Morou.

150 2911 226 2985 arsi,
251 2907 327 2994 filii
346 2911 480 2987 Alocmi,
502 2911 635 2994 Catipha
655 2913 929 2990 inaugurarent,
951 2930 1014 2996 qua
1026 2911 1078 2972 die
1098 2909 1174 2974 obsit
1185 2932 1242 2994 pa·

150 3003 232 3052 rmus
252 2993 315 3052 eius
335 2992 542 3056 Hasciamuss
564 2993 608 3054 sie
627 2991 678 3054 ille
700 3000 793 3054 voest
808 2995 950 3071 isarnum,
971 2993 1057 3056 onius
1080 3003 1242 3077 nepotem,

150 3095 215 3136 non
236 3073 333 3136 filium
353 3075 519 3136 Huaiidum
541 3073 644 3137 docet.
1193 3133 1198 3136 .

224 3179 313 3277 ‘teht
335 3156 366 3242 θ’.
409 3153 562 3276 ἆβροχίας
580 3201 616 3242 re
629 3181 745 3262 πολλῆς
766 3181 944 3264 γενομένης]
962 3178 1006 3253 ὥς
1025 3182 1081 3244 aei
1098 3175 1155 3263 τὴν
1175 3175 1242 3262 psi-

149 3282 202 3324 σιν
220 3258 336 3344 σαυτὴν
352 3265 630 3342 ἐπιλανθανεσθαι,
649 3266 705 3326 stoi
724 3266 797 3326 καθ’
816 3260 930 3342 ἑαυτῆς
952 3263 1124 3327 ἵστασθαι·
1163 3265 1242 3326 adeo

153 3357 187 3408 ut
205 3350 254 3407 sui
271 3347 377 3425 oblita,
399 3347 507 3408 bellum
530 3348 650 3410 sibimet
670 3362 782 3410 natura
802 3349 986 3410 conciliaret.

235 3453 316 3516 lhs'd.
343 3453 390 3516 11.
433 3452 632 3536 κρατησάσης
665 3451 728 3515 α’πό
750 3449 877 3535 Kaipov]
899 3473 936 3516 ex
956 3451 1042 3515 cuins
1064 3464 1096 3516 et
1115 3475 1238 3516 suoca-

152 3534 230 3596 soris
252 3545 397 3636 tempore
418 3537 612 3620 patriarchas
640 3536 862 3600 Alexandrinos
890 3557 1051 3601 recensere
1070 3538 1240 3621 Theopha-

153 3639 205 3680 nes
229 3633 357 3702 respuit.

235 3723 306 3804 642,
330 3727 359 3789 9.
402 3722 483 3788 κατὰ
509 3697 566 3790 σὸν
597 3725 799 3810 Matonem]
830 3729 1023 3790 Gaaaeornm
1044 3730 1168 3804 navale,
1189 3727 1241 3790 ri..

152 3807 230 3892 ginti
252 3809 355 3871 stadiis
379 3832 397 3872 a
418 3814 500 3872 Gaea
520 3812 642 3888 distans,
666 3811 706 3875 sd
728 3812 837 3874 urbem
860 3811 1059 3873 Constantine
1079 3812 1241 3875 nomines

152 3893 357 3956 Constantino
380 3902 568 3972 extructum,
590 3894 712 3977 dequo
735 3895 940 3957 consulendus
960 3895 1061 3957 index.

235 3999 353 4063 Ibidis.
395 3995 625 4084 acprovicps‘cp]
643 4003 841 4065 scammum
862 4001 975 4085 agenti.
1016 4011 1063 4064 est
1086 4001 1168 4064 enim
1190 4001 1241 4065 itta

145 4081 208 4164 ·qni
230 4083 262 4144 in
286 4083 417 4166 chartas,
438 4095 469 4147 et
489 4085 610 4147 codices
634 4092 704 4146 acta
735 4086 785 4147 vei
808 4084 944 4148 rationes
965 4091 1114 4148 recenset.

235 4191 308 4277 643,
322 4199 351 4262 5.
377 4199 433 4261 τοῦ
443 4193 633 4348 assiriaco}
656 4199 733 4262 haec
747 4201 925 4303 parenthesi
943 4201 1068 4284 inclusa,
1088 4222 1124 4263 ex
1146 4199 1237 4264 codd.

152 4277 217 4343 aliis
238 4279 398 4365 desumpta
420 4283 532 4348 desum
553 4285 584 4348 in
634 4284 717 4368 egio‘.
