3050 4900
277 311 351 388 426
585 362 592 376 =
653 326 695 386 ΙΝ
716 321 994 389 ΤΗΕΟΡΗΑΝΕΜ

276 489 335 572 τὴν
355 489 500 574 φυλακὴν
522 491 577 573 τῆς
597 491 698 573 aeltric
716 491 1011 573 ε’μπεπιστευμὲνος,
1034 485 1067 555 ’ὂν
1089 487 1327 576 rouponulc'rpv
1350 491 1369 575 ἦ

271 572 437 653 ‘reparer
457 574 540 654 λέγει
561 571 664 658 φωνή.

359 689 513 768 159,19.
570 687 723 770 χλαμύδα
751 687 921 772 βασιλικήν
955 681 1100 772 ἆσπρην]
1131 689 1218 754 addit
1257 691 1366 753 cbron.

277 777 361 838 Alex.
386 767 460 836 dm*
479 774 667 856 πορφυραῖ·
710 776 798 860 quod
820 797 994 858 purpuram
1011 775 1068 837 sibi
1078 777 1292 838 Romanorum
1307 776 1367 836 im.

277 868 439 942 penteres
472 859 682 920 reservarent:
711 859 794 922 unde
816 859 955 919 Christus
981 859 1019 919 ub
1043 857 1168 922 Herode
1196 857 1263 920 alba
1284 868 1368 922 veste

278 943 309 1002 in
332 942 464 1003 ambitae
485 942 591 1023 regiae
611 940 769 1023 dignitatis
803 941 972 1004 ludibrium
996 944 1145 1004 amictusr
1169 963 1206 1002 ac
1227 943 1366 1004 Herodes

276 1025 482 1109 idemTyrios
502 1026 721 1108 alloquuturns
743 1025 886 1102 candida,
909 1036 941 1088 et
962 1033 1090 1108 argento
1112 1025 1259 1088 rutilante
1281 1034 1364 1088 reste

276 1108 422 1191 procedit
442 1117 590 1184 ornatus,
612 1109 695 1190 apud
717 1109 892 1192 loseplrum.
947 1108 1032 1174 haud
1055 1117 1157 1171 tamen
1179 1109 1368 1192 negaverim,

278 1191 363 1276 quod
385 1193 494 1252 scribit
514 1191 656 1274 Agatbias
677 1193 730 1252 lib.
754 1191 785 1270 3,
806 1194 959 1280 Lazorum
981 1194 1046 1277 regi
1067 1215 1260 1278 purpuream
1283 1194 1369 1256 chla-

277 1277 403 1361 mydem
426 1277 510 1338 ferre
534 1277 616 1337 nefas
639 1275 738 1337 fuisse.

360 1379 430 1464 96⁰,
444 1385 471 1445 1.
513 1369 651 1464 ἇσπρην]
672 1371 796 1459 ὕστερον
816 1384 919 1448 album
934 1395 1048 1446 vocant
1068 1384 1259 1448 recentiores
1270 1387 1371 1446 Grae-

277 1467 322 1530 ci:
347 1465 422 1528 binc
452 1456 574 1545 ὕστερον
604 1467 780 1528 nummulus
809 1478 991 1550 argenteus,
1013 1469 1099 1553 quod
1122 1489 1157 1530 ex
1178 1477 1317 1551 argento·
1330 1469 1369 1531 sit
1401 1483 1407 1490 “

278 1552 372 1612 etium
396 1549 492 1612 albus.
545 1549 676 1612 similem
705 1557 863 1612 monetam
903 1560 1008 1632 patres
1031 1555 1128 1614 nostri
1151 1573 1313 1632 vocavere,
1334 1575 1372 1613 ιαι

277 1636 386 1710 blanc,
407 1637 480 1696 trois
500 1633 613 1713 blancs,
632 1637 687 1696 rix
718 1635 843 1698 blanca.-
866 1657 965 1712 arnum,
986 1637 1063 1712 tria,
1084 1657 1140 1696 sex
1158 1657 1271 1719 aspra,
1304 1639 1369 1698 sive

276 1739 395 1802 aspere.

360 1825 441 1888 Idid.
463 1826 574 1886 τααλίν
590 1823 745 1905 χρυσοῦν]
767 1837 1005 1888 assutamcutum
1034 1847 1112 1889 auro
1135 1835 1261 1903 textum,
1284 1827 1368 1910 quasi

276 1909 420 1972 aarum.
463 1906 533 1970 vide
555 1908 734 1969 lllenrsinm.

360 2014 443 2079 laid.
462 2016 492 2075 1.
533 2009 694 2096 στιχαὶριν]
716 2017 822 2078 tunica
845 2025 899 2078 est.
921 2017 1086 2096 ατιχάριον
1104 2017 1275 2080 correctius
1296 2017 1370 2078 scri-

278 2098 376 2174 bitur,
396 2094 459 2157 a’mi
481 2096 540 2158 rori
558 2099 683 2178 στίχου,
705 2101 792 2183 quod
813 2122 871 2162 arro
892 2101 1112 2182 compingatur
1131 2102 1244 2180 ordine,
1266 2111 1297 2162 et
1319 2123 1370 2161 su.

278 2181 458 2262 perioribus
479 2189 585 2262 partes
606 2183 741 2245 infernus
763 2183 811 2244 vix
833 2185 1000 2266 ampliores
1025 2194 1114 2245 nacta
1135 2185 1183 2247 sit.

237 2364 243 2385 ἱ
363 2297 448 2360 Ιὸἰιί.
471 2295 501 2358 3.
543 2299 696 2375 πλονμία]
718 2321 799 2384 quae
819 2299 1031 2384 Phrygionico
1054 2323 1150 2383 opere
1171 2323 1277 2362 manus
1298 2301 1368 2382 pin.

280 2383 326 2465 git
346 2379 489 2443 eantare
511 2376 696 2467 ὑφάσματα.

366 2496 452 2563 ibid
465 2494 496 2561 4.
538 2484 683 2581 τζάγγια]
704 2503 852 2566 militares
866 2505 955 2583 socci,
979 2524 1091 2581 ocreae,
1105 2524 1178 2586 quas
1200 2498 1371 2583 elegantior

285 2581 404 2665 phrasis
426 2592 517 2645 vocat
538 2584 664 2647 πέδιλα.
926 2576 932 2593 ‘

363 2699 447 2761 lbr'd.
496 2692 625 2781 ῥουσία]
657 2724 775 2784 nureo,
794 2704 887 2767 rubra
922 2702 1145 2786 κοκκινοβαφῆ,
1165 2686 1213 2765 ¹ne
1243 2702 1366 2763 onrninu

283 2792 382 2841 csscnt
400 2802 570 2863 purpurea.

366 2895 447 2959 lbra.
474 2894 520 2957 17.
574 2898 796 2977 βαπτίσαντες]
828 2924 863 2963 er
896 2902 955 2965 rori
983 2904 1166 2982 βαπτισμοῦ
1197 2898 1369 2981 δεχόμεναι.

283 2976 448 3040 recolenda
471 2982 566 3063 paulo
586 2985 726 3065 superius
746 2986 871 3068 scripta.

364 3080 449 3143 lbid.
498 3073 603 3143 ἔκτοτε
633 3078 743 3145 λοιπὸν
775 3084 892 3163 ἐγένετο
920 3080 1037 3165 ἔχθρα]
1065 3084 1148 3145 baud
1180 3086 1274 3168 igitur
1303 3093 1373 3144 ante

284 3184 382 3224 annos
404 3161 481 3224 daos
500 3164 623 3227 initium
645 3167 717 3229 belli
747 3167 887 3245 ductum,
914 3172 937 3229 si
960 3160 994 3229 tte
1015 3188 1084 3231 rore
1105 3188 1139 3230 cx
1160 3168 1217 3228 bac
1238 3169 1375 3249 primum

286 3249 448 3309 occasione
468 3256 610 3313 motum:
636 3273 736 3335 querc
750 3252 949 3335 praemissam
972 3274 1073 3334 nuper
1088 3252 1127 3313 de
1149 3252 1230 3313 bello
1250 3252 1375 3313 Persico

284 3331 498 3394 narrationem
522 3331 694 3396 chronicon
724 3335 966 3399 Alexandrinum
989 3336 1099 3398 'szatlri
1122 3336 1274 3418 baptismo
1299 3356 1375 3416 sup-

283 3416 384 3494 ponit,
407 3416 518 3497 quihua
534 3416 706 3501 Procopius
729 3420 870 3483 debello
893 3420 1018 3499 Persico
1038 3420 1164 3481 videtur
1184 3418 1333 3482 assentiri.

364 3529 450 3620 laid.
473 3529 521 3592 19.
563 3531 603 3594 τὰ
626 3532 706 3597 κατὰ
729 3530 782 3597 τὸν
802 3529 891 3615 ἅγιον
917 3533 1075 3617 Ἀρέθαν]
1097 3537 1231 3601 Aretbae
1253 3547 1375 3619 marty-

283 3612 326 3674 ris
348 3622 509 3674 certamen
533 3616 615 3695 apud
638 3620 769 3701 Nagram
791 3620 845 3690 lita
866 3620 1023 3705 scribitur)
1055 3623 1300 3696 llomeritarum,
1321 3620 1372 3701 qui

283 3696 441 3779 quondam
457 3698 578 3777 Sabaei,
601 3710 632 3761 et
646 3703 778 3764 Arabiae
799 3704 894 3763 felicis
917 3704 1048 3781 incolae,
1072 3706 1242 3783 civitatem,
1266 3705 1376 3764 initum

282 3800 318 3841 er
334 3780 543 3862 Metapbraste
567 3786 664 3845 refert
685 3786 793 3847 Surius
818 3783 858 3848 94
881 3788 1043 3849 Octobris.

365 3878 438 3957 961,
458 3881 488 3944 3.
529 3880 682 3965 Ἰωάννης
712 3881 765 3967 ἔτη
786 3880 835 3967 γ’]
862 3888 948 3949 caius
976 3890 1137 3969 promotio
1170 3890 1261 3971 longo
1282 3905 1374 3969 sups-

282 3964 345 4026 rius
367 3967 540 4029 observata.

367 4082 498 4144 total.
544 4084 881 4164 Θευόἑριχοςκραιῶν
913 4085 1122 4168 ιῖςῬώμης]
1148 4088 1376 4167 insequentem
1499 4114 1504 4125 ·

284 4179 414 4244 annum,
447 4170 500 4249 qui
531 4169 635 4231 lustini
657 4170 824 4253 septimas,
853 4180 883 4233 ct
914 4172 1073 4235 Philoxeni
1102 4172 1263 4253 Probique
1293 4171 1375 4231 l'astis
