3050 4900
545 319 597 380 EX
625 314 884 384 THEOPHA'NE.
1184 307 1256 379 119

168 486 287 547 narsen
310 492 342 546 ot
363 481 463 544 Prisci
484 481 548 546 elus
566 485 772 565 praesentiam
786 486 890 548 facero
911 483 1114 546 manifestam.
1157 483 1258 565 impe-

168 575 261 630 rator
280 567 362 628 enim
381 565 559 648 Philippico
590 567 717 630 iusserat
744 577 858 652 quarta
887 589 983 652 rogae
1010 577 1102 650 perte
1131 568 1260 650 privare

167 651 325 712 militiam.
376 649 567 732 Philippicas
598 661 701 714 autem
732 653 844 714 timens
872 673 911 714 ne
933 653 1053 714 occasio
1086 649 1259 734 tyrannidis

131 735 150 768 ”
167 736 270 810 lieret,
288 753 382 815 snper
404 731 465 795 boc
487 733 671 816 imperatori
694 755 757 796 non
779 735 896 817 paruit,
917 736 1053 818 ideoque
1073 757 1091 794 a
1111 743 1262 816 praetura

169 817 353 898 deponitur.
394 816 516 878 Priscus
546 829 650 879 autem
679 819 861 899 perveniens
883 819 1080 880 Antiochiam
1099 816 1262 900 praecepit

168 901 280 962 milites
302 898 616 981 apudMonocartum
640 901 752 984 colligi.
796 903 930 964 advocat
949 912 1052 964 autem
1074 910 1106 964 et
1128 903 1262 962 Germa.

173 1005 259 1060 num,
280 985 331 1044 cui
353 981 598 1045 Hedessenorum
620 984 813 1066 principatus
834 986 971 1048 creditus
996 995 1083 1060 erat,
1105 1007 1167 1046 una
1191 1004 1263 1045 cnm

169 1066 337 1150 episcopo,
375 1073 408 1128 et
435 1088 497 1126 una
525 1089 597 1128 cum
628 1068 670 1128 eis
692 1068 731 1130 ad
751 1071 920 1131 exercitum
943 1070 1016 1144 ibat,
1036 1069 1263 1129 solemnitatem

169 1149 302 1233 paschae
323 1171 394 1210 cum
415 1148 472 1210 illis
496 1151 642 1212 facturus.
701 1161 733 1214 et
752 1173 830 1213 vero
853 1152 944 1216 duces
965 1155 1115 1216 exercitus
1139 1151 1262 1212 obviam

169 1240 326 1298 venerunt
344 1235 371 1296 ei
386 1253 458 1294 cnm
470 1233 589 1312 bandis,
601 1235 723 1297 duobus
744 1235 835 1317 signis
854 1237 967 1317 procul
989 1236 1027 1296 ab
1049 1235 1198 1297 exercitu.
1218 1240 1263 1294 ast
1345 1270 1349 1281 v
1370 1230 1373 1252 '

169 1317 294 1378 Priscus
306 1316 475 1378 secundum
489 1338 611 1379 morem
628 1341 690 1380 non
707 1317 865 1380 descendit
880 1319 920 1381 ab
936 1341 1029 1404 equo,
1042 1341 1099 1380 nec
1109 1315 1262 1378 consuetis

171 1400 408 1464 salutationibus
431 1421 501 1462 usus
522 1410 578 1462 est.
631 1401 702 1464 hinc
727 1422 803 1484 ergo
822 1410 855 1463 et
874 1403 939 1463 odii
962 1401 1126 1463 exordium
1146 1401 1300 1478 sactump.
1315 1403 1367 1460 lut

171 1493 232 1547 est:
258 1485 288 1543 in
316 1484 530 1544 communibus
561 1505 696 1567 namque
726 1485 847 1546 iniuriis
878 1484 1091 1546 multitudines
1127 1483 1262 1546 severius

171 1567 344 1650 patiuntur.
388 1575 461 1648 post
482 1567 592 1629 festum
607 1577 711 1630 autem
732 1569 814 1630 diem
831 1569 1128 1631 demonstrabantur
1150 1565 1264 1628 tetrice

173 1650 371 1732 imperatoris
391 1651 522 1712 litterae.
565 1649 729 1714 conlluunt
748 1651 854 1736 itaque
874 1649 1087 1714 multitudines
1108 1649 1147 1712 ad
1167 1671 1265 1731 prae-

174 1734 251 1796 toris
273 1735 403 1794 lisuram
429 1733 638 1811 tabernaculi,
668 1735 733 1796 aliis
765 1736 892 1818 quidem
916 1735 1033 1820 gladios
1055 1733 1265 1816 portantibus,

173 1818 238 1880 aliis
267 1815 492 1898 rcro'lapides
527 1817 575 1879 vel
606 1818 688 1902 ligna
720 1819 913 1884 iactantibus.
961 1819 998 1879 lit
1020 1819 1116 1900 igitur
1135 1814 1265 1899 pavidus

172 1901 305 1980 Priscus,
326 1908 358 1964 ct
381 1899 545 1962 ascendens
567 1923 683 1984 equum
704 1903 775 1984 fuga
798 1905 893 1983 evasis
915 1901 1098 1984 periculum.
1122 1900 1167 1962 illi
1188 1919 1264 1960 vero

173 1984 345 2048 scindentes
370 1983 463 2046 lixum
480 1983 570 2046 huius
590 1986 837 2064 tabernaculum,
853 1985 956 2048 omnia
971 2006 1051 2068 quae
1063 1984 1156 2067 ipsios
1174 1990 1266 2044 crant

174 2067 382 2150 diripuerunt.
434 2077 480 2128 ast
509 2065 560 2130 ille
590 2069 802 2132 Constantiam
831 2069 1051 2152 perveniensa
1079 2066 1206 2131 medicis
1225 2064 1266 2127 de

174 2151 422 2234 percussionibus
457 2149 596 2231 lapidum
624 2161 657 2214 et
685 2153 865 2215 vulneribus
895 2152 1084 2230 curabatur,
1101 2159 1149 2213 ‘et
1168 2149 1267 2211 mittit

174 2234 355 2316 episcopum
369 2233 511 2296 'civitatis
535 2236 689 2298 rationem
711 2236 826 2299 faciens
843 2259 880 2299 ac
894 2237 1044 2319 pollicens
1066 2235 1215 2297 exercitui
1233 2253 1267 2294 se

174 2339 335 2380 suasurum
358 2317 560 2399 imperatori,
581 2341 621 2381 ne
648 2319 716 2392 illos
745 2321 852 2402 privet
880 2321 984 2402 aliqua
1006 2315 1268 2380 conferendarum

178 2399 438 2465 consuetudinum
461 2405 499 2479 *).
544 2411 590 2465 ast
610 2404 762 2465 exercitus
784 2403 1050 2486 episcopumcum
1071 2401 1191 2462 iniuriis
1213 2421 1269 2460 re-

175 2496 337 2567 spuerunt,
360 2494 392 2548 et
412 2486 603 2547 Germanum
624 2486 761 2567 ¹inritum
781 2493 962 2567 praetorem
982 2485 1269 2567 pronuntiaverant

174 2590 268 2650 super
287 2578 409 2631 scutum
431 2568 555 2647 elatum,
572 2568 870 2652 imperatoriamque
882 2577 1015 2630 statuam
1036 2566 1268 2647 subverterunt,

174 2659 208 2713 ct
229 2651 319 2713 huius
340 2650 484 2733 imagines
506 2651 647 2714 dem-oliti
668 2662 751 2713 snat.
795 2662 828 2714 et
846 2652 876 2711 in
899 2649 1096 2735 tyrannidem
1117 2668 1268 2732 prorum·

174 2743 288 2817 parent
310 2743 341 2797 et
363 2736 456 2796 urbes
483 2734 696 2818 dispoliment,
729 2734 786 2797 nisi
808 2740 979 2798 Germanus
1002 2732 1035 2797 id
1057 2754 1149 2817 agere
1169 2730 1267 2792 multa

175 2818 423 2880 commonitione
447 2826 478 2879 et
502 2820 719 2882 exhortatione
729 2820 884 2881 vetuisset.
927 2818 1051 2881 Priscus
1068 2826 1170 2879 autem
1189 2814 1266 2875 haec

175 2902 359 2983 imperatori
388 2899 546 2965 manifesta
565 2904 656 2980 fecit,
678 2914 710 2965 et
739 2904 915 2984 imperator
932 2901 1142 2984 Philippicum
1162 2898 1265 2961 denuo

176 2995 357 3066 praetorem
381 2986 518 3047 Orientis
540 2986 712 3048 constituit.
763 2986 885 3048 Priscus
907 3006 983 3046 sero
1007 2984 1189 3068 Byzantium
1214 2974 1370 3053 re-p·4⁰2

176 3067 246 3129 diis.
289 3089 390 3150 porro
412 3070 563 3131 exercitus
593 3068 772 3132 iuramentis
808 3090 839 3131 se
872 3068 1084 3129 affirmabata
1112 3064 1266 3127 Mauricio

176 3152 351 3213 nullatenus
384 3152 544 3234 imperari.
594 3152 723 3215 barbari
756 3173 828 3215 sane
855 3153 1003 3213 Romanis
1039 3148 1267 3211 calamitatibus

176 3232 426 3297 delectabantur.
477 3256 587 3298 verum
618 3236 659 3297 im
686 3244 792 3299 erator
824 3233 1058 3310 Aristobolnm‚
1087 3242 1268 3292 curatorem

175 3317 385 3399 imperialium
416 3319 603 3396 domorum,
634 3258 683 3381 ael
697 3320 867 3381 exercitum
890 3318 990 3394 misit,
1014 3315 1159 3399 quatinus
1180 3314 1269 3375 iura-

175 3401 287 3463 mentis
309 3409 341 3463 et
365 3403 453 3464 donis
475 3402 671 3487 tyrannidem
691 3402 843 3474 solrerct;
870 3400 957 3485 quod
980 3408 1011 3461 ct
1031 3400 1113 3461 lecit.
1158 3408 1270 3481 lyran-

176 3482 250 3545 nide
281 3505 359 3547 vero
392 3486 547 3549 destructa
579 3487 616 3546 lit
635 3486 801 3547 Persarum
830 3493 926 3567 atque
951 3485 1166 3546 Romanorum
1185 3480 1269 3540 circa

176 3568 419 3651 hlartyropolim
449 3572 615 3630 maximum
634 3568 760 3631 bellum.
814 3567 960 3630 Romanis
980 3588 1056 3628 vero
1073 3565 1214 3649 potentia
1237 3569 1270 3623 et

178 3646 294 3713 ducum
325 3652 442 3716 virtute
471 3652 714 3735 expugnantibus
744 3651 876 3728 Persas,
909 3650 1098 3713 interficitur
1128 3649 1269 3708 Maraces

178 3732 345 3795 Persarum
372 3744 512 3818 praetor.
562 3734 875 3817 comprehenduntur
907 3736 1002 3796 etiam
1029 3730 1200 3793 virentium
1232 3749 1269 3791 ex

179 3814 227 3877 his
248 3816 308 3879 tria
319 3819 412 3899 milia,
434 3827 466 3881 et
477 3818 676 3880 Persicorum
689 3818 847 3901 principes
868 3817 1024 3901 agminum
1041 3812 1125 3875 mille
1146 3821 1270 3874 tantum

181 3901 296 3963 reversi
322 3911 394 3962 sunt
419 3902 450 3963 ia
468 3902 647 3965 Persidem.
693 3922 796 3987 porro
824 3899 961 3965 Romani
984 3896 1201 3961 transmittant
1230 3895 1270 3957 ad

199 4096 224 4170 ⁴')
241 4052 481 4168 consuetudinum}
505 4100 672 4155 consuetudo
680 4098 841 4227 praestatio,
859 4094 979 4166 παροχὴ.
992 4092 1126 4149 Glanate
1142 4092 1271 4147 aalma!

251 4168 397 4237 assidua·
416 4188 439 4227 v.
461 4172 528 4227 llist.
547 4170 622 4243 Trip.
644 4172 662 4225 l.
717 4189 739 4225 c.
756 4170 773 4225 7
793 4178 821 4227 et
839 4168 894 4223 bl
911 4166 982 4222 a&
1017 4164 1098 4219 Fur.
