3050 4900
285 373 358 443 338
653 379 696 442 lN
723 371 1003 442 THEOPHANEM

285 553 347 619 316
367 554 552 636 fundatum,
580 551 755 618 ahsolutum
784 563 887 616 entem
922 565 953 617 et
984 555 1162 617 dedicatum
1181 553 1241 617 3⁴11
1266 557 1372 636 rclcrt,

284 640 463 723 quindecim
485 660 580 701 annos
613 641 763 722 opositis
797 638 1002 701 fundamentis
1028 639 1067 698 nd
1089 641 1233 700 encaenia
1265 641 1373 724 exigit:

278 724 379 786 isdem
400 744 544 784 numerus
565 733 612 784 est
636 723 692 806 qni
713 724 848 785 auctoris
871 733 902 784 et
925 723 1107 805 Hieronymi
1127 731 1276 806 computo
1298 743 1376 786 con.

282 808 385 871 sentit.
427 813 532 889 potest
560 807 666 890 itaque
696 828 842 869 numerus
868 829 921 868 sen
952 805 1050 868 dictio
1079 801 1132 884 ἓξ,
1154 807 1187 867 ίιι
1206 807 1374 869 δεκαπέντε

283 891 412 954 mutari.

367 1011 481 1092 55,16.
528 1009 749 1086 Κωνσεάνειος
768 1005 823 1094 ἔτη
842 1009 901 1098 ια’]
925 1015 967 1076 tn
989 1015 1135 1077 mendose
1157 979 1261 1077 cuncti
1283 1013 1374 1076 codi-

283 1119 350 1162 ces:
373 1118 495 1182 repono
517 1091 572 1179 ἔτη
594 1092 652 1164 ιιδί

365 1207 467 1273 ltin·
487 1200 667 1286 Ἀσσνριλιις
686 1199 829 1290 νικήσας]
852 1227 965 1288 parum
981 1205 1062 1270 laetu
1081 1205 1225 1285 victoria,
1247 1217 1279 1270 et
1300 1208 1373 1270 licto

207 1353 210 1360 ,
284 1291 455 1373 triumpho.
496 1289 659 1373 perpende
680 1287 811 1352 dicendo
835 1291 874 1352 ed
899 1302 1014 1352 anunm
1036 1301 1226 1373 sequentem.

366 1399 446 1462 thet.
462 1397 513 1460 17.
555 1390 710 1481 Σοβοόρης
728 1392 797 1462 δὸὸ
816 1383 880 1460 scir
890 1397 1037 1484 Περσῶν]
1064 1397 1272 1484 Hieronymus
1293 1395 1370 1460 haec

257 1573 261 1580 Ι
283 1503 365 1545 anno
385 1481 557 1566 sequenti·

367 1607 449 1669 Ibid.
472 1605 520 1674 18.
562 1601 717 1679 Κώνσεος
744 1604 781 1670 di
808 1601 910 1690 ἒνεῇ
933 1597 1036 1683 δύσει]
1062 1603 1269 1690 Hieronymus
1287 1604 1373 1668 Con.

220 1743 227 1750 .
282 1690 388 1754 stantii
405 1711 487 1752 anno
507 1689 537 1752 5.
555 1689 670 1751 Franci
692 1691 895 1752 nConstante
911 1689 1092 1772 perdomiti,
1112 1698 1144 1751 et
1164 1710 1223 1772 pus
1243 1690 1374 1751 cumeis

283 1775 377 1837 facto.
419 1775 564 1835 Socrates
582 1770 670 1835 lint
692 1770 815 1855 euplii
844 1772 1025 1836 Constantio
1049 1775 1091 1834 lll
1114 1781 1146 1835 et
1165 1775 1332 1834 Constante
1347 1774 1375 1834 ll

231 1912 235 1921 ,
283 1879 358 1921 σοιι.
383 1855 571 1929 Constantii,
594 1857 731 1939 inquam,
753 1877 835 1918 anno
858 1855 968 1940 quinto
992 1877 1028 1918 ex
1049 1855 1259 1919 Alexandrino
1281 1853 1376 1918 chro-

283 1942 355 2003 nico
376 1941 486 2017 victos,
509 1947 541 2000 et
554 1939 586 2000 in
608 1941 716 2002 foedas
731 1939 1005 2003 ascitostestatnr:
1028 1937 1114 2024 quod
1134 1941 1272 2002 obeunte
1292 1959 1375 2001 anno

283 2024 448 2106 contigisse
457 2021 642 2107 Theophani
663 2019 830 2102 creditum,
851 2045 915 2108 quo
938 2023 1005 2106 ipse
1027 2023 1234 2107 aSeptembri
1257 2045 1375 2086 annum

283 2109 498 2192 insequentem
518 2108 656 2169 metitur.

365 2229 419 2310 55,
441 2229 473 2292 4.
514 2228 649 2309 σεισμοῦ
665 2225 806 2312 μεγάλου
824 2228 1004 2314 γενομένου]
1026 2251 1061 2292 ει
1073 2229 1256 2316 Hieronymi
1279 2231 1375 2298 chao.

283 2315 356 2377 nico
376 2315 416 2377 ad
436 2337 552 2376 nnnnm
574 2315 751 2378 Constantii
769 2315 789 2377 7
810 2313 887 2378 hnec
908 2315 947 2377 ed
969 2314 1100 2376 verbum
1117 2318 1277 2377 translata.

368 2440 452 2505 tna.
473 2437 504 2501 7.
548 2433 684 2511 πολλοὺς
703 2433 809 2503 αὐτῶν
840 2435 976 2523 σ’νεῑλον]
998 2437 1109 2503 Persne
1129 2438 1236 2525 potius
1259 2439 1376 2503 Romu·

287 2542 355 2585 nos.
399 2524 573 2587 infelicibus
596 2522 679 2585 enim
699 2524 790 2607 signis
813 2524 944 2587 Romani
973 2545 1045 2587 cnm
1059 2524 1159 2586 Persis
1181 2522 1378 2605 dimicarunt,

287 2616 319 2668 et
343 2628 455 2669 novem
486 2606 610 2689 proeliis
630 2606 669 2668 eb
703 2608 746 2671 eis
769 2608 828 2670 susi
851 2614 1000 2669 notantur
1021 2608 1107 2690 opud
1130 2607 1288 2687 Orosinm,
1308 2608 1378 2671 En-

286 2690 428 2772 tropinm
447 2700 479 2751 et
499 2691 668 2756 Zosimum.

371 2811 495 2876 Iliun.
537 2811 671 2887 Παῦλος
692 2806 711 2873 d
731 2807 935 2895 ὅμολομηιὴς]
956 2833 1027 2877 eum
1038 2814 1298 2896 praecedentibus
1320 2838 1380 2878 sn..
1402 2816 1406 2823 '

291 2897 339 2959 nis
364 2897 547 2980 episcopam
584 2895 644 2956 iem
670 2897 847 2958 institutum
878 2895 1072 2961 demonstrat
1109 2899 1317 3043 Hieronpmns
1345 2900 1380 2961 in

291 2980 462 3057 chronico,
492 2990 523 3040 ct
545 3000 581 3041 ex
601 2981 740 3042 Socratis
768 2979 825 3043 lib.
849 2980 958 3063 hosp.
980 2981 1010 3043 5.
1031 2982 1182 3045 Batonius
1206 3006 1223 3044 a
1265 3004 1381 3045 annum

291 3064 408 3127 Christi
426 3061 487 3125 340
506 3086 590 3127 num.
614 3062 662 3124 15.

374 3172 454 3235 Ibin.
480 3171 527 3233 tt.
569 3170 703 3248 σεισμοῦ
721 3162 859 3249 μεγάλου
879 3170 1060 3252 γινομενον]
1082 3182 1201 3235 terram
1218 3173 1310 3235 rcriis
1331 3172 1382 3234 lo.

293 3258 335 3317 cis
355 3278 415 3339 per
430 3256 594 3317 Orientem
614 3264 732 3317 motam
752 3264 786 3316 et
807 3255 962 3338 agitatam,
985 3256 1104 3319 insenso
1129 3257 1256 3339 numine
1276 3258 1383 3318 borni.

293 3340 383 3401 nibus
407 3338 447 3401 oh
469 3338 576 3400 turbas
598 3348 630 3399 et
653 3338 817 3400 seditiones
838 3338 870 3399 in
892 3338 1050 3401 ecclesiam
1070 3342 1238 3417 suscitatas,
1260 3340 1383 3417 exllic·

293 3444 439 3507 ronymo‚
466 3420 591 3500 orosio,
610 3420 778 3505 Ephrem,
789 3424 930 3497 Socrate,
952 3422 1169 3487 etSosomeno
1191 3424 1384 3487 demonstrat

295 3506 446 3568 Baronias
468 3504 507 3566 ad
523 3527 638 3565 sonum
659 3504 690 3573 d.
703 3500 766 3567 340
788 3527 871 3567 num.
891 3502 932 3566 34
955 3514 985 3567 et
1007 3504 1058 3587 35,
1080 3508 1143 3591 qud
1168 3506 1384 3571 nihilosecius

296 3590 458 3651 Sosomeni
480 3587 668 3666 testimonio,
690 3598 721 3651 et
743 3610 841 3671 prave
867 3600 1061 3671 punctorum
1083 3590 1281 3655 observantia
1304 3592 1384 3652 nhn.

295 3673 387 3750 titur,
407 3680 444 3733 nt
463 3681 567 3733 terrae
586 3679 701 3749 motus,
722 3672 865 3735 confecto
879 3672 1076 3735 Antiocheno
1098 3674 1243 3751 concilio,
1264 3682 1385 3751 enatos,

296 3768 329 3818 et
347 3757 379 3818 in
400 3756 464 3818 eins
475 3754 642 3816 vindictam
664 3757 702 3816 eh
724 3765 852 3817 auctore
871 3765 1001 3818 assertos
1023 3758 1170 3840 declaret,
1189 3752 1273 3842 opud
1293 3778 1388 3841 quem

296 3841 378 3902 solas
400 3838 550 3923 Gregorii
566 3838 778 3902 Alexandriam
799 3840 957 3921 profectus
980 3839 1147 3925 colligitur.

381 3962 462 4029 [bid.
479 3958 527 4025 13.
570 3956 601 4024 ot
613 3961 650 4024 di
670 3958 895 4045 Ἀλεξανδρεῖς]
917 3966 1106 4027 narrationis
1126 3986 1308 4049 perversum
1331 3986 1393 4027 or-

299 4042 402 4108 dinem
435 4065 588 4107 annornm
618 4046 701 4107 ratio
732 4046 890 4109 declaret:
919 4048 971 4110 hic
993 4049 1074 4110 enim
1103 4072 1208 4127 sunus,
1232 4050 1271 4111 ad
1295 4070 1393 4131 quem

300 4127 358 4189 ists
376 4130 576 4211 referantur,
602 4136 723 4191 tantum
746 4139 875 4213 quartus
904 4140 949 4193 est
978 4152 997 4193 a
1019 4134 1153 4195 concilio
1182 4133 1394 4208 Antiocheno,

301 4234 366 4295 qno
383 4213 555 4296 Gregorius
584 4212 617 4277 in
645 4212 803 4277 Athanasii
832 4213 936 4277 locam
958 4225 1085 4299 praeter
1104 4214 1147 4281 lus
1169 4218 1313 4299 intrusus,
1335 4218 1395 4302 qni
