3050 4900
496 365 549 428 ltx
578 365 838 432 ulmorum.
1153 363 1220 433 131

128 535 302 616 imperator
325 555 383 597 ncc
404 533 448 596 sic
467 532 544 598 dare
564 537 735 614 consensit,
754 537 810 600 sed
829 557 888 600 nec
907 534 940 598 iu
960 544 1114 620 quattuor
1135 542 1222 602 acci-

128 637 202 700 pere
221 618 351 700 siliquis.
394 629 469 682 tunc
489 619 640 700 chaganus
669 623 780 684 lurore
810 629 986 683 commotus
1007 643 1114 686 omnes
1134 625 1220 686 occi.

126 701 186 778 dit,
207 713 241 764 et
262 703 301 762 ad
321 705 454 784 propria
477 704 574 764 rediit
604 725 675 766 cum
695 705 922 800 quinquaginta
943 704 1028 766 milia
1048 728 1220 773 aureorum

128 786 224 865 paulis
245 786 392 848 Romanis
415 787 613 868 imposuisset.
663 809 738 870 qum
770 799 803 850 et
833 790 946 849 istrum
965 787 1080 852 flumen
1102 813 1166 852 uou
1187 813 1221 854 se

128 868 335 932 transiturum
368 871 523 951 professus
556 878 611 934 est.
664 891 700 932 cr
733 871 796 932 boc
825 871 868 932 ita
891 892 931 934 ue
953 871 1085 934 multum
1107 885 1220 938 contra

128 951 352 1034 imperatorem
373 952 559 1015 Macrinium
579 962 773 1016 commotum
794 963 840 1016 est
852 895 969 1030 obium,
990 967 1023 1016 et
1043 967 1220 1040 coeperam

127 1035 211 1098 banc
231 1037 386 1100 subiicere
408 1036 587 1100 maledictis.
629 1037 772 1099 similiter
799 1047 834 1100 et
853 1035 987 1120 pupulus
1011 1039 1096 1122 apud
1118 1041 1219 1103 Thra.

127 1139 195 1182 reus
217 1117 256 1182 ad
276 1119 420 1184 convicia
431 1120 631 1201 imperatoris
651 1129 824 1183 commotus
847 1129 901 1183 est.
942 1125 1093 1186 exercitus
1112 1134 1218 1186 antem

127 1213 352 1284 procuratores
376 1208 400 1280 *)
430 1202 470 1266 ad
490 1203 714 1285 imperatorem
744 1212 857 1268 eontra
877 1205 1110 1271 Comeutiolum
1131 1207 1219 1270 dire-

129 1287 191 1360 rit,
220 1287 310 1370 quod
339 1285 553 1369 proditionem
586 1288 616 1348 in
649 1287 768 1369 praelio
789 1288 921 1366 feeerit,
944 1289 1027 1352 inter
1048 1311 1128 1373 quos
1150 1298 1221 1353 erut

126 1371 223 1433 etiam
242 1372 379 1445 Pbocas,
410 1371 464 1454 qui
495 1370 718 1453 imperatorem
750 1372 903 1435 allocutus
933 1373 1070 1436 severius
1091 1371 1167 1436 huic
1188 1373 1219 1450 in

128 1453 262 1516 eoncilia
284 1454 530 1530 contradicebat,
551 1455 595 1516 ita
618 1463 652 1518 ut
672 1454 799 1538 quidam
819 1438 854 1516 e‘x
864 1455 1003 1536 patriciis
1026 1455 1109 1518 bunc
1130 1460 1220 1540 alapa

127 1546 309 1618 percuteret
331 1546 364 1599 et
382 1538 513 1602 barbam
535 1538 627 1619 ipsius
648 1539 806 1602 evelleret
828 1560 937 1600 verum
959 1539 1133 1622 imperator
1156 1562 1218 1603 uon

126 1622 261 1703 sucepit
281 1622 425 1686 advenas
447 1621 678 1686 Comentioluaa
697 1623 808 1706 populi
829 1622 1067 1718 querimoniam,
1088 1623 1142 1686 sed
1163 1623 1219 1686 hos

126 1703 292 1768 inefficaces
312 1704 466 1777 tanain
487 1715 622 1788 propter
637 1707 767 1788 quodet
787 1705 971 1771 insidiarum
992 1707 1023 1768 iu
1044 1707 1217 1789 principem

126 1787 287 1854 exordium
320 1789 463 1853 sumitur.
516 1799 681 1870 praeterea
709 1811 770 1871 per
796 1788 880 1852 idem
907 1798 1029 1873 tempus
1052 1789 1136 1874 apud
1156 1793 1315 1875 ile-pm

125 1882 255 2018 ἕξω
273 1872 307 1934 iu
328 1873 399 1935 Nilo
422 1871 567 1948 flumine,
597 1873 687 1936 Meua
715 1873 876 1955 praefecto
910 1895 971 1936 uua
997 1895 1070 1935 cum
1097 1874 1217 1957 pupulo

184 1957 344 2018 medante
364 1957 394 2019 in
418 1957 489 2020 loco
507 1956 559 2039 qui
572 1955 662 2018 Delta
676 1967 887 2038 nuncupatur,
906 1955 971 2019 sole
985 1965 1058 2018 orto
1073 1958 1216 2020 animalia

124 2035 278 2102 humanae
299 2039 419 2102 formae
442 2049 657 2121 apparuerunt
681 2041 713 2100 in
734 2039 874 2119 flumine,
894 2039 945 2101 vir
965 2040 1083 2102 scilicet
1104 2050 1135 2103 et
1148 2065 1217 2104 mn.

124 2120 191 2184 lien
234 2125 327 2184 etvir
349 2122 474 2206 quidem
497 2130 564 2186 erat
581 2135 767 2204 pectorosus
788 2123 940 2206 vultuque
962 2123 1121 2200 terribilis,
1147 2129 1217 2188 rulu

124 2225 214 2266 coma
238 2206 384 2288 cenisque
403 2205 573 2288 permixtis,
592 2215 624 2266 at
638 2227 734 2290 nsque
755 2205 796 2267 ad
818 2207 939 2268 lumbos
960 2205 1139 2271 denudabat
1159 2230 1216 2270 ua.

125 2295 239 2366 turena
259 2297 292 2350 et
312 2291 430 2353 cunctis
452 2289 724 2353 demonstrabatur
745 2288 862 2368 nudus,
882 2290 1004 2372 reliqua
1018 2300 1124 2355 autem
1143 2311 1217 2354 cor·

125 2373 209 2454 poris
229 2374 370 2436 membra
401 2373 606 2457 cooperiebat
631 2395 721 2457 aqua.
772 2373 856 2437 hunc
882 2373 1059 2456 praefectus
1089 2373 1216 2436 adiura-

122 2458 232 2519 mentis
252 2457 437 2521 constrinxit
460 2480 499 2521 ne
521 2455 696 2521 destrueret
724 2464 884 2537 aspectum
903 2456 1088 2539 priusquam
1109 2477 1215 2522 omues

122 2542 218 2603 saturi
250 2542 364 2603 fierent
385 2541 447 2603 hoc
482 2540 647 2623 inopinato
675 2538 863 2620 spectaculo.
913 2559 1016 2620 porro
1047 2540 1163 2603 mulier
1183 2549 1215 2605 et

121 2624 303 2691 mammillas
326 2624 460 2690 babebat
480 2634 513 2690 et
539 2623 706 2693 femineum
732 2623 854 2686 vultum
883 2621 1093 2705 caesariesque
1112 2624 1213 2710 proli.

123 2728 183 2769 aar.
226 2717 258 2769 et
278 2706 318 2773 ed
337 2707 448 2771 boram
478 2728 591 2769 nonam
613 2705 712 2767 omnis
741 2706 877 2787 populus
897 2704 1081 2785 mirabatur,
1106 2706 1213 2767 videns

122 2788 198 2853 baec
218 2791 396 2869 animantia,
417 2812 558 2873 quaeque
578 2789 659 2853 bora
681 2810 765 2851 nona
785 2788 818 2851 iu
837 2788 953 2864 flumen
967 2788 1107 2853 demersa
1129 2799 1211 2853 suut.

119 2895 194 2935 sane
213 2876 318 2937 Menas
341 2875 524 2959 imperatori
546 2872 622 2937 baec
643 2872 796 2937 Mauricio
816 2871 937 2935 scribit

202 2958 313 3021 Mundi
335 2977 416 3019 auno
438 2954 532 3033 6093,
553 2957 675 3021 divinae
700 2956 922 3019 incuruatiouis
947 2976 1032 3019 anuo
1051 2952 1125 3035 593,
1149 2957 1211 3022 im-

115 3040 197 3122 pcaii
229 3062 304 3105 vero
326 3042 471 3105 Mauricii
491 3040 529 3107 19
557 3061 640 3103 anno
670 3038 807 3103 Hisacius
832 3039 1056 3123 Hierosolymis
1076 3039 1212 3102 babetur

115 3124 256 3187 antistes.
300 3125 351 3189 die
381 3134 485 3189 antem
513 3121 644 3206 paschae
674 3121 792 3204 Sophia
812 3127 967 3205 Augusta,
988 3144 1068 3185 uror
1091 3121 1209 3199 tustini,

113 3229 180 3269 nna
199 3229 270 3271 eum
296 3210 497 3273 Constantina
516 3204 661 3276 Maurioii
681 3206 814 3289 coningo
839 3214 970 3271 stemma
992 3212 1210 3272 constructum

113 3292 292 3353 attulerunt
315 3291 508 3374 imperatori.
550 3291 605 3375 qui
624 3288 686 3350 hoc
708 3290 920 3371 contemplato
946 3309 1078 3370 pergens
1101 3288 1133 3349 in
1156 3310 1208 3351 ec·
1216 3316 1244 3370 p.
1257 3299 1311 3357 tet

111 3374 238 3437 ciceiam
262 3374 296 3438 id
316 3376 433 3439 obtulit
455 3375 526 3451 deo,
545 3396 580 3435 su
606 3394 641 3436 ra
660 3382 798 3438 sanctam
816 3393 953 3435 mensam
965 3371 1152 3455 suspendens
1174 3371 1207 3433 in

112 3458 290 3541 triplicibus
310 3458 458 3523 munais
483 3394 636 3540 lapidibus
659 3465 691 3521 et
712 3478 792 3520 atrro
814 3454 972 3522 mutantis.
993 3464 1028 3517 at
1046 3477 1124 3519 vero
1140 3458 1207 3517 Au.

109 3552 220 3627 graue
248 3542 310 3605 boc
329 3552 495 3626 comperto
527 3542 670 3608 tristatae
691 3547 765 3612 suut
790 3535 897 3613 valde,
918 3546 951 3601 et
970 3539 1002 3601 iu
1022 3540 1126 3623 iurgio
1151 3535 1206 3600 ad·
1234 3543 1238 3551 '

109 3646 220 3689 versus
238 3627 463 3709 imperatorem
483 3624 686 3691 Constantina
716 3624 829 3685 festum
857 3619 940 3682 diem
961 3623 1035 3684 fecit
1057 3628 1205 3703 Augusta.

108 3730 183 3771 eum
203 3720 308 3772 numm
332 3732 395 3773 nou
417 3708 594 3773 attenderet
612 3708 787 3789 imperator
807 3706 947 3788 querelas
968 3704 1150 3770 militiarum
1170 3704 1203 3766 in

106 3794 233 3855 Tbrace
252 3793 436 3876 positarum,
459 3794 572 3856 iterum
586 3790 798 3853 Comentiolus
819 3788 979 3869 assumptis
996 3789 1132 3855 armatis,
1148 3809 1203 3851 re..

109 3878 156 3941 nit
181 3875 220 3939 ad
244 3880 369 3954 latrusn,
391 3886 423 3939 et
445 3876 553 3939 unitur
575 3874 684 3937 Prisco
706 3870 791 3954 apud
811 3870 1029 3954 Singidunum,
1051 3880 1084 3933 et
1104 3870 1201 3932 solvi.

107 3968 166 4023 tur
184 3980 245 4044 par
265 3982 347 4045 quae
367 3958 530 4023 adbaeres
553 3967 630 4021 orat.
650 3978 714 4041 qua
726 3955 877 4022 dissoluta
898 3955 1028 4019 veniunt
1050 3954 1081 4017 iu
1103 3951 1200 4017 Bimi-

141 4110 385 4183 ⁶)prncuratnrss1
413 4110 629 4179 tmolrruptoue.
670 4104 741 4157 bunc
762 4121 855 4157 vocem
883 4102 1021 4155 observavi
1039 4082 1201 4173 in'epistnla

176 4180 293 4249 quadam
313 4196 383 4251 quae
403 4180 537 4233 exstasin
555 4176 672 4231 coucilia
686 4176 829 4247 Ephesiae.
847 4172 912 4226 bine
929 4170 1054 4230 sanusne
1073 4173 1200 4226 mandata

177 4264 223 4303 sau
243 4260 387 4325 praecepta
405 4268 478 4323 quas
496 4250 632 4324 principos
650 4246 718 4302 daut
738 4246 834 4314 legam
854 4244 918 4299 ruis.
955 4244 1033 4298 Pana.
1084 4290 1087 4297 .
