3050 4900
642 308 792 373 bosna.
1174 298 1246 369 637

159 486 222 547 dita
246 485 371 562 latebat,
392 470 532 547 Emesam
562 483 767 565 lu'templmn
790 482 946 566 Baptistae
968 479 1087 542 nomini
1111 478 1248 541 dicatum

157 570 294 632 secundo
318 568 524 630 translatum:
545 568 654 629 Emesa
676 568 811 651 deniqne
824 578 856 629 et
876 568 1021 627 Comanis
1044 566 1104 625 CP.
1127 564 1246 645 depor-

160 662 268 715 tatum.
310 653 444 735 primam
467 674 527 713 una
550 674 621 711 cum
642 651 776 714 secunda
799 650 1031 711 translationem
1052 650 1175 726 Graeci,
1198 655 1245 708 te-

156 746 202 799 ste
224 735 417 799 Geuebranli
445 734 623 797 brevissimo
645 734 821 817 menologio
844 733 1008 796 Februarii
1028 732 1078 792 die
1094 724 1155 807 94,
1183 752 1248 811 po-

156 830 301 881 stremam
321 819 395 880 Maii
418 818 457 881 25
479 820 645 880 celebrant.
666 822 829 881 Menaenm
850 826 987 901 atroque
1002 814 1053 879 die
1072 813 1246 899 legendam,

156 902 388 965 (inertissimam
409 902 447 964 de
462 902 634 963 Prodromi
659 904 761 983 capite
784 911 952 963 tractatum
972 920 1002 962 c.
1024 922 1053 961 v.
1076 897 1181 961 Caroli
1202 898 1245 961 du

157 986 183 1049 F
185 1009 272 1048 resne
288 986 498 1047 Ambianeusis
518 986 787 1067 praestolantibus.

241 1100 313 1177 665,
334 1101 365 1167 9.
407 1098 591 1178 κατάβασις]
612 1104 824 1177 coufessionem
841 1099 897 1161 snb
919 1098 1008 1158 altari
1029 1096 1069 1159 ad
1090 1098 1245 1159 Romana·

161 1208 231 1247 rum
255 1188 351 1245 instar
376 1205 515 1267 expono:
547 1186 710 1247 κτισθεῖσα
740 1184 857 1267 quippe
880 1183 1011 1264 legitur:
1033 1182 1169 1263 ideoque
1187 1180 1244 1242 sub

158 1279 241 1330 terra
260 1267 344 1335 calce
364 1268 516 1350 lapidibus
534 1266 672 1328 aedificio
696 1268 844 1342 revincta,
866 1265 952 1349 qaod
965 1263 1244 1325 iconomachorum

157 1352 349 1433 temporibus
381 1372 417 1413 ex
448 1374 517 1433 pag.
537 1348 598 1413 370
620 1352 714 1413 etiam
737 1371 843 1411 sacrae
873 1350 1022 1431 reliquiae
1041 1349 1243 1409 saevissimam

157 1444 338 1515 paterentur
359 1436 616 1517 persecutionem.
652 1434 867 1495 'translationis
888 1434 1001 1492 tertiae
1021 1430 1155 1492 officium
1168 1429 1242 1492 Maii

158 1512 197 1579 95
222 1526 317 1599 caput
339 1539 417 1579 urna
439 1520 609 1600 repositum
630 1526 779 1600 terraque
802 1525 947 1597 opertam
970 1524 1044 1575 tunc
1064 1513 1187 1575 (lernam
1207 1514 1239 1575 in

155 1602 256 1663 lueem
270 1609 404 1679 erutam,
427 1610 621 1665 stornatum
642 1609 782 1679 argento,
803 1598 1017 1683 frequentibus
1038 1598 1171 1658 modulis
1185 1597 1240 1659 de·

154 1694 275 1745 cantat:
299 1683 370 1745 alias
392 1685 470 1769 quid
488 1684 564 1747 baeo
585 1682 777 1765 κατάβασις,
799 1706 879 1767 quae
904 1682 1060 1744 anastasio
1079 1682 1241 1759 descensio,

155 1766 232 1829 mibi
253 1770 368 1851 ignota.
1168 1837 1174 1850 ,

237 1875 320 1939 Ibid.
362 1874 459 1955 μέχρι
486 1874 543 1956 τῆς
570 1871 721 1954 σήμερον]
753 1872 793 1935 ad
815 1871 1012 1956 Theophanis
1034 1871 1138 1933 adhue
1159 1880 1239 1932 tem-

154 1979 251 2041 pora„
270 1980 333 2041 quo
355 1958 514 2021 translatio
546 1958 652 2021 eadem
674 1967 819 2039 peraeta,
839 1958 865 2017 si
885 1959 960 2019 fides
983 1966 1152 2018 coaetaneo
1175 1974 1239 2015 non

155 2042 326 2124 denegatur
354 2040 525 2119 historico:
559 2050 671 2103 aneton
691 2042 812 2103 Menaei
832 2041 1066 2103 translationem
1088 2038 1178 2100 istam
1197 2036 1238 2098 ad

154 2125 363 2188 Valentiniani
383 2125 512 2189 iunioris
531 2134 661 2187 aetatem
683 2126 859 2187 revocantis
880 2125 1026 2207 deceptus
1046 2132 1102 2185 eu.

237 2228 308 2311 666,
329 2228 360 2293 4.
402 2230 447 2303 εἰς
468 2226 523 2295 οόν
542 2222 627 2293 οἶκον
646 2230 700 2313 τῆς
719 2228 850 2314 πλάνης]
875 2233 907 2292 in
929 2232 1081 2314 templum
1100 2227 1237 2293 Machae.

236 2339 318 2405 Ibid.
339 2339 369 2401 6.
413 2331 553 2418 ὀνόματα
581 2334 630 2423 ξ’]
659 2348 694 2401 ut
724 2340 850 2401 nomine
880 2337 1073 2423 dignoscitur
1092 2357 1239 2418 persona,

154 2422 197 2487 ita
215 2442 276 2485 vox
297 2412 405 2502 ὄνομα,
425 2423 474 2485 vel
497 2418 657 2502 ὄνομάτος,
672 2442 832 2506 personam
848 2424 955 2484 refert.
996 2419 1069 2483 bino
1086 2420 1239 2482 recentio-

152 2509 241 2569 ribus
261 2508 370 2569 usitata
390 2504 511 2570 dicendi
534 2528 647 2590 genera
670 2506 744 2585 δέκα
765 2499 925 2584 transitos,
950 2506 1056 2566 decem
1071 2523 1238 2590 personae.-

152 2589 238 2652 πόσα
260 2583 341 2663 εἶδες
360 2585 509 2673 ὀνόματα,
532 2603 604 2676 quot
623 2591 729 2652 uidisti
744 2595 915 2674 persuetus?

236 2697 316 2760 thid.
331 2697 361 2760 8.
405 2697 582 2780 Koussites]
608 2698 661 2781 qui
682 2717 783 2782 nuper
795 2696 910 2760 Caisini
930 2695 1007 2760 dieti
1028 2715 1098 2781 pag.
1107 2691 1180 2778 356,
1200 2691 1240 2756 de

153 2781 264 2866 quibus
285 2783 378 2866 plura
401 2779 434 2843 in
451 2783 546 2846 variis
567 2781 765 2843 lectionibus.

236 2907 317 2969 locu.
340 2911 388 2974 11.
428 2890 592 2987 rientem]
626 2915 662 2968 ut
696 2907 727 2967 in
748 2905 959 2989 profundam,
988 2905 1032 2968 ita
1051 2904 1083 2966 in
1105 2926 1238 2968 coenum

152 2991 278 3157 {txtpppm
282 2991 447 3136 psallerem
475 2991 665 3074 demergere.
719 2991 908 3068 Anastasius,
936 2990 970 3067 in
985 2987 1112 3074 pelagio
1140 2991 1240 3052 iacere

235 3181 307 3259 667,
337 3181 384 3250 14.
434 3179 452 3242 ὅ
485 3175 553 3256 οἷὸς
577 3183 632 3262 τῆς
663 3179 826 3266 muribus]
853 3204 888 3244 ex
914 3180 1048 3266 posteris
1077 3177 1238 3242 Phatimae

152 3264 322 3328 Mabometi
344 3267 424 3329 filiae
443 3287 506 3328 non
528 3266 669 3351 ignobilis
692 3265 770 3328 dux:
795 3266 833 3330 de
854 3265 1036 3330 Phatemitis
1058 3261 1239 3328 Constanti-

153 3369 209 3410 nus
228 3349 529 3434 Porpbyrogennata
550 3351 588 3412 de
607 3351 688 3414 adm.
711 3350 835 3433 imperii
856 3371 925 3434 cap.
949 3349 1000 3412 15.

233 3473 317 3536 Ibid.
340 3472 388 3537 15.
431 3468 506 3548 τούς
526 3469 587 3536 tut
603 3473 712 3557 σειρᾶς
732 3474 973 3558 καταγομένους]
986 3470 1166 3535 enormius
1186 3469 1239 3530 in-

152 3565 366 3638 terpretatur,
397 3558 491 3620 adse
509 3560 544 3618 in
567 3559 650 3619 irum
672 3557 836 3621 derivatos.
858 3561 953 3640 magis
973 3557 1105 3641 proprie
1127 3564 1159 3617 et
1181 3573 1238 3613 ve-

150 3640 225 3702 rius.
263 3663 322 3726 per
341 3644 448 3703 seriem
467 3641 552 3727 filiis
566 3654 693 3723 patriam
712 3641 779 3704 loco
795 3643 957 3706 nibstitutis
976 3642 1139 3704 derivatos.
1180 3636 1238 3696 Ni·

150 3725 281 3804 sephori
313 3725 408 3808 igitar
436 3725 527 3787 lectio
556 3723 684 3787 omuino
714 3725 898 3790 vitiasset.
940 3721 1015 3796 τούς
1033 3722 1093 3801 μὲν
1113 3721 1148 3783 ἐκ
1168 3711 1236 3799 Etl-

151 3805 210 3884 ροῖς
229 3802 286 3886 τὴν
307 3808 436 3888 κυρείαν
453 3801 511 3887 τὴν
531 3806 579 3868 s’n'
598 3801 716 3878 ου’τοὺς
736 3807 939 3887 κεκτημένους
960 3806 1143 3870 κτείνουσιν.
1171 3803 1238 3864 Xe-

149 3891 290 3968 uensibos,
309 3913 433 3977 quonam
454 3892 488 3952 in
509 3891 664 3952 dominatu
684 3903 783 3967 erant,
803 3893 977 3969 intersectis.
1018 3907 1147 3970 repone,
1165 3879 1239 3956 τούς

149 3972 208 4047 μὲν
228 3972 263 4034 ἐκ
282 3971 404 4056 σειροῖς.
445 3975 584 4058 legitimis
602 3972 781 4036 haeredibus
795 3977 983 4036 raucessionis
1010 3969 1238 4036 oisiine'domi-

151 4069 254 4118 nutum
274 4058 400 4142 adeptis,
423 4067 482 4122 eto.
854 4102 857 4109 ·
974 4081 978 4088 ·
1161 4054 1163 4057 ¹

236 4165 314 4228 ibid„
329 4163 376 4226 16.
424 4163 590 4248 Τελὲτζηκ]
610 4163 802 4247 Nicephorus
824 4162 989 4225 Τελὲσοκοκ
1010 4169 1114 4223 vocat.
