3050 4900
323 363 397 440 ott
694 373 752 440 ΑΙ)
778 373 1058 442 inmoriuntur

321 567 359 606 ne
379 546 433 630 qni
449 565 550 607 nenmr
568 563 714 606 mutinum
733 558 803 608 orate
824 557 993 608 tentarant.
1034 540 1168 626 imperio
1188 539 1219 602 in
1237 539 1393 602 Saraoenos

322 639 396 691 ante
416 629 512 711 potiti
541 638 641 692 erant
693 627 771 690 itiad
802 629 934 711 interpr.
966 647 1063 710 msper
1084 626 1252 688 domirtium
1278 623 1396 708 adeptis,

323 711 355 774 iu
376 731 428 772 eos
448 712 543 794 magis
564 710 707 794 quadret,
730 711 786 794 qui
808 721 876 774 tum
898 731 1165 774 rerumsummam
1175 708 1394 791 capessiverant,

321 815 359 859 ao
381 795 514 876 imperio
535 795 662 878 sitaque
684 799 826 858 Maruam
848 791 1007 857 esue‘rnnt.

402 899 475 997 6611,
497 898 530 963 3.
572 901 645 964 καθ’
678 894 812 984 induens
838 899 948 980 nornis]
984 901 1085 960 Anast.
1117 899 1191 1044 Reg).
1222 906 1281 963 etc.
1327 896 1397 960 maie

320 985 395 1047 καθ’
414 983 549 1065 εκάστην
570 985 672 1050 πόλιν.
725 1006 787 1045 non
817 985 858 1046 ita
881 983 1098 1046 Constantinus
1128 1005 1166 1043 ur
1189 1003 1219 1044 es
1249 981 1352 1044 obibat
1370 981 1396 1042 in

318 1067 443 1151 singuiis
465 1077 636 1130 conventus
656 1067 836 1144 habiturus,
866 1067 918 1130 aed
939 1069 970 1128 in
993 1087 1053 1126 una
1084 1067 1175 1144 urbe,
1197 1087 1233 1127 ac
1253 1065 1309 1126 ΟΡ.
1328 1085 1398 1126 con-

320 1163 429 1214 ventus
449 1151 601 1213 eiusmodi
622 1152 765 1236 qnotidie
787 1151 930 1227 habebat,
948 1173 984 1212 an
998 1171 1090 1232 quam
1105 1156 1174 1210 erat
1193 1149 1328 1217 editurus
1347 1149 1398 1208 ab·

318 1234 452 1296 solutam
481 1233 672 1332 impietatem
700 1235 852 1318 (sequenti
876 1235 1024 1296 nimirum
1056 1253 1138 1294 anno
1160 1233 1284 1314 pnhiiea
1308 1251 1397 1314 epu·

318 1317 403 1382 blico
423 1317 632 1382 conciliabulo
654 1318 824 1403 imaginum
845 1317 1090 1402 proscriptione)
1112 1315 1331 1400 parturiebat:
1352 1313 1397 1397 qni

319 1410 366 1466 est
385 1403 487 1465 cissos
504 1421 607 1465 sensus
628 1401 779 1465 suetonis.

404 1517 487 1584 ibid.
506 1515 541 1580 8.
579 1509 748 1604 χορδοῖψρ]
771 1517 847 1600 Reg.
868 1525 926 1579 eto.
948 1511 1004 1578 κάἰ
1022 1515 1266 1590 Κωνστανιϊνος.

400 1621 546 1691 116115.
589 1625 624 1688 ἐκ
642 1623 705 1686 τῶν
725 1623 904 1688 andnimais
919 1616 1057 1704 θρόνων]
1080 1624 1155 1706 Reg.
1171 1631 1232 1684 ete.
1251 1643 1318 1684 curn
1334 1618 1400 1681 nulli

317 1709 532 1772 waioersulsism
552 1709 667 1772 sedium
697 1711 809 1770 vicarii
827 1709 975 1770 mdesseut.
998 1709 1042 1770 sic
1054 1708 1136 1770 enirn
1152 1727 1212 1788 ego
1233 1716 1299 1767 tum
1318 1703 1399 1765 omis-

317 1813 383 1854 sum
404 1790 592 1872 particulam
622 1791 656 1854 dn
677 1793 894 1874 exposuerim,
922 1813 1016 1875 quarn
1039 1812 1144 1853 omnes
1167 1787 1262 1852 codd.
1285 1806 1399 1868 reprae-

316 1882 456 1948 sentant;
486 1885 523 1937 ut
551 1875 592 1936 sit
614 1874 701 1937 velut
727 1874 762 1937 ἐκ
792 1868 975 1956 προσώπου.
1008 1883 1076 1936 tuna
1096 1895 1208 1936 vocem
1230 1869 1399 1945 andnimais,

317 1980 381 2042 qua
402 1979 465 2019 non
487 1957 562 2020 fides
583 1955 635 2018 hio
655 1955 845 2042 designetur,
867 1955 920 2020 sed
942 1957 1121 2018 universatis
1135 1977 1198 2038 pro
1219 1951 1400 2038 patriarcha·

317 2051 366 2104 tus
385 2041 509 2102 ratione
530 2039 720 2115 anctoritas3
750 2043 897 2106 usinum
927 2061 1037 2103 revera
1059 2049 1214 2124 quattuor
1236 2040 1302 2099 ittae
1322 2033 1400 2097 Sedet

318 2134 424 2188 rectae
443 2121 516 2186 fidei
534 2123 717 2204 baerehaut,
739 2146 804 2187 una
828 2123 1175 2206 Constantinopolitaua
1196 2123 1236 2182 ab
1259 2143 1292 2182 ea
1315 2118 1400 2180 devia.

319 2207 431 2271 eodem
451 2215 636 2291 argumento
657 2217 773 2271 aneton
795 2208 967 2270 invectivae
985 2209 1015 2268 in
1039 2207 1277 2269 Constantinum
1292 2203 1400 2264 Cabaii.

319 2311 396 2354 num
420 2299 499 2352 tom.
525 2291 545 2352 2
567 2291 700 2352 auctarii
732 2293 832 2355 nostri
863 2289 1134 2374 pseudosynodum
1159 2291 1250 2351 istam
1271 2288 1399 2368 erogitat.

318 2378 407 2445 ποῖος
427 2367 630 2455 πατριάρχης
659 2368 776 2457 εὑρέθη
803 2375 837 2436 ἐν
865 2371 963 2457 αὐτῇς
998 2369 1155 2455 δῬώμης
1178 2369 1220 2433 ου’
1235 2369 1400 2442 κατεδέξατο

320 2449 446 2521 stoan·
487 2454 505 2517 d
525 2451 769 2535 Ἀλεξανδρείας,
791 2455 858 2519 odd'
879 2449 977 2531 ὅλως·
1017 2454 1036 2517 6
1057 2455 1260 2537 Ἀντιοχείας,
1282 2452 1352 2514 otte
1369 2441 1398 2511 si

320 2539 477 2605 strator·
518 2534 794 2619 ῦἹεροσολιῖμων,
818 2539 893 2601 oo’di
915 2534 1009 2613 ἅπαξ.
1051 2536 1161 2602 λοιπόν
1179 2534 1306 2616 ποταπή
1327 2537 1402 2598 dom

321 2614 1043 2769 nmine,
1063 2620 1404 2767 aunum

296 2788 451 2853 *cedem
468 2788 705 2852 Alexandrian
736 2790 845 2851 adesse
877 2790 992 2851 nubsit.-
1018 2790 1225 2851 Antiocheam
1246 2796 1405 2849 conmanunt

324 2870 457 2955 spreuit:
478 2870 771 2951 Hkmsodrmitnnua
791 2872 914 2933 omnino
936 2875 1056 2956 respuit.
1098 2872 1190 2955 plura
1215 2870 1295 2933 idem
1306 2874 1404 2929 auctor

326 2954 359 3015 io
382 2972 451 3015 eam
472 2974 561 3029 mm,
593 2963 757 3039 totamque
778 2956 984 3036 Constantini,
1019 2976 1055 3015 ae
1075 2954 1217 3037 parentis
1238 2952 1344 3016 Leonis
1362 2948 1405 3009 bi·

325 3036 464 3119 storiam,
487 3058 545 3133 nee
559 3058 622 3099 uon
644 3060 755 3099 eorum
771 3038 917 3101 aduersus
930 3059 1033 3101 sacras
1047 3037 1193 3121 imagines
1217 3034 1404 3181 tragoediam,

328 3138 409 3204 qnae
427 3121 489 3183 sint
512 3121 694 3185 illustrando
715 3120 858 3204 'lireoph
912 3120 1006 3204 plura
1027 3123 1103 3183 item
1124 3122 1159 3183 S.
1180 3122 1277 3204 Nicep
1300 3164 1307 3181 .
1328 3120 1406 3179 luen·

328 3202 413 3267 lenta
434 3202 485 3265 iiia
511 3204 728 3267 confutatione
761 3205 981 3287 Copronianae
1012 3206 1102 3268 huius
1129 3206 1263 3284 synodi5
1292 3224 1327 3263 ae
1352 3199 1404 3261 eius

329 3308 411 3371 quae
433 3308 500 3350 eam
521 3288 977 3433 confirmavitpseudosynodi
990 3276 1248 3371 Theophit'ianae‚
1269 3304 1345 3371 quae
1362 3300 1406 3345 ex·

329 3377 378 3431 tat
398 3369 431 3431 in
451 3371 527 3453 Reg.
543 3370 662 3434 eodiee.
682 3371 713 3432 S.
759 3370 909 3455 tephanus
932 3372 1047 3434 iunior.
1089 3372 1165 3453 “qui
1188 3368 1407 3433 oecumenicum

330 3452 409 3515 iiiud
438 3453 605 3515 concilium
632 3455 741 3516 vocari
766 3456 879 3537 possit,
908 3454 994 3538 quod
1021 3476 1078 3518 nee
1112 3456 1269 3517 Romanus
1298 3452 1406 3513 antistes

331 3538 424 3615 (citra
444 3536 532 3598 euius
552 3538 774 3601 auctoritatem
795 3538 882 3601 nulio
902 3539 998 3600 modo
1018 3539 1086 3603 fieri
1108 3547 1223 3620 potest,
1246 3545 1282 3599 nt
1302 3556 1347 3597 res
1365 3551 1408 3592 ec·

332 3620 516 3683 ctesisstiese
536 3619 576 3681 ad
598 3642 741 3684 normam
773 3621 967 3705 redigantur)
995 3632 1117 3705 gratum
1138 3620 1262 3700 babuit,
1284 3638 1339 3680 nnc
1360 3614 1408 3675 de·

333 3705 430 3787 nique
460 3702 797 3789 Hierosolymitannsi'’
847 3713 934 3767 unta
959 3717 1046 3769 certe
1076 3706 1208 3769 Romani
1241 3699 1353 3765 antistis
1381 3696 1407 3791 in

333 3786 1407 3939 ''tttnttt‘ttttttn'¹¹2¹amittittrfft‘m!

333 3892 413 4052 ⁸ocdor
433 3954 465 4017 in
488 3892 600 4039 igddtii
621 3976 657 4017 ao
665 3953 770 4016 Plautii
790 3976 891 4031 nausa,
913 3896 1009 4019 aldradi
1025 3896 1259 4041 siisies’ynddum
1269 3884 1408 4015 ⁴decusdid·

336 4058 437 4101 useam
461 4058 629 4103 numerare
649 4039 923 4121 praesumpserint.

420 4142 492 4224 661,
515 4144 563 4208 10.
606 4144 752 4209 inritatu
781 4165 816 4207 ns
848 4142 959 4219 adsuta
990 4145 1165 4224 μελετῶντα
1196 4138 1295 4225 μετά]
1322 4140 1363 4204 sie
1379 4154 1408 4197 er

337 4228 411 4296 vau
434 4230 632 4293 emendatum
652 4230 786 4293 inBarb.
810 4229 945 4315 legitque
961 4235 1063 4294 Anast.
1083 4232 1219 4316 atqstein
1239 4250 1289 4291 eos
1308 4228 1407 4288 ranan
