3050 4900
641 307 792 374 amas.
1186 298 1259 378 457

175 473 325 560 agendas,
342 472 379 536 rb
399 473 550 558 ἐξῆλθον,
578 476 759 561 deportatos
782 497 818 540 er
842 475 952 574 priore
972 477 1004 538 in
1026 493 1138 541 novam
1161 480 1261 542 occia·

173 562 248 622 siam
272 557 435 643 reliquias,
467 555 504 621 ad
530 555 740 636 καθεζὸμενος
761 561 796 623 ἐν
815 581 858 646 τῳ
879 555 1020 640 ὄχηματι
1043 559 1138 624 habet
1158 583 1261 624 exem-

172 645 259 726 plum
282 663 372 725 pagg.
396 643 525 706 citandis
538 644 569 704 in
591 643 693 706 indice
713 667 743 708 v.
765 644 919 707 dedicatio
940 641 1096 706 ecciesiae.
1119 639 1155 706 τὸ
1181 643 1262 704 aino.

172 725 316 788 στολιιιὸν
345 728 456 804 σχῆμα
484 727 642 788 colobium
671 737 735 808 eat,
765 727 803 790 de
834 749 894 810 qua
924 725 1125 809 euchologica
1155 735 1260 794 nostru

172 809 345 872 disserunt:
367 807 411 888 τό,
429 797 529 889 ὅραττ
548 805 660 886 ιιιὲλας,
681 831 786 872 versus
801 822 846 874 est
866 809 900 871 in¹
919 809 1063 874 ecciesiae
1087 809 1261 874 dedicatio.

173 915 215 956 ne
234 893 328 955 sacris
348 891 381 952 in
416 893 573 954 ecelesiam
598 894 735 977 reliquiis
766 894 900 958 induetis
922 893 1103 956 cantandus:
1127 894 1166 956 de
1188 895 1260 992 qui.

171 977 230 1038 bus
250 974 375 1059 singulis
399 975 599 1058 euchologica
622 986 727 1038 nostra
748 975 787 1038 de
810 977 953 1039 ecclesiae
975 975 1164 1040 dedicandae
1182 988 1259 1058 rata,

173 1069 206 1121 et
228 1059 301 1135 alio,
324 1059 348 1121 si
369 1069 489 1120 motum
508 1059 605 1122 altare
626 1060 721 1122 fuerit
734 1058 943 1142 σαλευθείσης
955 1060 1008 1138 τῆς
1030 1056 1122 1138 οἷγιάς
1142 1059 1260 1139 anani·
1301 1068 1305 1076 '

171 1141 251 1224 ζης·
273 1143 313 1204 de
335 1164 436 1204 anona
456 1141 615 1206 dedicatae
637 1142 782 1205 eeclesiae
804 1143 865 1209 ΟΡ.
896 1143 1076 1205 celebritate
1098 1147 1260 1206 Menaoum

171 1247 276 1288 meuse
296 1226 476 1290 Decembri.
525 1227 766 1289 consecrationis
794 1225 878 1288 istius
907 1235 1028 1310 ternpus
1048 1223 1128 1288 idern
1149 1228 1261 1291 statui.

171 1320 228 1372 tur
251 1311 283 1372 in
304 1307 454 1371 chronico
481 1311 626 1373 Alexand.
656 1319 778 1372 tantum
810 1309 872 1372 dies
893 1313 956 1372 eius
986 1310 1094 1374 mensis
1118 1311 1158 1372 94
1178 1311 1261 1374 desi-

170 1402 298 1476 gantur.

251 1498 323 1578 369,
345 1501 393 1563 15.
435 1499 614 1576 Κοοτζίνας
632 1521 682 1574 τις
709 1495 858 1584 ὀνόματι]
880 1501 919 1564 de
943 1520 1006 1586 quo
1027 1501 1092 1566 inse
1114 1503 1143 1564 in
1165 1522 1259 1584 prae.

173 1581 363 1662 cedentibus,
384 1585 437 1646 ubi
458 1584 498 1647 de
517 1585 600 1648 bello
625 1583 808 1648 vandalico.

253 1707 324 1788 370,
347 1709 395 1771 18.
436 1705 606 1788 ἇιιολαβών
626 1709 682 1769 καί
701 1703 805 1780 παίσας
827 1705 928 1768 adreci
952 1702 1010 1780 τὰς
1031 1705 1135 1850 sifilae]
1159 1709 1261 1771 variae

173 1791 214 1853 de
233 1792 394 1854 belissario
416 1791 596 1854 condantur
616 1790 782 1867 historiae,
817 1812 893 1872 quas
915 1792 1039 1854 Tretzes
1061 1787 1181 1854 cui.3
1212 1791 1260 1854 hi·

170 1877 265 1938 storia
283 1875 325 1937 88
343 1876 485 1939 breviter
504 1877 696 1958 perstringit.

295 1963 388 2047 οὗτος
407 1969 597 2054 Βελισάριος
617 1969 635 2035 o‘
657 1969 831 2055 στρατηγὸς
850 1967 868 2035 d
888 1973 997 2054 μέγας,

288 2055 559 2128 Ἰοοστινιανείοις
578 2047 623 2118 uir
642 2057 677 2117 dr
698 2053 827 2136 χρόνοις
846 2053 1063 2138 στρατηλάτης

292 2135 372 2218 πρὸς
390 2139 498 2200 πᾶσαν
518 2138 746 2218 τετραμέρειαν
773 2139 830 2218 γῆς
851 2134 1044 2220 danaidum
1062 2137 1160 2220 νίκας,

290 2215 421 2301 ὕστερον
440 2219 551 2306 φθόνῳ
574 2223 766 2304 ιοφλωθείς,
788 2217 813 2282 di
834 2221 934 2300 τνχῆς
953 2223 1008 2300 τῆς
1031 2221 1177 2306 α’στάτον,

292 2301 424 2380 ἔκπωμα
446 2298 570 2377 ξύλινον
589 2303 713 2385 κρατῶν
739 2299 818 2381 ἐβόα
840 2303 882 2366 τῶ
902 2303 1013 2390 Μιλίηι

293 2389 472 2472 Βελισαρίρ
494 2377 605 2465 idaiae
628 2381 699 2448 diss
719 2388 763 2471 “d
783 2370 978 2489 στραὶηλάτη

291 2465 326 2531 dr
349 2466 430 2551 τύχη
453 2470 514 2549 μὲν
532 2468 690 2550 ἐδόξασεν,
710 2470 893 2549 αἰιοτοφλοῖ
908 2468 976 2529 dia
997 2466 1126 2551 φθόνος.

294 2543 386 2614 ἄλλοι
408 2550 490 2635 φασὶ
510 2552 574 2614 ταῖν
593 2553 750 2633 χρονικῶν
775 2549 817 2630 μη
836 2552 1044 2631 τυφλωθῆναι
1066 2554 1196 2617 τοῦτον·

291 2634 325 2709 ἐξ
349 2636 499 2712 ἐπιτίμων
520 2634 548 2697 d'
569 2653 681 2711 αιιμον
701 2630 844 2709 ἐσχάτως
864 2634 1041 2711 γεγονέναι·

292 2718 347 2779 καί
366 2713 463 2792 πάλιν
484 2717 530 2791 εἰς
551 2711 721 2799 ἀνάκλησιν
740 2714 832 2799 δόξης
850 2715 953 2779 ἐλθεῖν
975 2715 1139 2799 προτέρας.

291 2829 341 2887 bic
362 2826 528 2889 Belisara'us
544 2828 612 2889 daeo:
630 2848 771 2909 nragaur:

292 2910 463 2974 Iustiniani
476 2911 658 2993 temporibus
680 2913 823 2991 magister
841 2908 971 2970 militiae
1094 2908 1095 2913 ’

290 2995 325 3053 in
347 3014 464 3054 omnem
486 2994 601 3054 telbar's
622 2992 826 3077 quadrantem
848 2992 1009 3053 exacerbas
1029 2992 1177 3053 victorias

286 3078 391 3135 saltimo
411 3074 530 3135 bsvidia
549 3089 750 3154 excaecatio,
771 3096 790 3135 ο
798 3076 962 3152 Jbrtunam
983 3076 1177 3135 instabilem!

286 3160 433 3242 poculum
458 3158 587 3239 ligneum
609 3173 708 3218 teneras
729 3158 929 3219 exclamabat
948 3160 981 3218 in
1000 3158 1113 3235 Miltia,

291 3240 449 3301 Belisario
465 3243 609 3321 magistro
624 3243 755 3303 militiae
774 3241 890 3302 obolum
912 3240 993 3317 date,

289 3345 375 3407 qiam
383 3324 520 3401 fortuna
539 3324 660 3407 qrcidem
671 3324 789 3401 extulit,
811 3323 931 3384 invidia
944 3344 1016 3383 uero
1023 3322 1130 3405 privat
1149 3320 1255 3384 oculis.

289 3408 346 3467 alii
366 3408 571 3467 cbrurricorum
593 3409 755 3490 scriptores
777 3420 968 3468 excaecatam
987 3418 1111 3487 negant.-

292 3510 336 3550 ex
355 3490 507 3550 honoratis
525 3503 627 3551 autem
645 3502 796 3572 postremo
817 3490 964 3567 irffamem
973 3490 1114 3566 sarnam,

289 3586 379 3656 atqtoe
403 3572 514 3633 iterum
532 3588 673 3656 reparata
696 3572 800 3655 priori
825 3585 919 3715 sor-ted
927 3572 974 3631 ad
1000 3570 1117 3651 gloriae
1138 3568 1258 3632 cainaea

863 3676 896 3715 re
918 3676 996 3714 aisse.

249 3760 332 3823 Ibbi.
355 3759 403 3823 19.
445 3754 569 3844 ἔφθασε
589 3759 626 3821 δὲ
646 3756 702 3820 καί
720 3756 849 3839 Πέτρος
877 3752 895 3819 d
918 3752 1102 3839 μᾰγισιρος]
1126 3758 1189 3821 eius
1213 3758 1258 3820 ic.

187 3844 324 3906 ationem
345 3845 411 3908 iuss
427 3845 615 3929 descriptam
632 3843 662 3903 in
676 3844 828 3925 excerptis
849 3844 1012 3906 Menandri
1029 3842 1175 3905 exhibent
1195 3840 1257 3923 ipsa

165 3866 427 4011 delegationibus
449 3936 594 4011 excerpta
618 3926 762 3989 editionis
779 3928 903 4010 Regiae,
926 3948 996 4009 pag.
1014 3920 1084 3999 140,
1111 3945 1172 4008 qua
1196 3924 1259 3987 sair

163 4009 239 4093 περὶ
258 4008 467 4091 τὸνβασιλέα
488 4006 611 4093 byzacii
630 4010 827 4072 celebratur:
850 4011 889 4072 de
910 4011 1020 4072 eodem
1040 4006 1159 4071 Suidas.

245 4132 319 4213 ³71,
342 4136 369 4197 1.
407 4130 633 4218 Ἑρμηχιόνων]
654 4131 860 4219 Theophanes
881 4134 1044 4219 Byzantius
1061 4130 1147 4217 apud
1168 4130 1255 4196 Pho-
