3050 4900
292 321 367 400 438
652 331 694 394 su
722 327 1000 395 mmrrrsuur

292 479 443 546 sontum
483 479 590 549 debent
610 486 663 569 qui
682 486 815 546 stomin
834 482 939 544 media
961 483 1030 544 αιίε
1049 479 1119 542 uias
1139 490 1292 561 augustas,
1315 499 1379 538 mo-

292 563 544 713 ilpiii‘iuiricilisi
565 567 681 632 literas
702 570 884 651 relinquere.
907 563 1080 644 μονὸπατος
1102 563 1208 646 itaque
1229 562 1381 624 uPalatio

379 757 450 837 986,
473 757 502 818 7.
544 754 763 840 ἶλλουστρίων]
784 757 977 819 Pancirollus
1001 755 1032 816 in
1054 753 1145 816 notit.
1168 754 1241 836 imp.
1274 757 1383 836 cap.2

295 843 325 904 in
349 843 423 905 duas
445 841 549 908 classes
578 849 698 902 senatus
727 842 824 902 dividi
856 841 977 922 coepit,
1003 839 1179 916 illustrium,
1200 846 1231 898 et
1252 837 1385 898 clarissi-

295 946 438 995 morum
458 925 491 986 lsi
507 924 642 1006 patricii,
662 925 795 986 illustres
817 923 878 1000 ulii,
899 932 1054 986 senatores
1068 923 1226 983 minorum
1235 922 1383 1004 gentium.

295 1010 412 1072 Basilio.
433 1009 533 1090 eclog.
557 1005 586 1068 7.
610 1001 640 1079 oi
660 1000 722 1066 sini
748 1010 928 1084 πατρικίων,
950 1005 1008 1079 ἓως
1031 999 1234 1082 lltoucspr‘cov
1255 1003 1334 1066 εἰσὶν
1352 998 1385 1065 οἱ

295 1085 500 1173 συγκλητικοί.
540 1103 688 1151 senatores
718 1113 738 1150 a
760 1091 904 1173 patriciis
934 1091 981 1150 ad
1006 1090 1135 1148 illustres
1164 1109 1254 1171 usque
1279 1109 1385 1150 nome-

297 1187 412 1235 runtur.
455 1175 572 1258 glossae
592 1173 710 1234 Basilio.
734 1169 940 1252 ἰλλοῦστριος,
962 1164 1097 1250 εὐγενής.

300 1363 308 1378 ⁸
333 1281 461 1380 ..M
487 1282 534 1343 10.
575 1279 717 1360 tortum
746 1280 852 1359 γέγονε
882 1275 1011 1358 δρόμος]
1035 1277 1176 1362 Agatlsias
1199 1276 1251 1340 lib.
1273 1278 1292 1338 5
1313 1288 1386 1362 post

300 1375 463 1532 'muzirim
487 1469 535 1532 15.
589 1463 784 1549 Θεοδῶραῆ
818 1464 1040 1550 εὐσεβεστάτη]
1071 1466 1201 1530 videnda
1233 1491 1313 1552 qnae
1346 1469 1389 1532 de

295 1553 485 1639 Pythiorum
505 1555 592 1638 aquis
612 1555 793 1616 scribuntur
812 1553 845 1612 iu
864 1553 944 1613 notis
966 1550 1004 1612 ud
1029 1573 1144 1614 anuum
1165 1552 1322 1616 Iustiniani
1335 1549 1387 1615 37.

383 1676 493 1755 987,1.
536 1677 680 1756 Πρίσκος
700 1665 860 1758 elinowe]
882 1675 906 1737 is
927 1673 1051 1736 videtur
1065 1676 1239 1756 Emeseuns,
1261 1675 1300 1739 de
1322 1698 1387 1761 quo

298 1760 407 1824 scidas
428 1783 457 1821 v.
488 1759 649 1840 Πρίσκος,
670 1759 814 1837 nornine,
845 1767 990 1821 notarum
1017 1761 1248 1840 experimento,
1270 1763 1387 1822 eteius

297 1865 401 1926 poeou
432 1845 526 1906 talem
556 1844 771 1904 asserentibus.
830 1844 988 1904 cousulens
1023 1863 1094 1904 euru
1124 1863 1186 1904 non
1216 1853 1388 1926 agnoscunt

295 1929 392 2005 Fasti,
413 1948 512 2012 quare
536 1921 571 1987 ro*
594 1919 725 2003 ὕπατος,
746 1923 795 1986 rel
817 1927 881 1986 eius
903 1936 948 1986 est
969 1935 1220 2008 cognomentum,
1241 1927 1290 1988 vel
1310 1949 1390 2010 pro-

297 2009 418 2071 missum
439 2030 476 2071 oc
500 2009 686 2090 designatum
710 2011 858 2071 duntaxat
875 2006 1055 2091 (lignitatem
1075 2011 1224 2073 enuntiat.
1275 2012 1387 2072 viden.

301 2093 356 2154 dus
378 2094 528 2153 Batonius
549 2092 588 2153 ad
616 2116 666 2154 su.
688 2091 749 2156 585
779 2115 899 2156 anum.
924 2090 963 2154 16
986 2090 1024 2155 ud
1046 2091 1096 2170 91,
1120 2093 1203 2176 apud
1224 2115 1316 2178 quern
1341 2093 1388 2155 lex

301 2174 340 2236 de
359 2175 776 2258 praescriptioucBelissurio
799 2175 1014 2252 consulente,
1037 2198 1120 2239 anuo
1142 2178 1282 2260 sequenti
1303 2199 1388 2240 ema.

301 2279 386 2320 nusse
405 2261 565 2336 censendo,
587 2271 660 2342 post
682 2282 812 2343 poenam
830 2259 976 2321 nimirum
999 2259 1105 2321 Prisco
1127 2259 1306 2343 irrogatam.

383 2368 464 2431 ibid.
478 2368 508 2428 5.
550 2360 696 2446 γεγόνασι
712 2363 926 2430 Ουάνδαλικοί
942 2361 1085 2446 πόλεμοι]
1109 2370 1280 2432 Marcellini
1293 2369 1389 2429 cliro.

301 2452 394 2513 nicon
418 2474 500 2512 anno
525 2452 683 2514 Iustiniani
703 2449 733 2527 7,
756 2453 863 2513 indict.
891 2453 938 2528 19,
960 2454 1128 2517 lustiniuno
1161 2455 1227 2538 ipso
1251 2453 1292 2517 tv
1312 2474 1391 2515 cou-

300 2534 375 2597 sule.
399 2536 521 2620 reliqua
543 2536 719 2618 Procopius
742 2536 780 2597 de
796 2535 854 2597 bel.
876 2535 979 2599 Vuud.
1002 2536 1022 2596 Ι.
1046 2540 1073 2597 1.

383 2658 465 2721 Ιῠίᾰ.
485 2656 518 2719 6.
560 2653 591 2719 oi
612 2655 673 2737 γὰρ
697 2656 887 2742 Ουἀνδῆλοι]
912 2682 946 2723 ex
963 2660 1114 2743 Procopii
1137 2660 1190 2723 lib.
1214 2661 1228 2722 1
1252 2659 1392 2723 debello

303 2741 475 2801 Vandalico
501 2752 646 2823 excerpta
666 2744 817 2803 narratio.

358 2848 467 2991 il’'Itbs'd.
490 2848 521 2910 8.
563 2848 595 2911 Γ
593 2849 803 2929 ογδιγίσκλου]
835 2850 1011 2934 Procopius
1040 2852 1167 2915 Latinus
1196 2850 1393 2937 Godigiscum

307 2948 356 2990 scr
390 2953 423 2994 1.
497 2980 500 2985 .

389 3038 471 3102 thid.
496 3037 547 3103 10.
586 3037 617 3101 Γ
615 3035 752 3121 ὀγδαρις]
776 3040 858 3103 idem
879 3044 1056 3106 Gontharis.

386 3142 460 3220 988,
485 3144 514 3207 l.
557 3142 736 3224 Au'oo'osos]
759 3149 850 3211 idem.
871 3154 1036 3215 Aerarium
1058 3152 1143 3230 (alibi
1165 3152 1340 3231 Abrasium,
1363 3160 1397 3215 et

304 3226 484 3305 Aurasium)
515 3250 599 3290 mons
630 3232 663 3291 in
684 3233 833 3293 Numidia
860 3236 916 3294 iter
941 3237 1058 3297 dierum
1090 3236 1131 3297 33
1162 3257 1185 3297 a
1210 3236 1396 3317 Carthagine

304 3312 429 3388 distans,
452 3332 493 3373 ac
512 3312 558 3372 od
575 3316 735 3377 meridiem
754 3328 899 3401 spectans,
919 3320 954 3379 iu
972 3341 1031 3404 quo
1044 3320 1200 3382 Mawusii
1217 3342 1239 3381 α
1259 3319 1394 3383 Vanda-

306 3394 345 3453 lis
365 3415 397 3455 se
417 3396 585 3458 tuebuntur.

388 3496 472 3559 lbtd.
493 3494 522 3556 9.
564 3494 594 3556 Γ
592 3494 759 3575 oriensis]
784 3499 1029 3563 Cnrndahundus.

390 3601 475 3663 Jbtd.
499 3601 528 3662 5.
575 3604 832 3690 Τρασαμοῦνδος]
853 3609 1093 3671 Trasamundus.

387 3700 470 3767 Ibid.
496 3701 544 3763 11.
583 3698 831 3786 Ἀμαλαφριὸἀ]
855 3708 1004 3773 videndus
1027 3709 1195 3772 lornandes
1216 3709 1268 3771 lib.
1292 3705 1398 3768 dore.

306 3784 364 3846 bus
386 3784 511 3861 Geticis,
537 3807 601 3869 quo
625 3787 850 3850 Amulutredum
872 3814 939 3853 eam
960 3792 1105 3877 appellnt.

309 3974 336 4029 G
361 3882 537 4037 “filt'tssblfii
574 3886 712 3964 Λύσιον]
739 3894 1058 3979 repoueLilybaeum.
1069 3892 1244 3975 Procopius
1261 3890 1395 3953 debono

339 3990 358 4029 o
413 4012 420 4028 .
459 3993 498 4030 ι,
541 4015 548 4031 ‚

393 4068 465 4145 989,
488 4070 519 4131 5.
558 4068 746 4149 Ἅμεργοῦς]
772 4075 873 4143 Aruer.

394 4169 475 4232 thid.
496 4170 543 4233 17.
585 4161 721 4257 Esiys'›1;[
741 4174 909 4257 Eusgenes.
