3050 4900
633 345 782 414 cuttu
1173 339 1248 416 443

115 582 121 594 ,
168 518 393 664 gnustoribns
414 534 585 606 nnnenpat.
626 524 712 590 hunc
733 547 809 612 ergo
830 547 911 610 pene
932 525 1139 610 desperatum,
1160 528 1253 591 etiam

193 627 211 666 e
234 602 403 667 traditione
425 627 480 668 sua
503 608 744 686 deliberantem,
764 613 857 674 Pelea
882 612 1095 686 subveniense
1114 613 1255 674 manibus

170 688 330 749 Sabiniani
357 687 490 770 eripuit,
518 711 641 776 suoque
669 696 736 777 regi
755 695 956 758 Theoderico
987 717 1057 758 cnm
1082 697 1254 773 gratiarum

169 771 293 834 actione
314 773 389 833 fecit
413 773 615 837 subiectum.''
662 779 730 839 exin
757 779 931 862 Procopius
965 779 1004 840 de
1035 779 1116 842 bello
1145 779 1254 844 Gotth.

171 855 226 916 lib.
252 855 268 916 l
294 853 435 917 nonnihil
459 868 579 921 remote
597 861 635 921 ab
655 861 756 921 initio.
777 861 948 924 “mnndum
966 862 1144 946 lllyriorum
1163 883 1255 943 prae-

171 939 288 998 lectum
310 938 342 999 iu
363 939 550 1002 Dalmatiam
585 943 769 1004 lastinianus
798 947 899 1022 misit,
924 946 1034 1006 Gothis
1055 954 1130 1008 tunc
1149 945 1258 1006 subdi-

171 1031 246 1097 mm,
266 1031 326 1083 etc.
367 1021 489 1085 hicetsi
507 1025 659 1088 barbarus
679 1049 803 1111 genere,
826 1029 991 1090 marimum
1008 1039 1108 1090 lamen
1130 1030 1161 1090 in
1186 1047 1256 1090 mo.

173 1103 247 1165 dum
271 1105 470 1188 imperatoris
493 1109 586 1172 rebus
607 1109 769 1191 studebat,
792 1120 824 1174 et
843 1112 925 1174 bello
947 1111 1141 1194 praevalidus
1162 1115 1257 1174 erst.’'

254 1211 325 1289 340,
346 1213 375 1274 5.
416 1215 471 1276 καί
498 1216 534 1278 ἐν
563 1218 608 1301 τῷ
634 1219 869 1298 παραγενέσθαι
889 1213 998 1298 αὐτόν]
1022 1219 1062 1282 (1ο
1080 1218 1189 1281 Mundi
1209 1217 1258 1280 ri-

172 1295 272 1357 ctoria
294 1298 434 1360 meminit
455 1301 650 1364 Marcellinus
671 1323 773 1365 comes
798 1304 829 1363 in
851 1303 1011 1364 chronico.

255 1405 337 1467 Ibid.
361 1405 409 1504 15.
452 1405 494 1492 τῷ
516 1406 858 1494 τεσσαρεσκαιδεκᾰτῳ]
881 1411 1018 1492 epitome
1038 1407 1189 1506 Procopii
1221 1405 1260 1471 de

179 1485 238 1546 heb
259 1488 344 1549 Pers.
367 1492 454 1553 lsb.2
474 1491 513 1553 ad
534 1491 680 1554 medium.
722 1493 964 1556 additamentum
981 1491 1161 1555 Marcellini.

256 1589 326 1672 342,
351 1597 380 1658 2.
422 1593 628 1681 Ἀβααδάζην]
650 1601 825 1686 Procopius
846 1601 1028 1664 Badaranes.
1278 1637 1283 1677 i

255 1693 339 1760 llid.
363 1697 413 1760 12.
455 1699 646 1763 πααολεῶαα
666 1695 811 1782 ἐπήξατο]
834 1702 959 1762 subitum
981 1697 1129 1782 lugru‘ium
1149 1718 1191 1758 ex
1212 1715 1261 1756 as-

172 1780 502 1944 fflbcugpicggttpactum,
521 1783 603 1869 quod
623 1785 825 1870 papylionem
846 1799 963 1849 νοοααε.
1006 1781 1136 1860 Gallice,
1156 1781 1261 1844 Hace.

258 1968 406 2047 344,12.
463 1971 641 2055 Οὕπίγην]
668 1968 820 2053 ’Ioiryeoe
847 1974 971 2056 scripsit
989 1974 1131 2056 saperius
1151 1977 1264 2034 aanor

172 2076 242 2138 pag.
266 2049 336 2131 174,
357 2057 397 2118 de
416 2077 481 2141 quo
509 2056 571 2118 alie
590 2059 623 2118 in
645 2057 739 2118 variis
760 2057 955 2121 lectionibus.

253 2162 334 2223 Ibid.
343 2162 393 2224 21.
436 2162 595 2241 Τιμοθέου
615 2159 801 2247 ἐπισκόπου]
820 2165 965 2225 nonnulle
988 2163 1093 2242 erbis,
1117 2185 1175 2226 nec
1193 2163 1264 2246 pari

173 2244 269 2307 modo
291 2257 418 2308 narrata
441 2247 594 2330 Euagrius
615 2245 705 2308 lib.4
726 2268 794 2328 cap.
818 2247 853 2308 11
874 2259 906 2311 et
920 2245 970 2313 36.
1012 2249 1159 2309 Severum
1182 2248 1265 2308 inter

176 2350 211 2388 ac
231 2329 382 2390 lulianum
405 2341 509 2392 ortum
532 2331 788 2406 controversiam,
817 2353 854 2392 nc
876 2332 938 2396 eius
960 2333 1121 2411 materiem
1145 2331 1264 2394 descri-

173 2412 223 2473 bit
240 2413 403 2476 Liberntus
424 2435 492 2498 cap.
518 2412 556 2477 19
577 2413 616 2477 ad
635 2415 741 2476 linem.

256 2522 328 2602 345,
349 2521 382 2585 9.
425 2522 571 2602 Παῦλον]
594 2524 748 2607 Euagrius
759 2522 892 2583 Zoilum.
916 2528 1029 2583 auctor
1049 2520 1115 2606 ipse
1136 2521 1168 2581 in
1189 2522 1262 2582 anni

174 2607 328 2689 sequentis
350 2609 501 2668 laterculo
521 2607 644 2667 Zoilum
666 2615 813 2670 recenset.

255 2715 336 2789 lem.
361 2713 409 2777 13.
451 2714 486 2779 ἐν
504 2714 582 2797 μηνὶ
593 2708 780 2799 Ὀκτωβράρ]
806 2710 889 2776 hanc
909 2712 991 2774 luem
1011 2733 1092 2774 anno
1112 2720 1261 2796 sequente

174 2799 295 2860 ltaliam
316 2798 484 2881 pervasisse
503 2807 657 2862 memoret
686 2796 929 2860 additamentum
950 2796 1143 2858 Marcellini:
1166 2817 1260 2879 quam
1366 2790 1369 2803 '

172 2902 232 2963 per
249 2882 425 2943 universum
448 2881 557 2944 orbem
583 2885 705 2946 incerto
728 2904 821 2943 cursu
851 2889 991 2963 vagatum
1014 2882 1154 2941 referunt
1178 2880 1260 2939 Pro-

172 2964 282 3048 copius
304 2965 343 3027 de
364 2966 584 3029 beiloPersicc
597 2967 650 3027 lib.
663 2966 693 3040 2,
719 2967 744 3026 Δ
766 2964 862 3027 athias
884 2964 966 3024 libro
990 2964 1111 3048 quinto,
1134 2962 1261 3023 etEun.

172 3050 256 3131 grino
277 3049 342 3110 eius
360 3058 519 3133 spectator
536 3049 590 3114 lih.
614 3050 637 3109 4
655 3068 723 3130 cap.
744 2988 796 3128 38,
816 3046 1009 3130 eandemque
1026 3046 1190 3109 Antiochia
1210 3066 1262 3107 ca.

174 3142 229 3215 pta
250 3133 378 3195 biennio
402 3134 609 3217 posteriorem
634 3133 759 3195 scribite
786 3132 837 3193 cui
859 3139 970 3194 auctor
990 3132 1154 3193 assentitur
1179 3150 1260 3191 anuo

174 3226 247 3279 ente
269 3227 463 3297 praesentem
485 3215 635 3281 secundo.
1278 3214 1282 3225 '

253 3323 335 3388 Ilm.
352 3320 399 3383 14.
442 3319 463 3402 ἦ
485 3318 668 3403 decucurri]
691 3342 836 3385 occursus
860 3320 1007 3384 dominici
1027 3320 1138 3381 festum
1160 3316 1261 3381 eccle..

171 3404 291 3469 siastica
313 3409 378 3491 lege
400 3406 431 3467 in
455 3406 626 3469 Occidente
646 3430 663 3467 a
683 3406 805 3469 Gelasio
828 3414 899 3467 unte
920 3427 1013 3467 annos
1034 3401 1075 3467 30
1110 3400 1263 3465 celebrari

171 3489 295 3571 iussum,
316 3490 517 3571 imperatoria
537 3498 692 3572 potestate
711 3510 771 3573 per
791 3490 953 3550 Orientem
988 3486 1145 3550 observari
1169 3506 1263 3569 prae·

170 3574 256 3657 oepit
274 3574 466 3657 iustinianus,
487 3574 527 3635 ob
550 3574 709 3636 liberatum
735 3571 861 3634 mortali
892 3574 942 3634 lue
964 3570 1023 3635 Cl'.
1045 3571 1088 3633 ila
1111 3568 1263 3631 Baronius

174 3656 207 3718 in
228 3657 310 3718 notis
334 3658 372 3719 ad
393 3668 523 3742 martyr.
544 3658 634 3719 Rom.

256 3755 337 3819 ltili.
361 3754 409 3819 16.
451 3752 567 3841 καὶτῷ
587 3754 765 3841 Αὐγούστῳ
783 3754 878 3837 μηνί]
899 3752 937 3817 de
958 3754 1050 3816 variis
1071 3762 1174 3815 terrae
1197 3772 1266 3812 mo-

174 3840 256 3902 libus
282 3842 342 3903 ΕΡ.
363 3843 452 3904 factis
473 3842 644 3925 Procopius
665 3838 755 3901 lila3
778 3840 914 3906 debello
934 3838 1121 3915 Gothorum,
1140 3842 1266 3919 etdga-

172 3924 251 3988 thies
273 3925 328 3987 lib.
350 3926 368 3987 2
390 3937 422 3988 et
445 3926 465 3987 5
487 3925 581 3987 variis
601 3924 687 3987 locis.

253 4030 325 4109 346,
346 4030 377 4095 4.
413 4028 619 4116 Ἐξουμιτοΐν]
641 4032 672 4093 in
696 4030 919 4096 relatinonibus
940 4026 1129 4110 Aethiopicis
1148 4025 1187 4087 ad
1210 4046 1266 4086 so-

172 4116 290 4178 cietatis
311 4118 378 4179 lesu
399 4118 575 4201 generalem
594 4138 678 4179 anno
702 4110 783 4178 1624
806 4116 884 4176 dalis
905 4114 1065 4176 scribitur.
1086 4110 1136 4172 die
1159 4109 1263 4193 primo

171 4198 329 4264 Fresucuc
352 4200 472 4265 deserta
492 4204 620 4283 lemn,
640 4222 721 4285 quse
742 4196 902 4283 quondam
922 4198 1054 4277 Aurum,
1077 4216 1094 4257 u
1115 4194 1178 4279 qu'a
1200 4198 1265 4256 Aa.
