3050 4900
609 374 759 439 notan.
1155 368 1228 443 465

138 554 282 611 uersatur
301 545 347 633 τῷ
377 542 490 627 χρόνον
515 550 681 629 τετραετῆ,
705 560 739 611 nt
762 550 846 621 enirn
871 546 985 631 χρόνος
1004 553 1137 637 antiquis
1150 568 1230 619 tem-

139 654 207 716 pus,
228 631 272 691 ita
293 630 452 693 modernis
474 652 588 691 annum
606 640 717 694 retert:
737 628 851 719 χρόνον
867 637 972 739 itaque
987 638 1134 720 τετραετῆ
1151 660 1231 721 qua-

143 714 280 775 driennii
297 728 411 797 tempus
432 716 586 797 antiquis:
616 710 728 794 χρόνον
748 726 852 779 antem
871 739 926 777 και
945 720 1053 798 τριετῆ
1073 723 1232 782 modernis

140 798 278 874 Graecis,
300 818 436 881 quorum
451 797 598 859 dialectos
613 798 675 859 iam
695 808 762 860 tum
777 800 974 883 Theophanis
988 802 1161 865 inoleverat
1181 826 1232 867 ae-

141 890 217 957 tate,
239 902 349 942 animm
371 901 481 960 mmm,
503 903 541 941 ac
558 882 668 943 deiende
697 885 862 945 meantum
888 883 1094 967 significahat:
1116 885 1231 971 idest,

144 984 242 1025 annos
263 970 424 1047 quattuor.

227 1078 367 1156 385,19.
420 1076 634 1163 λυμῄνασθαι]
656 1081 788 1163 negandi
809 1083 1001 1164 praepositio
1023 1080 1069 1164 μὴ
1091 1085 1233 1148 mihide-

143 1163 312 1224 sideratur:
337 1164 391 1223 nisi
418 1163 491 1223 veiis
515 1165 671 1225 Romanos
694 1166 864 1248 Persasque
884 1165 954 1227 ideo
979 1169 1009 1226 in
1032 1169 1234 1230 concordiam

144 1248 321 1309 convenisse
330 1294 341 1327 ‚
359 1246 441 1331 qnod
465 1250 565 1307 armis
590 1251 680 1331 qumi
696 1250 894 1311 communibus
924 1250 1045 1313 Orienti
1064 1257 1232 1315 vastitatem

142 1332 329 1393 intulissent.-
351 1330 437 1413 quod
459 1330 635 1391 ridiculum.

225 1442 296 1521 386,
321 1449 348 1511 1.
390 1436 407 1503 si
430 1444 491 1506 ταῖν
512 1446 650 1527 Περσῶν
675 1441 840 1525 βασιλεύς]
869 1447 1021 1531 Euagrius
1043 1449 1158 1512 iterum
1178 1451 1232 1513 lih.

145 1530 276 1611 beapp.
299 1527 338 1594 ta
359 1538 391 1590 et
414 1532 462 1593 15.

224 1642 297 1713 387,
321 1644 351 1706 8.
398 1645 539 1725 Τιβέριος
561 1646 816 1719 Konstantiana]
837 1644 1005 1719 Ἰουστῖνος
1026 1643 1152 1729 ἐποίησε
1177 1652 1232 1709 Tr.

141 1728 248 1809 βέριρν
271 1728 424 1807 Καίσαρα
450 1723 667 1804 μετονομάσας
688 1723 786 1791 αὐτὸν
812 1729 1059 1791 Konstantiana.
1103 1732 1235 1795 Iastium

146 1812 303 1873 Tiberium
324 1809 617 1890 caesenatenses,
638 1827 666 1873 et
682 1812 905 1873 Constantinum
924 1817 1102 1877 nominauit.
1121 1812 1212 1878 idem.

231 1943 311 2009 thid.
336 1940 385 2003 10.
436 1938 636 2025 ἐτελεύτησεν
667 1936 836 2021 Εὕτῦχιος]
856 1946 1044 2028 Eutychium
1066 1948 1127 2009 CP.
1151 1948 1234 2008 anti.

140 2025 244 2087 etitem
264 2027 393 2087 Tiberio
427 2025 601 2107 imperante
628 2026 808 2089 defunctum
828 2040 939 2110 aperte
957 2031 1100 2093 scribunt
1120 2031 1234 2091 Eusta-
1364 2106 1369 2112 ἱ

140 2108 222 2170 thius
242 2110 273 2169 in
294 2111 357 2169 eius
377 2107 440 2168 vita
462 2110 545 2191 apud
559 2107 686 2185 Surium
709 2108 844 2192 6April.
865 2122 898 2173 et
913 2113 1083 2197 Gregorius
1105 2136 1234 2198 magnus

140 2192 252 2253 moral.
277 2192 308 2252 in
330 2192 395 2252 lob.
413 2191 469 2252 lib.
492 2186 533 2253 14
552 2214 642 2275 capp.
666 2191 705 2253 31
728 2203 759 2255 et
779 2191 830 2256 31.
885 2217 983 2278 quare
1004 2198 1175 2259 Beroninm
1194 2196 1233 2258 nd

140 2276 282 2337 Mauritii
303 2298 399 2335 annos
422 2275 486 2335 eius
510 2275 631 2339 obitum
663 2274 812 2338 distulisse
833 2275 948 2341 miror.
990 2277 1157 2341 videndum
1177 2281 1233 2345 ni.

141 2358 271 2441 cephori
294 2358 479 2419 chronicon.
533 2406 537 2411 .

223 2481 308 2545 thid.
331 2481 379 2544 13.
422 2477 439 2542 ὅ
461 2479 497 2544 δὲ
510 2473 659 2559 honstede
676 2481 830 2560 Τιβέριος]
851 2483 1046 2556 Tiberianos,
1069 2483 1229 2547 sivaC0n.

138 2567 339 2628 stantinianos
359 2567 436 2628 istos
450 2564 659 2648 praetorianis
681 2566 896 2626 accensitosex
917 2567 1047 2626 restium
1068 2575 1101 2629 et
1121 2591 1230 2630 armo-

140 2671 213 2712 rum
236 2648 380 2710 distincto
413 2668 528 2732 genere
557 2666 702 2708 conscenso
734 2648 886 2710 arbitror.
937 2651 1106 2712 simocatta
1134 2650 1229 2712 iih.3

140 2753 208 2815 cap.
233 2732 283 2794 ih.
309 2731 453 2811 Τιβέριος
474 2729 658 2810 Μαυρύιιον
681 2728 852 2812 στρατηγὸν
872 2721 1133 2812 προστησάὶιενος,
1158 2729 1229 2796 τότε

139 2813 177 2894 δὴ
200 2815 262 2876 τῶν
290 2808 572 2898 σωματοφυλάκων
601 2813 658 2872 τοῦ
683 2813 840 2890 βασιλέως
866 2809 1046 2894 ἡγούμενον.
1091 2817 1228 2878 Tiberius

139 2899 329 2960 Mauriciano
356 2911 418 2958 tum
441 2895 705 2980 praetorianorum
733 2895 924 2980 praefectum
944 2898 1048 2959 dacem
1068 2902 1226 2979 consumit,

139 2990 199 3044 etc.
242 3002 321 3065 quae
353 2982 584 3062 subiunguntur
619 2976 703 3060 apud
731 2979 864 3041 eundem
883 2983 1023 3062 reperire
1043 2982 1117 3044 iicet
1137 3005 1226 3067 capp.

142 3062 181 3127 15
202 3074 234 3126 et
262 3063 309 3141 16,
331 3071 363 3125 et
380 3063 551 3145 Euagrium
570 3060 624 3122 lib.
647 3060 666 3121 6
688 3071 780 3145 capp.
806 3060 844 3123 19
865 3070 897 3125 et
917 3065 1126 3147 sequentihus.

219 3187 300 3253 Idid.
326 3187 373 3248 16.
418 3169 624 3264 medensium]
648 3187 690 3248 ita
712 3188 816 3248 cuncti
845 3185 938 3249 codd.
962 3187 1138 3250 correctior
1160 3191 1226 3251 eo-

138 3271 237 3348 dinus,
261 3264 475 3350 Φοιδερὰτους
495 3269 612 3331 scribit.

221 3378 303 3439 thid.
329 3375 377 3438 19.
432 3375 590 3447 πολιτείας
619 3382 663 3450 τε]
695 3376 820 3436 consule
836 3375 935 3436 varias
954 3375 1110 3439 lectiones.
1154 3378 1224 3440 vide

136 3463 257 3544 pariter
280 3461 319 3521 ad
340 3481 410 3543 pag.
438 3459 499 3520 116
534 3458 770 3520 annotationem
801 3458 983 3539 secundam,
1004 3481 1065 3543 qna
1086 3462 1224 3522 noie'sesu

138 3544 273 3628 regionis
296 3565 408 3606 nomen
431 3551 487 3604 est.
839 3575 842 3582 ·

218 3666 290 3744 388,
307 3667 338 3730 6.
378 3670 423 3752 τῷ
445 3665 472 3727 δ’
492 3660 670 3750 Αὐγούστῳ
700 3664 779 3744 μηνὶ
798 3658 858 3742 ιδ’]
880 3667 922 3726 ita
946 3667 1056 3728 chron.
1077 3665 1220 3728 Alexand.

136 3751 387 3836 Theophylactus
410 3751 579 3811 simocatta
600 3749 653 3809 tib.
669 3751 683 3809 1
701 3749 803 3832 cup.1
828 3761 859 3810 ct
882 3747 963 3812 litati
986 3770 1053 3832 cap.
1076 3749 1124 3828 18,
1137 3752 1220 3811 Eua·

136 3837 221 3920 grius
242 3836 328 3901 tino
352 3857 422 3917 cup.
443 3834 482 3894 11
506 3841 537 3895 et
557 3831 606 3893 13.

217 3959 296 4020 [bid
318 3958 349 4020 7.
393 3953 504 4038 φθίσει
524 3955 711 4036 παρέπεσεν]
744 3955 885 4016 ultimum
906 3955 1010 4016 morbi
1030 3955 1220 4036 conflictum,

133 4039 290 4206 μῙιεέζξνηςΙ
302 4039 409 4121 χολῆς,
429 4057 513 4102 atine
534 4041 613 4118 bilis,
636 4037 666 4100 ni
687 4039 838 4100 incessisse
855 4038 950 4100 docet
977 4037 1146 4103 simocatta
1166 4040 1219 4104 lib.

218 4231 298 4292 Ibid.
320 4229 351 4293 9.
394 4229 428 4291 ἐν
447 4227 728 4315 animaduersioni]
753 4227 925 4290 chronicon
946 4225 1090 4292 Alexand.
1110 4232 1219 4295 sca-ibit

226 4354 403 4428 Theophanes
423 4355 461 4409 11.
989 4350 1023 4404 30
