3050 4900
613 377 762 442 NOTAE.
1155 369 1228 445 4119

138 547 180 609 δι’
203 539 242 626 ἢν
263 541 370 607 αἰτίαν
389 542 610 624 παρελάβομεν
628 543 686 626 τὴν
707 543 893 626 ὅρθοδοξίαν
908 540 1061 608 ἐπιτελεῖν
1084 545 1122 630 τῇ
1144 543 1230 627 apoi-

138 653 176 714 τη
197 629 333 712 κυριακῇ
353 630 416 690 τόν
433 624 531 708 cirrhos
543 633 713 709 νηστειῶν·
733 630 772 691 ob
793 652 881 714 quom
893 651 1013 690 causam
1034 631 1231 693 orthodoxiae

137 713 349 774 celebritatem
372 711 479 796 prima
506 714 683 774 ieisosiomoa
716 727 884 774 sumturum
911 711 1061 774 domineco
1084 735 1231 797 peragere

139 799 313 875 accepimns.
336 795 559 879 aTyrophago
579 796 687 879 itaque
707 797 770 856 sive
793 797 959 857 acaseariu
981 795 1147 874 dominica,
1169 819 1232 858 nou

141 875 205 937 οἷπὸ
226 877 281 958 τῆς
299 873 456 957 οἷπόκρεω,
480 901 559 964 quse
581 881 769 961 praecedens
791 889 848 959 est,
871 888 904 941 et
923 880 1118 962 carnisprivii
1131 885 1232 942 Grue-

142 983 214 1020 cum
235 962 502 1042 quadragesimam
523 961 686 1026 exordium
713 983 834 1024 sumere
863 963 1019 1024 censebis:
1057 985 1128 1023 cum
1150 965 1232 1026 inter

140 1055 320 1128 utramque,
342 1067 437 1106 carne
451 1047 516 1107 sola
537 1045 711 1129 prohibita,
734 1047 826 1107 etium
847 1054 959 1131 quarta
980 1057 1126 1130 sextaque
1147 1047 1231 1109 feriis

144 1135 229 1209 (quas
249 1149 349 1190 canon
372 1131 560 1211 apostolicus
575 1127 615 1190 65
639 1130 754 1191 ieiunio
781 1127 913 1205 dedicat)
935 1150 1054 1190 acesco
1077 1151 1113 1191 ex
1135 1132 1232 1194 suncti

141 1211 311 1293 Nicephori
341 1211 539 1292 patriarchae
570 1213 760 1294 indulgentia
779 1213 928 1275 sumendo
948 1234 1010 1275 non
1031 1213 1088 1274 sihi
1110 1224 1232 1298 tempe.

142 1303 233 1369 rent,
256 1303 333 1355 teste
353 1294 531 1379 horologii,
561 1299 625 1358 sive
645 1297 748 1358 diurni
774 1317 862 1357 sacro
893 1307 969 1380 typo
992 1297 1024 1354 in
1048 1297 1232 1377 prothooria

144 1379 184 1438 ad
207 1388 294 1438 notas
316 1378 347 1436 in
371 1379 582 1477 Nicephorum
613 1404 630 1439 a
654 1379 781 1440 Petavio
805 1381 923 1478 relato:
953 1377 1070 1478 εἰδέναο
1098 1373 1231 1480 χρηιὸἐι

143 1461 183 1544 τῇ
204 1459 330 1538 τετράδι
357 1482 410 1522 και
436 1463 624 1546 παρασκευῇ
640 1461 695 1542 τῆς
724 1483 906 1546 τοροφογοο
929 1457 1006 1540 μετὰ
1030 1483 1085 1542 την
1105 1464 1233 1544 ἐννατην
1338 1496 1342 1505 ν

142 1541 292 1620 ἐσθίομεν
315 1540 413 1624 τυρὸν
427 1547 482 1606 καί
503 1540 561 1648 eici,
588 1543 640 1606 tet
662 1541 939 1622 rosic’luxodiruc,
956 1540 1011 1604 uui
1032 1544 1231 1626 τετραδίτας,

144 1623 224 1687 κατὰ
237 1621 293 1686 τὸν
305 1624 421 1688 κανόνα
430 1629 489 1690 τοῦ
499 1629 533 1692 ἑν
542 1629 639 1709 αγίοις
650 1623 767 1708 πατρὸς
780 1625 870 1707 ἡμῶν
884 1622 1069 1708 Νικηφόρον
1084 1629 1141 1688 τοῦ
1151 1629 1230 1689 ΚΠ.

143 1709 294 1770 sciendum
303 1712 397 1789 serra
417 1727 527 1797 quarta
546 1727 575 1772 et
589 1733 756 1797 parasceve
777 1727 846 1794 post
858 1715 1026 1773 caseariom
1046 1711 1232 1772 dominicam

141 1813 227 1854 nona
247 1793 342 1870 dicta,
364 1815 486 1856 caseum
504 1809 534 1856 et
554 1817 613 1856 ova
635 1815 688 1856 nos
706 1796 861 1855 comedere
878 1809 1003 1880 propter
1022 1792 1182 1870 Iacobitas,
1204 1808 1234 1856 et

142 1875 298 1936 tetraditas
319 1899 361 1939 ex
381 1901 494 1940 canone
523 1877 554 1939 S.
576 1879 613 1942 P.
643 1878 682 1938 N.
705 1878 869 1960 Nicephori
895 1877 1028 1962 episcopi
1059 1877 1124 1940 ΟΡ.
1147 1888 1232 1939 cete·

145 1978 216 2018 rum
237 1980 299 2041 qua
322 1963 444 2022 ratione
460 1984 604 2024 nurneros
626 1961 888 2044 quadragenarius
909 1963 1035 2046 mystice
1049 1969 1081 2020 ct
1100 1961 1232 2041 figurate

141 2041 174 2102 iu
197 2043 314 2103 ieiunio
333 2046 373 2105 sit
397 2046 601 2108 attendendus
633 2045 760 2127 exponit
787 2044 938 2122 Blastures
960 2044 1031 2106 loco
1050 2063 1144 2126 supra
1164 2067 1232 2107 me-

142 2134 279 2190 morato.

225 2225 296 2309 349,
318 2230 348 2296 8.
399 2229 593 2316 παρελήφθη
627 2231 647 2315 ἦ
674 2231 794 2318 Ῥώμη]
829 2231 1163 2297 Pseudo-Marcellinus
1191 2237 1233 2298 ad

142 2315 301 2376 Iustiniani
323 2338 437 2376 anuum
455 2317 642 2378 vicesimum.
688 2319 791 2380 Totila
806 2319 879 2380 dolo
902 2325 1076 2380 Isaurorum
1100 2319 1232 2400 ingredi·

138 2398 443 2462 anonomaston
468 2398 508 2461 16
527 2401 591 2463 hal.
615 2399 705 2464 lano.
726 2422 767 2463 ac
787 2406 894 2463 evertit
917 2423 1027 2477 meaos,
1047 2403 1147 2463 domos
1168 2403 1231 2463 oli·

138 2496 268 2563 quantas
287 2484 351 2564 igni
368 2484 554 2563 comburens,
575 2505 615 2545 ae
631 2506 732 2546 omnes
743 2486 948 2547 Romanorum
971 2506 1018 2545 res
1034 2487 1065 2545 in
1078 2485 1228 2567 praedam

137 2570 263 2649 occepit,
288 2578 348 2627 etc.
994 2602 995 2605 ¹
1103 2587 1107 2601 ·

221 2674 302 2736 ibid.
314 2671 343 2735 9.
384 2666 440 2735 soi
456 2670 475 2733 ὅ
496 2669 604 2746 adnue
617 2674 758 2751 Bryslcoc
771 2672 958 2752 παρεγένετο
971 2669 1005 2733 ἐν
1019 2672 1113 2757 lm]
1135 2673 1227 2739 idem.

140 2778 227 2841 papa
247 2756 379 2839 Vigilius
398 2759 543 2840 ingressio
561 2771 603 2819 est
623 2760 685 2819 ΟΡ.
707 2756 807 2819 81επ1.
828 2758 938 2821 Febris.

221 2864 304 2926 ibid.
326 2862 374 2926 1⁰.
417 2862 598 2944 ὑπισχνεῖτο
621 2870 722 2927 ποιεῖν
740 2860 867 2946 ἕνωσιν]
891 2864 1055 2927 Facundus
1083 2864 1227 2928 Hermia·

142 2947 240 3009 nensis
264 2958 375 3010 contro
390 2949 581 3010 Mocinnums
601 2952 742 3035 ηιισπίππε
763 2950 882 3009 occulta
906 2949 971 3009 eius
991 2964 1060 3011 onte
1082 2950 1227 3011 iudicium

135 3032 315 3115 pollicitatio
334 3032 497 3110 tenebatur,
521 3035 553 3094 in
570 3054 632 3117 qua
650 3053 683 3092 sc
703 3032 860 3117 spopondit
880 3032 985 3092 eadem
1009 3034 1145 3113 capitula
1165 3034 1226 3095 da·

139 3126 316 3192 πιποίιιπιαπ,
339 3124 398 3176 etc.
428 3115 517 3176 infra.
536 3116 576 3177 de
595 3117 686 3201 ipsius
708 3116 843 3199 episcopi
861 3116 994 3175 Rootani
1012 3118 1225 3199 chirographis,

136 3205 196 3257 etc.
217 3201 414 3258 necessarimm
442 3199 589 3259 ducimus
618 3222 677 3261 non
699 3212 820 3276 tacere,
843 3206 900 3259 ctc.
930 3198 1038 3259 eudem
1060 3199 1224 3259 Liberatus

137 3280 286 3341 breviarii
306 3302 375 3364 cup.
398 3280 447 3342 92.
647 3294 651 3303 “

216 3387 299 3449 lhid.
313 3388 362 3457 12.
404 3385 447 3463 ὥς
462 3387 656 3468 ἐπαρθέντα]
678 3390 850 3452 correctius
871 3386 1031 3467 ἐπαρθείς.
1073 3408 1163 3450 voces
1183 3389 1221 3450 ab

136 3472 294 3532 Anastasio
327 3473 358 3533 in
391 3475 542 3555 excerptis
579 3475 718 3536 omissae.
761 3474 867 3533 forsan
897 3474 934 3533 nh
959 3471 1064 3554 aliquo
1088 3470 1221 3533 additae.

134 3556 270 3616 suaviter
287 3556 548 3639 interpretandae.
589 3570 676 3617 tanta
694 3559 797 3619 animi
800 3556 931 3639 fiducia
944 3576 1021 3633 raro,
1044 3576 1079 3615 eo
1098 3576 1129 3615 se
1150 3558 1222 3617 ani-

39 3676 44 3681 ·
135 3658 186 3699 mo
205 3640 331 3701 erudit:
360 3642 435 3702 arleo
465 3642 618 3702 ammana
639 3655 691 3701 est.
743 3640 885 3721 displicet
906 3638 1023 3723 qnippe
1040 3659 1076 3700 ex
1098 3640 1220 3701 Graeco

134 3720 304 3803 Nicephori
328 3721 405 3786 haec
426 3723 541 3785 versio.
584 3745 618 3784 co
636 3724 812 3784 insolentiae
830 3744 1002 3807 progressas
1021 3735 1073 3783 est.

126 3847 128 3850 '
217 3832 298 3894 thid.
316 3829 366 3894 13.
408 3826 676 3913 ἅκοινιονησίσνὸ
694 3828 816 3913 μηνῶν]
842 3830 1003 3892 Facundus
1017 3828 1221 3892 Hermionen.

132 3912 172 3976 sis
194 3913 247 3981 tib.
267 3916 298 3979 4.
338 3916 394 3979 sed
411 3938 477 3978 ecce
493 3919 558 3975 ιἀπι
577 3916 700 3975 veniens
724 3936 767 3975 eo:
786 3916 890 3975 itinere
911 3914 1069 3995 (vigilius)
1090 3914 1174 3997 qood
1192 3916 1223 3975 ei

131 3997 290 4060 vedebatur
309 4002 417 4077 edixit,
438 4000 567 4077 etfacti
583 4000 667 4059 lusio
688 3999 807 4058 erectori
826 3998 986 4076 (hlennac)
1007 3998 1220 4059 correctionem

131 4083 343 4145 tumulumriae
370 4105 447 4145 suae
468 4082 705 4165 transgressionis
737 4080 861 4157 indicit,
886 4090 944 4142 etc.
965 4087 1076 4141 contra
1097 4078 1219 4141 Moeia.

134 4184 227 4226 nurus
245 4167 467 4252 propterquod
484 4168 553 4229 illos
575 4168 627 4248 qni
647 4164 756 4225 talibus
771 4166 1076 4239 commwsicacerant,
1095 4166 1220 4223 ueniens

131 4247 164 4305 in
187 4252 301 4329 regiam
322 4252 479 4311 civitatem
497 4272 519 4313 a
538 4250 740 4311 commuuione
756 4246 920 4333 suspendit.
975 4245 1124 4307 videndus
1147 4246 1217 4309 Sir-

238 4370 414 4442 theophanes
433 4372 473 4425 11.
985 4366 1020 4421 29
